3019 4681
567 415 1079 489 EPISTOLAE
1122 418 1258 487 AD
1306 416 1794 503 ATTICUM,
1844 417 2087 504 XIII,
2140 440 2253 512 29.
2359 417 2493 501 341·

273 531 291 540 ’
376 541 613 631 Nicia,
676 540 1061 612 incidimus
1118 541 1191 610 in
1248 538 1614 612 Talnam1.
1673 539 1801 611 Ille
1833 537 1937 611 'de
1985 541 2282 638 ingenio
2321 541 2506 612 nihil

376 653 594 727 nimis
629 679 645 722 ε
683 650 1093 725 modestum
1151 663 1224 722 et
1277 649 1487 746 frugi.
1525 648 1667 722 Sed
1713 649 1904 722 hoc²
1949 650 2129 720 mihi
2169 676 2318 723 non
2356 653 2508 750 pla-

379 763 549 836 cuit.
600 765 691 832 Se
740 764 920 832 scire
972 758 1207 831 aiebat
1231 814 1251 846 ‚
1302 757 1393 830 ab
1441 783 1530 830 eo
1575 782 1811 857 nuper
1859 760 2155 856 petitam
2199 758 2538 831 Cornifi-f

380 873 601 958 ciam,
645 871 734 958 Q.
773 868 991 940 filiam
1014 923 1036 958 ‚
1071 868 1389 940 vetulam
1426 892 1635 956 sane,
1675 882 1749 939 ct
1791 868 2180 939 multarum
2217 872 2506 968 nuptia-

262 1041 271 1048 .
377 1003 581 1064 rum3
616 1003 768 1051 non
804 1001 958 1051 esse
996 978 1385 1081 probatum
1424 975 1889 1064 mulieribuS,
1922 975 2125 1074 quod
2165 979 2263 1048 ita
2305 1003 2507 1077 repe-

379 1091 612 1164 rirent
630 1085 683 1173 ³,
726 1113 881 1160 rem
925 1113 1076 1160 non
1112 1089 1463 1184 majorem
1504 1111 1706 1158 nccc.
1745 1091 1902 1160 Hoc
1937 1090 2181 1185 putavi
2217 1101 2288 1159 te
2327 1089 2508 1158 scire

382 1212 741 1295 oportere.
792 1203 903 1269 De
946 1197 1175 1269 hortis
1214 1221 1303 1274 ex
1338 1199 1481 1268 tuis
1523 1195 1746 1268 literis
1786 1197 2126 1291 cognovi,
2169 1195 2513 1294 enchry-

382 1309 593 1404 sippo
616 1305 673 1379 4.
724 1312 809 1385 In
844 1307 1047 1397 villa,
1084 1308 1293 1410 cujus
1326 1306 1802 1388 insulsitatem
1839 1302 2028 1378 bene
2068 1331 2323 1378 noram
2346 1361 2366 1395 ,
2405 1311 2511 1379 vi-

382 1415 524 1488 deo
569 1416 749 1489 nihil
771 1413 826 1505 ⁵,
866 1434 1009 1490 aut·
1034 1440 1263 1518 pauca
1304 1430 1602 1488 mutata.
1641 1413 2051 1490 Balnearia⁶
2097 1431 2338 1495 tamen
2367 1417 2516 1490 lau-

383 1527 508 1599 dat
557 1529 874 1626 majora3
929 1528 1020 1601 de
1073 1527 1479 1599 minoribus
1539 1528 1637 1598 ait
1689 1525 1993 1597 hiberna
2047 1523 2234 1604 effici
2283 1550 2516 1624 posse.

383 1641 597 1716 Tecta
645 1641 865 1738 igitur
910 1637 1526 1710 ambulatiuncula
1577 1634 1909 1709 addenda
1959 1651 2117 1708 est:
2165 1661 2380 1734 quam
2436 1653 2520 1710 ut

380 1762 654 1821 tantam
711 1748 1095 1835 faciamus»,
1154 1762 1497 1848 quantam
1559 1751 1636 1817 in
1700 1745 2110 1818 Tusculano
2167 1744 2513 1835 fecimus,

383 1881 617 1958 prope
653 1857 954 1934 dimidio
991 1860 1291 1930 minoris
1328 1857 1692 1930 constabit
1730 1859 1870 1930 isto
1907 1857 2096 1928 loco.
2131 1854 2246 1928 ‘Ad
2281 1856 2351 1927 id
2387 1883 2513 1928 au-

386 1978 533 2035 tem
558 2019 578 2054 ,
619 1962 820 2061 quod
854 1964 1191 2036 volumus
1215 2019 1234 2054 ,
1283 1960 1599 2061 ἀφίδρυμα
1618 1975 1674 2052 ⁷,
1717 1961 1897 2033 nihil
1935 1965 2174 2060 aptius
2207 1961 2519 2052 videtur,

386 2098 610 2171 quam
663 2073 909 2160 lucus»,
976 2100 1195 2172 quem
1266 2099 1402 2172 ego
1460 2097 1719 2146 noram
1765 2097 1782 2139 ε
1840 2069 1969 2144 sed
2033 2068 2522 2144 celebritatem

394 2183 669 2255 nullam
724 2199 881 2255 tum
946 2183 1305 2273 habebat;
1356 2210 1556 2256 nuuc
1607 2182 2280 2256 audio-maximam.
2326 2182 2516 2254 Nihil

390 2303 530 2379 est,
566 2288 769 2388 quod
806 2315 941 2391 ego
987 2291 1253 2363 malim.
1290 2297 1376 2364 In
1414 2291 1556 2364 hoc
1591 2295 1699 2363 τὸν
1742 2273 1976 2379 τύφον8
2018 2318 2134 2386 μου
2171 2293 2324 2387 πρὸς
2363 2291 2510 2361 Θεῶν

388 2400 871 2494 τροποφόρησον.
919 2398 1307 2495 Reliquum
1348 2412 1490 2485 est,
1530 2398 1588 2467 si
1630 2394 1972 2467 Faberius
2005 2394 2218 2467 nobis
2251 2420 2522 2467 nomen

388 2505 571 2579 illud
608 2509 951 2606 explicat,
986 2509 1139 2579 noli
1179 2532 1531 2605 quaerere,
1568 2508 1841 2603 quanti.
1878 2504 2240 2576 Othonem
2277 2507 2523 2579 vincas

388 2616 581 2689 volo.
620 2622 766 2690 Nec
799 2632 1039 2689 tamen
1075 2618 1552 2689 insaniturum
1587 2615 1790 2687 illum
1814 2614 2050 2713 'putot
2084 2639 2297 2687 nosse
2325 2618 2518 2687 enim

388 2724 565 2797 mihi
612 2725 981 2798 hominem
999 2724 1269 2798 videor.
1284 2730 1388 2796 Ita
1410 2725 1593 2796 male
1616 2739 1860 2796 autem
1877 2724 2094 2797 audio
2111 2728 2351 2823 ipsum
2365 2750 2518 2799 esse

396 2849 780 2908 tractatum
796 2844 853 2924 9,
914 2849 1000 2906 ut
1036 2834 1219 2905 mihi
1250 2834 1371 2906 ille
1399 2848 1686 2932 emptor
1720 2859 1872 2904 non
1911 2845 2136 2905 esse¹⁰
2171 2834 2517 2907 videatur.

391 2944 591 3037 Quid
645 2945 889 3017 enim?
928 2946 1431 3042 pateretur¹¹?
1482 2943 1611 3017 sed
1667 2942 1845 3041 quid
1897 2946 2420 3041 argumentor?
2462 2948 2522 3019 si

468 3164 513 3197 x.
540 3114 763 3198 Talnam.
786 3144 983 3200 schiitz.
1000 3150 1135 3198 malit
1155 3148 1413 3208 Thalnam,
1501 3148 1704 3207 neribus
1719 3182 1734 3206 ,
1772 3159 1865 3197 etc.
1887 3168 1910 3192 ι
1947 3144 2120 3201 Minus
2139 3159 2286 3197 recte.
2306 3152 2355 3199 J.
2376 3152 2438 3199 V.
2467 3152 2523 3200 L.

391 3243 538 3292 quam
546 3228 834 3292 scripturam
849 3228 981 3277 sestis
1000 3228 1293 3293 Capitolinis
1302 3244 1415 3276 con-

390 3304 573 3355 firmari
597 3306 733 3353 dicit.
760 3308 853 3355 En.

468 3401 515 3435 a.
542 3384 643 3432 Sed
658 3384 751 3433 Ιιοσ
774 3383 895 3433 milii
910 3420 927 3443 ,
958 3396 1055 3434 etc.
1071 3384 1262 3449 Nempe
1279 3385 1415 3449 qnod

392 3464 628 3530 sequitur.
650 3466 743 3513 En.

466 3544 520 3593 3.
539 3544 727 3593 Ernest.
748 3545 877 3606 conj.
898 3545 1195 3609 reperissem.
1220 3546 1264 3595 J.
1277 3546 1343 3593 V.
1358 3547 1413 3592 L.

466 3632 517 3679 4.
548 3622 824 3689 Chorsippo.
868 3622 1263 3672 Architecto.Ad
1297 3624 1411 3675 Div.

390 3703 515 3760 vn,
544 3708 629 3758 ²4·

466 3780 515 3828 5.
534 3780 663 3829 Ante
682 3780 953 3830 Victoriam
968 3779 1221 3845 legebatur
1234 3801 1261 3824 ι
1272 3780 1417 3829 video

393 3858 519 3908 nihil
538 3872 623 3907 aut
658 3876 888 3925 paucam,
920 3870 1005 3909 aut
1022 3870 1078 3908 ut
1104 3857 1344 3907 balnearia
1364 3880 1410 3908 υ.

394 3938 625 3998 Multum,
653 3949 709 3987 ut
732 3940 832 4000 jam
860 3938 1098 4000 diximus,
1131 3938 1275 3988 debet
1294 3939 1416 3988 Tul-

394 4017 490 4067 lius
517 4017 666 4067 docto
690 4019 819 4069 viro.
848 4022 901 4069 J.
920 4022 986 4069 V.
1005 4021 1064 4069 L.

470 4096 523 4146 6.
543 4096 676 4145 Olim
698 4098 1131 4163 interpungebatur
1155 4098 1253 4157 sic,
1278 4096 1419 4145 «bel-

398 4176 558 4232 μοιτί.
588 4186 749 4225 temen
786 4178 981 4237 lauden
1023 4180 1205 4241 majora
1234 4176 1297 4225 de
1328 4177 1420 4225 mi-

1573 3242 1624 3289 ·7.
1644 3214 1920 3294 Ᾰφίδρυμα.
1948 3226 2210 3286 Sacellum,
2233 3228 2415 3277 fanum.

1573 3309 1623 3356 8.
1649 3304 1739 3357 Τὸν
1756 3306 1913 3372 τὺφον.
1935 3306 2170 3355 Imolenti
2191 3316 2240 3354 et
2260 3323 2398 3356 venae
2423 3324 2526 3357 am-

1501 3385 1679 3435 bitioni
1712 3403 1857 3448 meae,
1874 3402 1963 3451 per
1980 3388 2110 3435 Deos
2126 3420 2142 3447 ,
2177 3386 2390 3451 indulge.

1575 3480 1624 3528 9.
1661 3466 1818 3515 Male.
1839 3502 1853 3515 .
1875 3498 1888 3511 .
1942 3480 2038 3513 esse
2081 3476 2354 3513 meatum.
2402 3469 2528 3531 Qun

1503 3543 1650 3591 suerit
1675 3543 1780 3591 haee
1805 3543 1980 3604 injuria
2007 3542 2196 3591 Othoni
2235 3542 2390 3602 illata,
2425 3560 2530 3594 non

1503 3632 1712 3671 constat.
1741 3623 1932 3671 Ernest.
1954 3620 2016 3669 de
2048 3620 2228 3669 damno
2243 3622 2529 3686 pecuniario

1502 3700 1760 3750 intellexit.
1794 3702 1892 3750 En.

1581 3796 1658 3831 ιο.
1692 3782 1802 3829 Non
1822 3796 1938 3830 esse.
1967 3784 2192 3830 Futurus.
2211 3783 2445 3833 Conna».
2460 3812 2531 3823 -

1503 3864 1712 3909 Faernus
1737 3878 1800 3909 ex.
1824 3860 2029 3924 antiquo
2052 3859 2206 3922 libro,
2229 3878 2372 3911 «nun
2387 3880 2531 3929 posse

1502 3956 1607 3989 esse
1627 3938 1900 3988 videatur..
1919 3940 1972 3988 J.
1990 3941 2058 3989 V.
2072 3942 2128 3989 L.
2155 3953 2190 3971 ’-

1580 4034 1604 4066 1
1617 4032 1660 4067 ῐ.
1706 4022 1977 4067 Pater-etur.
2019 4017 2200 4068 Nescio
2240 4021 2360 4085 quid
2395 4020 2500 4069 fleri
2517 4058 2534 4081 ‚
2624 4059 2632 4066 .

1504 4097 1641 4163 quod
1691 4098 1903 4146 nummis
1949 4097 2184 4147 redimere
2232 4110 2400 4164 posset
2431 4134 2448 4161 ,
2494 4100 2535 4148 si

1506 4192 1732 4227 nummos
1753 4177 1986 4227 haberet?
2012 4179 2062 4228 J.
2094 4181 2150 4225 F.
2173 4172 2410 4227 Gnonov.
