3019 4681
529 353 620 428 56
719 329 733 342 ’
1111 357 1212 424 Μ.
1264 357 1344 424 Τ.
1397 356 1973 426 CICERONIS

625 483 689 550 O
730 501 886 548 rem
921 473 1372 564 difficilemss,
1402 475 1763 575 planeque
1794 474 2191 575 perditam!
2233 502 2457 574 quam
2484 475 2720 548 nihil

533 591 1013 686 praetermittis
1047 591 1123 657 in
1157 587 1458 658 consilio
1518 586 1757 658 dando
1788 585 1801 657 !
1865 612 2086 684 quam
2152 587 2333 658 nihil
2396 602 2719 673 tamen,

535 695 736 794 quod
783 695 917 768 tibi
965 696 1286 794 placeat,
1329 695 1681 794 explicas!
1730 702 1897 769 Non
1932 723 2087 770 esse
2144 723 2261 768 me
2314 723 2465 768 una
2506 721 2720 770 cum

532 809 882 905 Pompeio
925 805 1229 904 gaude53
1267 831 1350 877 ac
1385 808 1735 904 proponis
1760 861 1779 893 ‚
1824 833 2046 905 quam
2095 810 2185 880 sit
2229 824 2443 907 turpe
2484 863 2505 897 ‚
2566 831 2720 880 me

533 917 866 1004 adesse⁷‚
901 941 1130 1014 quum
1173 913 1349 1013 quid
1391 914 1484 988 de
1520 916 1646 987 illo
1694 916 2148 1007 detrabatur,
2202 941 2341 988 nec
2379 915 2487 988 fas
2524 941 2721 988 esse

534 1027 963 1127 approbare.
987 1032 1198 1100 Certe
1225 1041 1477 1097 contra
1503 1022 1774 1124 igitur⁸
1792 1029 1821 1098 P
1836 1029 1949 1100 Dii
1972 1083 1991 1116 ‚
2017 1028 2259 1126 inquis
2274 1082 2293 1112 ,
2328 1051 2717 1100 averrun-

540 1153 706 1210 cent
724 1149 779 1207 9.
811 1136 1006 1227 Quid
1039 1161 1211 1234 ergo
1230 1135 1388 1225 fiet,
1415 1137 1571 1208 siin
1596 1136 1823 1227 altero
1848 1137 2083 1211 scelus
2105 1150 2322 1224 ¹0est,
2343 1141 2416 1208 in
2448 1137 2715 1206 altero

542 1247 1032 1346 supplicium?
1083 1245 1519 1346 Impetrabis
1546 1300 1565 1334 ,
1617 1248 1895 1346 inquiS,
1940 1273 1981 1318 a
2025 1253 2303 1322 Caesare
2330 1301 2352 1336 ‚
2406 1260 2493 1320 ut
2548 1245 2717 1318 tibi

537 1355 785 1430 abesse
837 1359 1084 1446 liceat,
1141 1371 1213 1428 et
1259 1383 1412 1428 esse
1467 1359 1725 1446 otioso.
1776 1355 2345 1456 Supplicandum
2402 1357 2640 1452 igitur·
2676 1355 2715 1426 Ξ)

539 1465 1112 1564 Miserum.Quid
1130 1521 1149 1554 ‚
1169 1467 1230 1538 si
1257 1491 1408 1538 non
1426 1471 1815 1564 impeti-aro
1836 1467 1972 1538 ?Et
1988 1467 2079 1538 de
2106 1465 2483 1564 triumpho
2506 1467 2660 1535 erit
2684 1518 2709 1552 ,

541 1578 826 1675 inquis,
870 1578 1254 1674 integrum.
1301 1575 1641 1665 Quid‚'si
1690 1577 1831 1647 hoc
1878 1578 2055 1673 ipso
2102 1575 2439 1673 premar?
2478 1575 2711 1646 Acci-

543 1689 784 1787 piam?
841 1684 1021 1784 quid
1084 1684 1403 1760 foedius?
1457 1686 1796 1782 Negem?
1845 1684 2208 1781 repudiari
2265 1707 2339 1756 se
2400 1696 2651 1754 totum
2682 1736 2705 1770 ‚

547 1799 771 1895 magis
812 1801 1059 1886 etiam,
1092 1820 1312 1892 quam
1357 1795 1609 1868 olim¹.¹
1646 1796 1723 1866 in
1765 1820 1863 1864 xx
1898 1795 2173 1883 viratu,
2218 1791 2527 1892 putabit.
2588 1795 2709 1864 Ac

548 1907 732 1979 solet
754 1962 774 1999 ,
811 1931 1042 2004 quum
1080 1931 1156 1978 se
1202 1921 1495 2002 purgat,
1544 1907 1620 1976 in
1658 1929 1776 1976 me
1814 1902 2143 1976 conferre
2190 1928 2486 1975 omnem
2520 1903 2705 1994 illo-

553 2043 712 2088 rum
755 2031 1166 2114 temporum
1196 2015 1486 2113 culpam
1526 2043 1543 2086 ε
1586 2017 1681 2100 ita
1710 2039 1825 2098 me
1852 2013 1992 2101 'sibi
2026 2013 2242 2086 fuisse
2271 2015 2655 2084 inimicum
2676 2067 2703 2100 ‚

551 2141 637 2196 ut
675 2151 767 2214 ne
801 2125 1160 2219 honorem
1196 2126 1494 2222 quidem
1536 2151 1577 2196 a
1616 2149 1691 2196 se
1723 2127 2045 2222 accipere
2074 2123 2352 2194 vellem.
2393 2125 2704 2212 Quanto

552 2261 752 2308 nunc
776 2234 918 2310 hoc
942 2235 1136 2313 idem
1159 2237 1460 2333 accipiet
1486 2235 1847 2333 asperius?
1866 2248 2071 2306 tanto
2100 2233 2704 2330 scilicet‚quant0

558 2362 632 2418 et
661 2346 901 2419 honor
937 2346 1055 2418 hic
1091 2347 1214 2417 illo
1255 2363 1363 2417 est
1394 2346 1702 2444 amplior
1724 2399 1743 2433 ‚
1783 2361 1856 2417 et
1887 2348 2047 2443 ipse
2080 2344 2474 2417 robustior.
2508 2347 2703 2431 Nam

559 2456 762 2555 quod
799 2478 1018 2553 negas
1064 2471 1136 2527 te
1176 2456 1541 2545 dubitare,
1580 2457 1759 2553 quin
1809 2481 2068 2555 magna
2108 2457 2181 2526 in
2235 2452 2517 2527 offensa
2556 2455 2705 2525 sim

559 2564 754 2665 apud
785 2568 1205 2665 Pompeium
1249 2566 1390 2639 hoc
1433 2572 1761 2664 'tempore
1787 2577 1883 2655 ¹.²,
1922 2592 2073 2638 non
2110 2564 2321 2637 video
2359 2588 2651 2635 causam
2680 2619 2705 2653 ,

563 2702 696 2749 cur
735 2678 835 2746 ita
883 2679 1008 2763 sit,
1051 2676 1194 2749 hoc
1247 2675 1542 2773 quidem
1586 2690 1935 2773 tempore.
1992 2676 2139 2767 Qui
2178 2676 2374 2745 enim
2431 2674 2706 2745 amisso
2766 2710 2771 2713 ·

564 2785 890 2875 Corfinio,
937 2784 1254 2884 denique
1301 2788 1684 2859 certiorem
1730 2809 1846 2857 me
1898 2787 2009 2857 sui
2056 2784 2329 2857 consilii
2382 2782 2593 2871 fecit,
2635 2785 2705 2855 is

477 2978 483 2986 ,
566 2909 916 2997 queretur
939 2897 1400 2968 Brundisium
1429 2921 1547 2967 me
1570 2921 1726 2967 non
1756 2898 2067 3004 venisse,
2098 2920 2329 2993 quum
2359 2898 2551 2967 inter
2578 2918 2705 2967 me

567 3074 698 3107 mum
724 3056 1046 3115 conscendas,
1071 3058 1136 3105 nd
1165 3073 1336 3121 meque
1367 3057 1530 3105 venias
1542 3078 1585 3105 a.
1751 3074 1802 3119 7.
1850 3056 2051 3106 Adesse.
2096 3058 2157 3105 In
2194 3066 2386 3105 senatu.
2430 3054 2589 3120 Epist.
2638 3058 2671 3104 5
2692 3090 2709 3115 ,

567 3139 714 3189 sicet
732 3137 868 3186 alibi.
896 3138 1068 3186 (ἔπιεν.
1175 3154 1181 3161 ·
1215 3154 1222 3159 ·
1676 3134 1765 3183 lib.
1788 3138 1881 3183 IX.
1911 3135 2056 3185 Mne.

639 3218 688 3264 f».
717 3218 761 3265 0
799 3232 901 3263 rem
943 3214 1192 3283 dffcilem
1212 3220 1234 3262 Ι
1255 3216 1366 3265 Sch.
1393 3214 1589 3263 initium
1750 3217 1799 3262 8.
1822 3216 1999 3263 Contra
2024 3212 2185 3280 igitur.
2205 3214 2353 3263 Nunc
2368 3214 2519 3278 igitur
2534 3223 2707 3277 aperte

571 3298 688 3347 facit
714 3297 837 3344 aliun
862 3295 1096 3359 epistolae.
1115 3296 1260 3343 Putat
1279 3294 1357 3341 his
1393 3315 1418 3335 α
1435 3295 1593 3343 Etsi...
1680 3293 1859 3343 Caesari
1883 3308 2145 3357 repugnem
2162 3326 2176 3351 ‚
2212 3304 2261 3341 et
2295 3294 2349 3341 in
2379 3293 2705 3341 offensione-m

568 3378 802 3427 allatum»
825 3374 1106 3439 responderi
1137 3372 1272 3421 brevi
1299 3372 1452 3421 Attici
1489 3373 1593 3437 epi·
1678 3372 1784 3433 ejus
1805 3373 2063 3420 incurram.
2091 3372 2207 3419 Scu-

573 3457 710 3506 atolae
735 3472 800 3504 111
819 3470 974 3503 nonas
989 3446 1136 3511 datae}
1153 3468 1284 3501 nunc
1301 3463 1459 3501 nutem
1482 3452 1593 3501 ion·
1751 3468 1801 3515 9.
1822 3455 1855 3501 J
1856 3452 2026 3517 unius,
2050 3450 2327 3501 abnuerint.
2345 3454 2394 3501 J.
2404 3454 2468 3500 V.
2482 3452 2539 3499 1..

575 3536 702 3601 gion-i
749 3535 828 3583 die
865 3544 1062 3597 postera
1106 3532 1316 3595 scriptae.
1363 3533 1484 3579 Hac
1522 3532 1594 3578 vi·
1757 3550 1835 3581 ro.
1882 3533 2057 3581 Scelus.
2105 3532 2157 3581 Si
2196 3530 2423 3597 approbo
2446 3562 2462 3587 ,
2492 3544 2605 3593 qun
2633 3529 2711 3577 di-

579 3616 758 3665 dentnr
779 3610 1054 3661 confirmari
1079 3611 1222 3675 epist.
1253 3627 1315 3659 ιο
1341 3624 1356 3659 2
1394 3632 1418 3653 α
1439 3626 1592 3674 quum
1681 3624 1858 3662 cuntur
1880 3612 1935 3659 in
1972 3612 2273 3678 Pompeium.
2300 3636 2368 3646 -
2384 3608 2705 3673 Supplicium..

579 3710 696 3743 vero
715 3696 814 3756 iam
834 3706 1052 3755 angerer,
1086 3700 1136 3737 et
1164 3690 1381 3738 timerem
1404 3723 1420 3748 ,
1451 3700 1544 3739 etc.
1569 3712 1593 3731 n
1682 3692 1733 3739 si
1768 3700 1937 3738 contre
1971 3706 2086 3748 eos,
2127 3689 2211 3753 qui
2238 3690 2292 3735 in
2330 3698 2502 3735 senatu
2540 3686 2709 3753 detre-

577 3776 692 3824 Non
720 3784 880 3821 tamen
903 3770 1082 3835 probat
1105 3770 1157 3817 J.
1179 3772 1247 3819 V.
1277 3772 1332 3818 L.
1370 3780 1418 3817 et
1453 3780 1595 3835 putat
1678 3771 1799 3837 hant
1822 3804 1836 3830 ,
1858 3768 2114 3834 disputem.
2134 3768 2279 3815 Mur.

577 3854 882 3907 Ciceronem,
899 3860 1155 3914 postquam
1171 3848 1298 3897 hanc
1317 3850 1472 3915 ipsam
1490 3850 1595 3914 epi·
1758 3866 1776 3895 ι
1794 3864 1817 3895 1
1830 3884 1843 3896 .
1888 3846 2032 3897 olim.
2076 3844 2329 3896 Clodianis
2372 3843 2679 3909 temporibus
2694 3879 2711 3903 ,

579 3934 749 3981 stolam
793 3928 1000 3979 scribere
1037 3927 1362 3977 inchoa'viseet
1378 3964 1395 3988 ,
1429 3928 1595 3977 literas
1685 3940 1834 3991 quum
1874 3928 1926 3973 in
1962 3926 2127 3974 locum
2156 3923 2387 3973 Cosconii
2420 3925 2609 3972 mortni
2636 3932 2709 3971 est

575 4027 700 4077 quas
725 4006 1060 4073 exspectabat,
1079 4008 1414 4072 accipientem,
1431 4008 1597 4055 exch-
1684 4007 1935 4053 invitatus.
1958 4006 2054 4069 Ep.
2079 4018 2139 4053 ιο
2159 4040 2173 4064 ,
2192 4002 2279 4051 lib.
2300 4006 2366 4051 11.

573 4106 708 4141 mare
731 4104 744 4137 ε
775 4110 800 4130 α
823 4090 872 4136 Ο
895 4102 998 4135 ren
1027 4084 1310 4135 difficilem!
1338 4108 1364 4129 u·
1399 4087 1494 4154 lin.
1764 4100 1842 4155 ra.
1869 4086 1988 4133 fflec
2018 4082 2119 4132 duo
2142 4080 2293 4131 verba
2318 4080 2447 4131 delet
2472 4083 2707 4131 Faernus.
