3019 4681
406 291 545 362 282
1040 295 1137 364 M.
1186 296 1263 364 T.
1316 293 1873 366 CICERONIS

402 413 704 502 Cusinii‚
733 426 885 484 erat
910 412 1001 486 ad
1034 439 1151 488 me
1184 415 1437 488 allatus
1466 445 1485 488 z
1515 416 1642 488 sed
1673 417 1809 488 scis
1841 436 2079 487 aream
2101 437 2292 502 esse3
2322 415 2536 486 nulio

405 538 618 623 pacto
654 523 913 623 probo.
964 525 1228 599 Clodiae
1256 552 1427 599 sane
1450 528 1774 628 placent;
1812 523 1940 598 sed
1971 549 2125 598 non
2161 539 2344 624 puto
2376 550 2538 597 esse

402 634 707 706 venales.
750 639 859 707 De
900 636 1119 708 Drusi
1162 636 1391 709 hortis
1410 693 1430 724 ‚
1465 640 1797 736 quamvis
1847 632 1938 707 ab
1981 638 2072 706 iis
2115 632 2534 722 abhorreaS‚

404 757 489 814 nt
522 741 814 830 scribis,
856 757 1099 817 tamen
1136 769 1226 817 eo
1254 745 1706 846 confugiam,
1744 744 2108 844 nisi'quid
2145 746 2529 816 inveneris.

407 849 804 926 AEdificatio
846 879 962 925 me
1005 882 1159 928 non
1209 872 1453 930 movet
1503 885 1520 930 z
1575 857 1756 930 nihil
1807 859 2003 929 enim
2055 853 2251 926 aliud
2305 853 2532 926 aedifi-

404 956 621 1048 eabe,
664 960 804 1030 nisi
836 959 911 1031 id
932 1015 953 1048 ‚
989 961 1191 1060 quod
1216 965 1465 1053 etiam,
1488 968 1550 1037 si
1583 965 1745 1037 illos
1773 988 1924 1034 non
1954 960 2305 1034 habuero.
2337 967 2540 1057 Κῦρος

302 1101 311 1114 ·
404 1061 481 1154 δ’,
516 1076 586 1135 ⁸⁷
606 1119 628 1153 ,
672 1065 847 1136 mihi
880 1068 986 1137 sic
1016 1067 1317 1164 placuit,
1342 1085 1423 1141 ut
1448 1085 1688 1144 cetera
1707 1068 2192 1156 Antisthenis,
2223 1067 2540 1138 hominis

406 1177 601 1248 acuti
642 1178 901 1274 magu,
945 1202 1167 1276 quam
1194 1179 1477 1252 eruditi.

406 1336 522 1386 tulit
546 1339 595 1386 J.
608 1337 677 1388 V.
695 1339 755 1387 L.
790 1348 907 1403 post
943 1339 1185 1405 mongalt.
1226 1337 1327 1389 Alii
1348 1341 1435 1390 ha-
1522 1341 1745 1391 nathanis
1768 1339 2110 1389 continebatur
2132 1375 2148 1401 ,
2189 1339 2312 1388 alter
2346 1335 2541 1400 quinto.

408 1415 530 1466 bont
548 1415 865 1468 Publicanum.
893 1419 991 1468 En.
1523 1425 1694 1485 ltaque
1725 1433 1984 1483 numque
2009 1429 2197 1469 tomum
2219 1419 2392 1468 Cicero
2427 1431 2548 1481 gm-

486 1513 537 1558 7.
575 1499 726 1562 Κῦρος
754 1489 823 1556 ὃ,
850 1513 889 1545 ι.
933 1499 1180 1562 Diogenen
1220 1499 1437 1548 Laertius
1525 1502 1596 1549 cis
1615 1501 1768 1549 liten's
1791 1535 1808 1560 ,
1839 1515 1975 1548 more
2005 1501 2318 1556 Grecorum,
2341 1496 2547 1544 notavit.

416 1575 755 1624 Antisthenen
784 1576 1026 1642 Cynicum
1052 1578 1200 1625 refert
1235 1577 1362 1626 dnos
1382 1578 1441 1626 li·
1523 1579 1704 1628 Scribit
1737 1594 1854 1642 ergo
1879 1578 2064 1643 Cyrum
2104 1575 2265 1641 quarti
2299 1585 2350 1623 et
2381 1574 2546 1638 quinti

410 1653 530 1704 bros
547 1654 667 1719 Cyri
692 1655 891 1704 nomine
923 1657 1223 1722 inscriptio·
1242 1691 1258 1716 ,
1312 1673 1440 1721 quo-
1527 1658 1650 1706 tonii
1701 1657 1772 1706 ita
1817 1657 1913 1706 nihi
1967 1655 2208 1722 placuisse
2231 1690 2246 1716 ‚
2291 1663 2346 1702 ut
2387 1661 2548 1700 cetera

412 1748 523 1780 rum
556 1749 683 1782 unus
720 1744 896 1799 quarto
934 1745 1073 1784 tomo
1104 1752 1311 1800 operum
1334 1740 1439 1786 An·
1525 1735 1849 1786 Antisthenis.
1873 1737 1990 1785 130⁸.

415 1891 811 1916 mm·

1182 1897 1273 1918 m

1551 1891 2552 1918 wmmmmmmm

948 2051 1536 2132 EPISTOLA
1587 1987 2015 2132 xxxix,

417 2225 672 2288 Remittit
692 2228 888 2288 Attico
922 2230 1149 2303 literas,
1179 2229 1289 2288 nisi
1322 2228 1465 2308 quid
1496 2247 1734 2288 necesse
1769 2225 1945 2286 fuerit
1971 2223 2321 2284 exscribere.
2351 2222 2552 2301 (Astu-

930 2347 1039 2401 rae,
1063 2348 1215 2387 anno
1236 2331 1315 2388 U.
1342 2331 1405 2388 C.
1436 2327 1552 2401 708
1571 2370 1588 2399 ,
1619 2344 1818 2385 mense
1843 2323 2041 2396 maio.)

1085 2472 1401 2538 CICERO
1446 2470 1770 2535 ATTICO
1815 2468 1881 2533 S.

524 2620 1017 2688 Turbamus
1054 2616 1145 2687 ad
1176 2640 1293 2688 me
1330 2638 1564 2713 quum
1598 2614 1754 2684 sine
1788 2610 2012 2681 literis
2047 2609 2191 2678 tuis
2215 2605 2558 2687 venisset,

428 2726 827 2797 existimavi
850 2724 979 2798 tibi
1008 2751 1166 2799 eam
1190 2749 1474 2798 causam
1502 2748 1655 2795 non
1689 2718 2052 2794 scribendi
2079 2716 2300 2788 fuisse
2319 2771 2339 2802 ‚
2357 2714 2554 2813 quod

430 2832 663 2933 pridie
706 2836 1105 2934 scripsisses
1140 2862 1223 2909 ea
1263 2837 1418 2934 ipsa
1440 2888 1460 2923 ‚
1505 2833 1595 2905 ad
1638 2858 1797 2929 quae
1851 2829 2186 2926 rescripsi
2219 2824 2358 2898 hac
2403 2827 2557 2922 epi-

430 2946 632 3017 stola.
690 2952 1195 3045 Exspectaram
1244 2963 1487 3017 tamen
1540 2941 1819 3041 aliquid
1903 2940 1995 3012 de
2058 2937 2280 3010 literis
2335 2936 2560 3006 Asinii

431 3054 865 3147 Pollionis¹;
917 3054 1043 3129 sed
1084 3060 1439 3129 nimium²
1480 3079 1570 3127 ex
1626 3078 1790 3125 meo
1836 3052 1988 3123 otio
2032 3064 2243 3121 tuum
2287 3060 2580 3145 specto..

430 3173 888 3267 Quamquam
926 3166 1059 3239 tibi
1100 3170 1394 3239 remitto
1416 3220 1435 3252 ‚
1470 3166 1610 3237 nisi
1653 3163 1830 3262 quid
1877 3184 2168 3233 necesse
2199 3161 2375 3246 erit,
2433 3180 2562 3227 ne-

433 3304 628 3351 cesse
663 3302 758 3350 ne
800 3278 1067 3351 habeas
1102 3275 1456 3362 scribere,
1498 3276 1637 3347 nisi
1682 3275 1822 3346 eris
1857 3269 2064 3344 valde
2107 3270 2401 3341 otiosus,
2453 3270 2564 3337 De

432 3388 819 3463 tabellariis
844 3386 1153 3461 facerem
1180 3385 1379 3485 quod
1406 3384 1662 3459 suades
1685 3440 1706 3473 ‚
1753 3386 1812 3455 si
1846 3395 2084 3456 essent
2125 3380 2284 3452 ullae
2321 3399 2564 3451 neces-

436 3502 635 3571 sariae
654 3500 876 3571 literae
900 3553 921 3586 ‚
954 3512 1038 3569 ut
1058 3510 1264 3570 erant
1282 3497 1455 3569 olim
1480 3552 1501 3585 ‚
1540 3521 1768 3596 quum
1797 3491 2253 3567 brevioribus
2275 3486 2566 3568 diebm,

437 3624 681 3680 tamen
738 3606 1064 3706 quotidie
1119 3605 1660 3705 respondebant
1714 3605 2028 3704 tempori
2071 3600 2453 3685 tabellarii3
2496 3610 2568 3668 et

437 3726 591 3792 erat
620 3718 891 3815 aliquid
914 3774 933 3806 ‚
970 3718 1213 3807 Silius,
1254 3722 1568 3806 Drusus,
1603 3717 1738 3791 alia
1765 3713 2114 3815 quaedam.
2144 3704 2394 3796 Nunc,
2431 3708 2570 3778 nisi

515 3856 1071 3941 1.P011i0ni‘s.Vid.not.
1095 3903 1124 3935 ι
1138 3886 1238 3949 ‚md
1256 3886 1453 3953 epam.
1543 3886 1738 3950 qum-m
1759 3886 1828 3933 aa
1845 3884 2082 3949 lega-m
2101 3880 2189 3929 ..a
2209 3878 2370 3929 minu.
2387 3876 2568 3942 prob-t

449 3974 535 4023 38.
558 3970 652 4019 En.
1543 3964 1741 4023 Bosins,
1775 3978 1932 4027 neque
1969 3960 2158 4011 invenit
2197 3958 2250 4007 in
2285 3958 2386 4007 suia
2421 3956 2568 4005 MSS.

511 4069 539 4100 a
554 4088 564 4099 .
581 4045 776 4099 Sohiitz.
790 4045 943 4095 edidit
962 4044 1199 4095 ramim.
1214 4047 1327 4093 Jam
1338 4044 1455 4095 olim
1543 4044 1593 4091 J.
1611 4044 1676 4091 V.
1701 4044 1754 4089 1..
1898 4032 1907 4045 ⁸
