3019 4681
691 370 1224 442 EPISTOLAE
1271 371 1463 441 clc.
1512 373 1635 441 ET
1670 373 2044 457 muru,
2094 396 2201 467 19.

389 551 2499 578 “mmmmm-mmmmm

971 659 1577 772 EPISToLA
1638 694 1923 773 XIX&

391 843 463 898 ln
491 857 716 897 summo
741 835 1072 896 discrimine
1099 857 1224 895 rem
1245 855 1368 896 esse
1396 835 1597 896 scribit
1610 881 1627 910 ,
1648 857 1839 916 neque
1865 857 1925 896 se
1954 849 2143 896 tamen
2166 836 2507 914 desperare:

468 935 818 994 celeritatem
829 934 888 992 in
907 933 1246 994 consulibus
1262 933 1552 994 desiderat
1569 947 1627 993 et
1640 935 2023 1013 prudentiam:
2034 935 2341 1000 maximam
2352 952 2511 1011 spem

468 1053 590 1094 esse
611 1033 674 1092 in
701 1037 883 1092 Bruto
908 1045 969 1091 et
995 1033 1212 1094 cassio.
1235 1034 1470 1112 (Romae
1486 1075 1504 1106 ,
1529 1052 1682 1092 anno
1708 1039 1783 1094 U.
1808 1035 1869 1092 C.
1896 1053 2039 1107 710,
2058 1051 2253 1092 mense
2280 1030 2511 1109 aprili.)

1065 1173 1379 1240 CICERO
1423 1175 1711 1240 BRUTO
1754 1177 1819 1240 S.

485 1304 714 1392 Quum
741 1301 893 1373 haec
928 1299 1331 1373 scribebam
1357 1313 1379 1346 ¹
1403 1357 1422 1391 ‚
1467 1328 1583 1376 res
1617 1301 2154 1375 existimabatur
2181 1305 2259 1372 in
2286 1314 2518 1372 extre·

387 1437 590 1484 mum
615 1410 928 1484 adducta
951 1410 1337 1484 discrimen
1367 1438 1386 1481 t
1409 1415 1651 1484 tristes
1684 1419 1879 1485 enim
1909 1414 2000 1485 de
2024 1419 2243 1484 Bruto
2264 1425 2518 1482 nostro

385 1527 608 1600 literae
629 1526 1014 1625 nuntiique
1033 1525 1548 1597 afferebantur.
1578 1529 1699 1596 Me
1724 1526 2020 1624 quidem
2038 1551 2189 1597 non
2204 1527 2515 1596 maxime

385 1637 942 1710 conturbabant.
967 1639 1094 1707 His
1127 1636 1320 1706 enim
1346 1634 1782 1707 exercitibus
1810 1635 2297 1732 ducibusque,
2325 1659 2513 1731 quos

455 1801 481 1829 *
517 1805 614 1852 Hic
639 1803 884 1868 incipiunt
921 1801 1142 1866 epistola
1158 1833 1175 1859 ,
1208 1816 1317 1864 quae
1341 1800 1404 1849 ab

287 1871 297 1885 ⁸
386 1883 493 1934 diis
509 1883 870 1940 inscribuntur,
898 1881 1092 1945 «Epist.
1115 1879 1177 1927 ad
1203 1879 1407 1928 Brutum

385 1981 414 2022 s
450 1963 705 2013 Germanis
744 1970 946 2026 reperta
985 1969 1036 2006 et
1073 1957 1296 2020 edita-3
1343 1959 1406 2006 ab

385 2045 520 2104 eliis,
577 2040 770 2090 «Liber
808 2039 1052 2088 secundus
1077 2059 1123 2087 n.
1157 2040 1209 2087 J.
1247 2038 1311 2086 V.
1347 2041 1402 2088 L.

385 2151 456 2162 —
499 2126 598 2172 nas
651 2119 914 2186 epistolas,
973 2129 1030 2166 ut
1077 2132 1104 2163 a
1153 2118 1406 2165 Germanis

385 2201 771 2269 necopina-,its
795 2199 981 2246 damus.
1014 2197 1250 2260 Quamvis
1276 2197 1402 2244 enim

385 2284 439 2332 in
457 2283 595 2332 nullo
615 2281 761 2330 veteri
777 2276 1042 2342 exemplari
1052 2275 1377 2324 invenerimus
1388 2309 1403 2334 ‚

385 2375 548 2413 tamen
565 2378 656 2411 nec
675 2362 1026 2410 Germanorum
1049 2354 1198 2405 fidem
1218 2356 1402 2421 impro-

385 2444 501 2491 bare
539 2440 668 2508 (qui
703 2456 753 2487 se
789 2440 843 2487 iu
881 2448 1074 2485 vetusto
1109 2435 1280 2485 codice
1323 2452 1402 2484 ess

383 2524 618 2588 reperisse
653 2520 813 2569 testati
847 2529 963 2567 sunt
981 2516 1027 2585 ),
1053 2532 1143 2565 nec
1181 2526 1402 2565 nostrum

383 2602 532 2651 ullam
554 2603 605 2650 in
627 2610 811 2667 partem
833 2597 1070 2661 judicium
1093 2598 1403 2661 interponere

383 2680 644 2730 voluimus.
684 2682 903 2727 Vre-ros.
937 2704 1008 2716 -
1040 2676 1228 2726 Placuit
1260 2679 1404 2725 etiam

383 2762 480 2810 hoc
517 2762 633 2809 loco
675 2758 697 2824 (
723 2758 776 2807 in
824 2758 1103 2823 fragmentis
1130 2754 1154 2822 )
1197 2768 1407 2820 quatuor

385 2840 616 2903 epistolas
638 2838 885 2886 Ciceronis
915 2838 976 2884 ad
997 2838 1071 2886 M.
1094 2838 1298 2885 Brutum
1313 2872 1328 2895 ‚
1357 2846 1406 2885 et

383 2932 530 2965 unam
565 2917 702 2963 Bruti
737 2914 802 2961 ad
838 2914 1124 2964 Ciceronem
1163 2916 1405 2974 intexere,

382 3008 492 3058 qua
513 3010 540 3041 a
566 2992 819 3041 Germanis
845 2992 900 3039 in
922 2994 1255 3058 manuscripto
1276 2993 1404 3041 libro

381 3074 593 3121 inventa
617 3070 836 3119 feruntur
857 3086 872 3119 ε
892 3072 1126 3135 quoniam
1150 3082 1200 3119 et
1225 3088 1252 3119 s
1281 3071 1403 3119 mul-

384 3150 472 3209 tis,
503 3161 557 3199 ut
583 3148 740 3205 falsu,
761 3147 1063 3212 rejiciuntur,
1091 3165 1184 3197 nec
1209 3150 1264 3197 in
1291 3165 1402 3197 om-

383 3230 528 3280 nibus
548 3227 862 3295 epistolarum
885 3227 1130 3291 impressis
1149 3227 1402 3277 volumini·

385 3312 478 3359 bus
507 3309 842 3375 reperiuntur,
875 3316 925 3354 et
960 3308 1014 3354 in
1049 3306 1228 3371 quibus
1260 3318 1404 3370 sunt,

384 3391 438 3439 iu
462 3390 524 3439 iis
547 3389 762 3439 confuse
787 3385 1052 3435 admodum
1081 3400 1138 3434 nc
1165 3387 1270 3435 sine
1300 3386 1402 3434 ullo

385 3472 484 3518 fere
540 3469 726 3517 honore
782 3467 1026 3530 leguntur.
1085 3466 1210 3515 Sunt
1241 3478 1402 3515 autem

383 3551 578 3614 scripte
589 3546 948 3613 postcelebrem
961 3542 1166 3596 illmed
1179 3547 1401 3606 Brutum,

384 3632 524 3691 cuius
546 3628 740 3677 initium
758 3638 832 3676 est
853 3640 868 3675 ε
892 3628 1005 3675 Sex.
1031 3626 1242 3685 Clodius,
1255 3642 1400 3690 quam

382 3710 614 3773 scriptam
665 3724 766 3756 esse
807 3708 884 3755 M.
932 3706 1154 3755 Antonio
1204 3707 1403 3755 consule

379 3788 567 3853 liquet:
594 3786 834 3852 siquidem
859 3786 962 3845 hae,
987 3786 1150 3836 Hirtio
1177 3798 1226 3835 et
1250 3786 1402 3835 Pansa

383 3884 508 3915 coss.
539 3867 728 3930 aliquot
754 3878 870 3930 post
893 3866 1025 3915 illam
1057 3867 1294 3915 mensium
1325 3866 1401 3914 in-

385 3945 585 3994 tervallo
624 3945 748 3993 data
791 3956 920 3993 sunt.
963 3946 1080 3993 Esse
1118 3956 1278 3994 autem
1316 3945 1404 3995 has

383 4026 582 4091 reliquis
613 4024 822 4089 vulgatis
855 4024 920 4073 sd
947 4026 1150 4073 Brutum
1185 4027 1404 4091 epistolis

385 4110 734 4173 praeponendas
747 4144 762 4172 ,
778 4110 863 4159 sed
885 4120 1046 4159 tamen
1067 4126 1178 4161 cum
1203 4110 1262 4159 iis
1284 4126 1406 4159 con·

1494 1800 1755 1850 nectendas
1776 1835 1793 1861 ,
1844 1813 1895 1850 et
1932 1817 2093 1850 rerum
2135 1811 2185 1848 et
2236 1809 2511 1862 temporum

1491 1881 1709 1944 ipsorum
1728 1881 1851 1928 ratio
1874 1879 2076 1928 indicat.
2097 1881 2221 1942 Qute
2238 1879 2401 1926 omnia
2419 1894 2511 1942 ego

1493 1961 1661 2024 paucis
1688 1962 1869 2008 notatis
1894 1958 2016 2006 locis
2038 1959 2305 2007 ostendum.
2328 1960 2505 2006 Sinon.

1491 2065 1563 2075 —
1593 2039 1729 2104 Quid
1769 2040 1823 2086 in
1858 2039 1919 2086 iis
1950 2037 2014 2085 ad
2048 2039 2253 2086 Brutum
2292 2036 2511 2101 epistolis

1491 2118 1709 2166 effecerit
1731 2117 1957 2182 sigonius
1975 2151 1991 2178 ,
2026 2127 2076 2164 et
2101 2131 2247 2180 quam
2272 2116 2510 2180 egregiam

1491 2213 1687 2262 operam
1725 2197 2007 2258 mvaverit,
2041 2213 2116 2244 res
2148 2196 2251 2259 ipsa
2294 2194 2509 2254 indicst,

1489 2293 1601 2326 cum
1657 2277 1763 2324 eliis
1806 2275 2003 2342 quidem
2022 2309 2037 2335 ,
2092 2285 2203 2324 ante
2256 2273 2507 2339 sigonium

1489 2356 1663 2415 editis,
1686 2357 1861 2405 collata
1882 2356 2034 2405 libris.
2070 2356 2197 2403 Suut
2211 2388 2226 2416 ,
2250 2354 2337 2418 qui
2364 2355 2511 2403 Cice-

1489 2436 1623 2485 ronis
1661 2436 1890 2501 epistoliis
1932 2452 2033 2483 esse
2068 2444 2265 2502 negent.
2300 2434 2397 2484 Sed
2429 2436 2512 2481 Pa-

1488 2517 1659 2566 tricius
1678 2552 1694 2574 ,
1726 2532 1877 2581 quum
1904 2516 1972 2564 rei
2000 2516 2095 2581 ipsi
2120 2530 2212 2579 pro
2236 2532 2285 2562 se
2308 2514 2515 2579 loquen-

1488 2597 1527 2645 ti
1546 2630 1563 2655 ,
1598 2608 1705 2645 tum
1738 2596 1965 2645 Munatio
1990 2596 2123 2644 idem
2158 2610 2354 2661 quoque
2389 2592 2513 2643 affir-

1489 2677 1643 2725 manti
1690 2676 1801 2741 plus
1849 2676 2023 2725 tribuit
2066 2677 2121 2723 in
2166 2676 2264 2725 hoc
2306 2692 2511 2741 genere,
2584 2692 2591 2703 ·

1492 2774 1637 2823 quam
1682 2760 1885 2806 omnino
1947 2757 2173 2821 cuiquam
2217 2757 2469 2805 hominum
2494 2770 2509 2804 ε

1491 2854 1621 2902 quos
1664 2849 1825 2885 tamen
1871 2840 2003 2903 ipsos
2046 2853 2137 2884 nec
2180 2836 2385 2895 multos,
2420 2851 2511 2883 neo

1493 2916 1803 2965 vehementer
1824 2928 2022 2982 oportet
2039 2932 2139 2965 esse
2158 2914 2372 2965 eruditos
2387 2950 2401 2974 ‚
2422 2920 2511 2978 qui

1491 2999 1545 3043 iu
1570 2997 1648 3045 his
1674 2997 1892 3060 epistolis
1918 2998 2201 3047 Ciceronem
2227 3012 2331 3044 non
2362 3012 2513 3059 agno-

1493 3086 1645 3123 scant.
1698 3078 1788 3125 His
1814 3088 1974 3123 tamen
2009 3092 2110 3122 sese
2151 3074 2376 3135 adjunxit
2402 3074 2513 3123 Scb.

1492 3180 1563 3190 -
1602 3156 1679 3201 Ex
1725 3164 1935 3216 quatuor
1976 3152 2125 3200 Tullii
2162 3151 2378 3216 epistolis
2397 3186 2411 3211 ,
2460 3164 2507 3201 et

1489 3232 1627 3282 Bruti
1666 3248 1799 3290 una,
1846 3246 1965 3294 quas
2011 3229 2211 3278 exhibet
2246 3230 2507 3295 Sigonius,

1491 3314 1675 3361 faciunt
1699 3310 1781 3359 elii
1815 3327 1925 3368 sex,
1956 3310 2037 3357 alii
2066 3320 2247 3374 septem
2264 3346 2281 3372 ‚
2312 3322 2361 3359 et
2386 3314 2507 3361 Bru-

1490 3395 1589 3443 tim
1626 3408 1737 3439 cum
1762 3390 1997 3438 Tullianis
2040 3390 2367 3439 confundunt.
2411 3392 2507 3439 Hic

1489 3472 1637 3535 igitur
1652 3466 1910 3533 sigonium
1934 3468 2107 3517 ducem
2124 3484 2301 3545 sequar
2318 3486 2332 3519 ε
2352 3486 2508 3535 neque

1487 3550 1681 3607 invitis,
1701 3550 1898 3614 opinor,
1921 3547 2095 3595 Musis.
2118 3550 2329 3597 Omvnr.

1568 3646 1610 3679 1.
1639 3632 1799 3694 Quum
1822 3628 1927 3675 laoec
1946 3626 2241 3684 scribebam,
2278 3643 2351 3675 res
2366 3660 2384 3687 ,
2414 3639 2510 3679 etc.

1491 3712 1565 3759 De
1598 3710 1665 3757 D.
1712 3710 1864 3756 Bruto
1881 3740 1899 3769 ,
1940 3707 2145 3755 Mutinae
2187 3706 2249 3754 ab
2282 3708 2509 3757 Antonio

1490 3788 1713 3849 obsesso,
1742 3787 1976 3852 loquitur.
2012 3786 2093 3834 Sic
2123 3786 2251 3835 enim
2280 3789 2425 3836 etism
2444 3790 2509 3837 nd

1489 3870 1549 3919 C.
1573 3869 1791 3918 Gessium
1810 3867 1980 3917 scribit
1998 3866 2098 3931 (sd
2113 3867 2230 3915 niv.
2254 3869 2356 3916 111
2370 3904 2386 3931 ‚
2404 3869 2438 3915 6
2456 3868 2503 3929 ):

1492 3971 1520 3992 α
1543 3950 1707 4012 Quum
1744 3948 1847 3995 haec
1890 3946 2161 3996 scribebam
2198 3964 2277 3997 res
2317 3958 2419 3997 eret
2457 3952 2509 3997 in

1495 4040 1761 4077 extremum
1788 4026 1999 4077 adducta
2030 4027 2305 4076 discrimen.
2332 4029 2511 4075 Brutus

1495 4108 1623 4157 enim
1638 4109 1845 4157 Mutinae
1862 4109 1945 4161 vix
1954 4111 2055 4171 ism
2068 4108 2384 4158 sustinebat».
2402 4108 2512 4153 δια.
