3019 4681
409 410 454 481 8
1032 410 1131 481 M.
1177 413 1258 481 Τ.
1325 412 1919 485 CICERONIS

1063 775 1658 857 EPISTOLA
1711 778 1881 857 III.

355 936 364 943 ’
409 938 658 1015 Quaerit,
691 952 926 1009 utrum,
953 936 1004 997 si
1041 937 1349 1016 Pompeius
1379 938 1551 997 Italia
1584 936 1780 1010 cedat,
1809 938 1935 1018 ipse
1967 954 2230 1013 maneat3
2260 960 2332 1000 an
2376 948 2559 1002 Pom-

481 1038 682 1117 peium
699 1048 1005 1115 sequatur:
1032 1046 1092 1091 et
1113 1034 1417 1111 utriusque
1437 1035 1667 1101 consilii
1686 1048 1981 1095 momenta
2002 1040 2262 1117 exponit.
2289 1041 2559 1117 Denique

483 1156 635 1215 quae,
651 1133 790 1192 dum
814 1133 938 1193 haec
953 1130 1254 1203 scriberet,
1281 1132 1394 1211 ipsi
1413 1132 1486 1190 de
1507 1136 1734 1191 Caesare
1762 1146 1820 1191 et
1842 1134 2102 1193 Domitio
2130 1137 2394 1195 nuntiata
2420 1138 2558 1210 sint,

485 1232 690 1294 refert.
720 1232 816 1311 (In
845 1230 1093 1302 caleno,
1120 1248 1274 1287 anno
1293 1214 1370 1289 U.
1392 1232 1456 1289 C.
1481 1239 1595 1302 704
1616 1270 1634 1301 ‚
1659 1248 1857 1289 mense
1886 1229 2236 1311 februario.)

1083 1410 1397 1475 CICERO
1443 1408 1769 1476 ATTICO
1812 1411 1881 1477 S.

501 1554 837 1621 Munus
885 1561 961 1618 et
1002 1546 1423 1617 miserrimis
1475 1541 1697 1616 rebus
1758 1545 2228 1643 perturbatus
2248 1601 2268 1637 ,
2324 1573 2560 1647 quum

407 1685 655 1734 coram
708 1674 949 1732 tecum
1002 1658 1185 1728 mihi
1247 1669 1571 1756 potestas
1625 1655 2075 1730 deliberandi
2126 1684 2279 1731 non
2332 1673 2558 1748 esset,

405 1776 512 1844 uti
547 1786 791 1843 tamen
827 1784 960 1842 tuo
995 1768 1301 1841 consilio
1327 1768 1551 1839 volui.
1577 1766 2021 1840 Deliberatio
2050 1783 2295 1840 autem
2324 1772 2564 1841 omnis

403 1882 556 1953 haec
591 1896 701 1953 est
753 1908 770 1969 ς
815 1882 875 1951 si
910 1880 1302 1978 Pompeius
1339 1878 1545 1949 Italia
1585 1876 1835 1966 cedat,
1878 1878 2082 1976 quod
2121 1904 2292 1951 eum
2328 1877 2563 1951 factu-

403 2018 569 2065 rum
606 2017 761 2063 esse
794 1993 1165 2095 suspicor,
1201 1987 1382 2088 quid
1404 1989 1587 2061 mihi
1624 1988 1987 2091 agendum
2020 2002 2275 2087 putes;
2311 2005 2383 2062 et
2412 2016 2563 2089 quo

402 2103 682 2177 facilius
723 2104 1108 2175 consilium
1144 2102 1316 2174 dare
1349 2106 1618 2199 possiS,
1656 2099 1839 2199 quid
1873 2102 1949 2172 in
1986 2117 2370 2201 utramque
2402 2128 2564 2202 par-

405 2230 560 2288 tem
601 2213 784 2291 mihi
818 2216 898 2283 in
931 2227 1255 2284 mentem
1298 2215 1543 2283 veniat
1568 2264 1588 2298 ‚
1632 2209 2010 2308 explicabo
2047 2210 2269 2284 brevi.
2314 2216 2565 2305 Quum

403 2326 663 2400 merita
707 2323 1037 2422 Pompeii
1073 2346 1358 2395 summa
1401 2345 1570 2419 erga
1608 2321 1913 2394 salutem
1952 2349 2182 2396 meam
2204 2379 2225 2414 ‚
2263 2322 2566 2397 familia-

404 2439 764 2534 ritasque,
806 2459 966 2532 quae
1000 2433 1176 2505 mihi
1230 2457 1400 2504 cum
1435 2457 1525 2503 eo
1559 2447 1707 2522 est,
1750 2447 1909 2505 tum
1952 2437 2107 2534 ipsa
2148 2435 2569 2535 reipublicae

407 2574 622 2627 causa
659 2574 777 2628 me
826 2545 1164 2638 adducit,
1197 2559 1285 2617 ut
1325 2546 1505 2617 mihi
1540 2545 1656 2617 vel
1691 2546 2074 2618 consilium
2110 2571 2358 2622 meum
2399 2571 2567 2618 cum

406 2661 601 2732 illius
646 2659 986 2745 consilio,
1038 2658 1155 2730 vel
1207 2655 1502 2730 fortuna
1554 2656 1775 2757 [cum
1830 2657 2213 2759 fortuna¹J
2258 2660 2567 2756 conjun-

406 2770 645 2868 genda
671 2794 824 2842 esse
853 2770 1205 2840 videatur.
1246 2768 1545 2840 Accedit
1576 2767 1757 2840 illud
1792 2797 1809 2840 ε
1841 2771 1900 2841 si
1929 2795 2224 2859 mane0,
2254 2786 2327 2842 et
2361 2771 2570 2842 illum

369 2881 838 2961 ‚comitatum
887 2882 1336 2978 optimorum
1381 2894 1456 2952 et
1501 2879 2065 2958 clarissimorum
2112 2883 2382 2963 civium
2438 2881 2570 2954 de-

409 3015 605 3079 sero,
658 2989 1066 3062 cadendum
1125 3005 1236 3061 est
1295 2991 1375 3060 in
1425 2993 1644 3062 unius
1692 3006 2170 3089 potestatem;
2221 2997 2391 3089 qui,
2436 2995 2572 3063 etsi

409 3102 663 3174 multis
706 3101 928 3173 rebus
964 3099 1322 3199 significat
1379 3125 1457 3173 se
1505 3100 1719 3173 nobis
1759 3127 1913 3174 esse
1946 3103 2293 3188 amicum,
2340 3117 2452 3191 et,
2488 3115 2574 3172 ut
2670 3191 2673 3194 ἦ

408 3229 637 3300 esset,
677 3238 718 3284 a
739 3238 854 3284 me
887 3225 993 3285 est
1016 3213 1215 3309 (tute
1249 3211 1434 3309 scis)
1475 3228 1784 3310 propter
1816 3213 2303 3311 suspicionem
2352 3213 2572 3309 hujus

411 3322 905 3422 impendentis
935 3325 1390 3420 tempestatis
1421 3321 1657 3394 multo
1686 3336 1853 3394 ante
1884 3324 2291 3421 provisum,
2324 3337 2570 3395 tamen

409 3449 811 3530 utrumque
871 3430 1477 3504 considerandum
1526 3447 1633 3505 est
1658 3489 1678 3522 ‚
1724 3448 1799 3505 et
1845 3448 2116 3531 quanta
2156 3434 2333 3506 fides
2366 3437 2434 3506 ei
2478 3439 2573 3507 sit

411 3541 790 3631 habenda3
828 3558 939 3631 et,
970 3545 1033 3615 si
1058 3545 1367 3615 maxime
1397 3543 1899 3643 exploratum,
1938 3570 2105 3617 eum
2146 3545 2361 3617 nobis
2398 3549 2569 3617 ami-

414 3680 582 3727 cum
617 3652 814 3742 fore,
875 3655 1062 3727 sitne
1112 3657 1249 3726 viri
1287 3653 1490 3727 fortis
1534 3669 1607 3728 et
1662 3656 1843 3728 boni
1915 3657 2128 3745 civis,
2172 3680 2328 3727 esse
2371 3657 2447 3725 in
2489 3681 2572 3727 ea

412 3763 637 3854 urbe,
681 3766 756 3835 in
805 3790 952 3862 qua
1001 3790 1233 3862 quum
1283 3767 1587 3840 summis
1642 3765 2049 3838 honoribus
2101 3765 2572 3864 imperiisque

411 3867 590 3948 risus
627 3877 756 3961 sit,
790 3900 906 3947 res
946 3879 1290 3950 maximas
1326 3879 1668 3976 gesserit,
1706 3864 2112 3949 sacerdotio
2150 3879 2244 3948 sit
2279 3875 2571 3974 amplis·
2606 3883 2613 3890 ’

499 4089 544 4122 1.
573 4073 738 4124 Verba
765 4091 877 4124 cum
895 4074 1121 4136 fimena
1146 4087 1263 4125 sunt
1295 4094 1332 4125 e
1349 4076 1454 4126 sola
1543 4077 1821 4125 Ernestium
1840 4079 1983 4126 uncis
2006 4075 2318 4127 includimus.
2352 4080 2401 4128 J.
2425 4080 2491 4126 V.
2518 4080 2570 4126 L.

415 4156 694 4218 conjectum
743 4155 1059 4220 malaspina.
1116 4159 1288 4221 Itaque
1335 4165 1458 4221 post
1544 4155 1859 4214 -Seh.haec
1878 4157 2055 4222 recipit
2075 4156 2130 4206 in
2152 4167 2351 4206 textum.
2373 4157 2463 4206 En.
