3019 4681
495 334 639 429 494
1121 326 1218 399 M.
1269 326 1347 399 Τ.
1399 332 1966 401 elcERoms

495 471 571 527 et
607 450 900 525 hercule
939 450 1038 523 ita
1067 464 1197 523 est.
1241 451 1424 521 Nam
1451 476 1577 522 xvr
1610 449 1750 523 kal.
1790 464 1971 549 sept.
2008 473 2241 546 quum
2272 450 2631 523 venissem

492 562 768 635 Veliam
790 572 847 647 9,
879 564 1150 633 Brutus
1179 558 1455 631 audivit
1484 585 1500 631 ε
1539 575 1693 637 erat
1714 561 1911 635 enim
1942 584 2113 631 cum
2144 560 2293 634 suis
2324 558 2634 635 navibus

492 672 690 773 apud
743 669 1066 743 Heletem
1097 678 1165 713 ¹⁰
1215 667 1521 746 fluvium
1546 725 1567 756 ,
1620 672 1795 743 citra
1854 668 2129 747 Veliam
2191 668 2419 741 millia
2470 692 2635 767 pas·-

493 806 710 855 suum
761 806 900 853 111:
960 778 1270 879 pedibus
1325 778 1419 851 ad
1481 805 1601 855 me
1659 780 1921 855 statim.
1980 776 2629 859 Dii-immortales!

493 918 716 991 quam
760 888 965 965 valde
1007 889 1128 964 ille
1161 888 1439 976 reditu,
1481 890 1599 967 vel
1640 894 1886 988 potius
1928 892 2423 963 reversione¹¹
2476 913 2633 959 mea

495 1000 810 1087 imatus»,
862 996 1124 1071 effudit
1175 998 1294 1072 illa
1329 1001 1615 1086 omnia,
1661 1023 1823 1096 quae
1872 996 2223 1072 tacuerat!
2266 1012 2352 1073 ut
2386 1021 2628 1073 recor-

495 1108 707 1183 darer
735 1107 915 1180 illud
942 1121 1146 1181 tuum
1169 1160 1191 1195 ‚
1213 1136 1248 1173 ‹<
1275 1112 1460 1181 Nam
1491 1114 1755 1181 Brutus
1784 1124 2030 1182 noster
2056 1108 2219 1185 silet
2234 1139 2287 1179 n.
2320 1110 2629 1182 Maxime

497 1236 742 1294 nutem
781 1216 1116 1305 dolebat,
1175 1242 1292 1291 me
1339 1217 1480 1293 kal.
1536 1234 1714 1295 sext.
1770 1220 1847 1295 in
1890 1232 2149 1295 senatu
2194 1242 2347 1292 non
2386 1216 2625 1289 fuisse.

499 1332 828 1401 Pisonem
891 1326 1170 1403 ferebat
1227 1330 1304 1401 in
1359 1327 1655 1417 caelum3
1710 1353 1786 1403 se
1834 1343 2079 1401 autem
2140 1327 2395 1415 loetari,
2436 1324 2633 1425 quod

499 1438 912 1537 effugissem
987 1438 1167 1513 duas
1243 1440 1590 1513 maximas
1654 1440 2225 1538 vituperationes
2272 1466 2289 1509 ε
2358 1462 2583 1511 unam
2610 1488 2631 1519 ,

497 1573 721 1649 quam
782 1550 1040 1621 itinere
1099 1546 1432 1621 faciendo
1494 1574 1613 1621 me
1676 1548 2169 1646 intelligebam
2224 1550 2590 1647 suscipere
2614 1602 2633 1633 ,

497 1659 1020 1757 desperationis
1087 1682 1170 1735 ac
1232 1657 1625 1731 relictionis
1654 1670 1714 1706 ¹²
1786 1656 2237 1757 reipublicae3
2292 1657 2552 1731 flentes
2574 1654 2631 1703 ¹³

497 1797 784 1845 mecum
833 1772 1052 1869 vulgo
1091 1769 1615 1869 querebantur,
1652 1771 1919 1869 quibus
1952 1772 2044 1844 de
2078 1796 2246 1845 meo
2276 1772 2499 1843 celeri
2526 1796 2637 1844 re-

499 1884 658 1955 ditu
695 1908 848 1954 non
887 1880 1286 1980 probabam
1321 1908 1338 1950 ε
1377 1882 1712 1971 alteram,
1750 1882 1843 1954 de
1877 1907 2024 1979 qua
2058 1887 2359 1971 Brutus,
2402 1896 2479 1955 et
2512 1884 2635 1979 qui

498 2018 645 2065 una
673 2006 878 2065 erant
903 1991 1156 2087 (multi
1183 2004 1426 2064 autem
1456 1992 1704 2089 erant)
1725 2046 1746 2081 ‚
1772 1992 2216 2080 laetabantur,
2242 1992 2449 2089 quod
2482 2016 2637 2063 oem

499 2106 1110 2202 vituperationem
1163 2101 1573 2200 effugissem
1597 2154 1617 2191 ‚
1663 2126 1781 2180 me
1826 2104 2216 2175 existimari
2258 2102 2351 2173 ad
2384 2102 2638 2199 Olym-

497 2216 638 2313 pia.
685 2218 842 2286 Hoc
887 2238 1062 2286 vero
1109 2212 1288 2284 nihil
1333 2217 1625 2311 turpius
1645 2267 1665 2302 ‚
1706 2214 1964 2310 quovis
2006 2211 2423 2311 reipublicae
2466 2228 2640 2285 tem·-

499 2344 715 2418 pore3
753 2318 880 2390 sed
922 2318 1066 2390 hoc
1092 2321 1178 2406 ¹⁴,
1213 2322 1674 2418 ἀναπολόγητον
1696 2316 1783 2391 ¹⁵.
1818 2324 1968 2418 Ego
1999 2344 2173 2392 vero
2210 2334 2463 2392 austro
2490 2343 2641 2418 gra-

497 2434 630 2503 tias
671 2430 926 2514 miras‚
975 2429 1101 2524 qui
1153 2455 1272 2502 me
1311 2455 1354 2502 a
1401 2444 1599 2504 tanta
1636 2427 1931 2503 infamia
1958 2430 2333 2502 averterit.
2364 2433 2640 2501 Rever-

497 2541 720 2612 sionis
744 2537 874 2608 has
903 2539 1259 2634 speciosas
1289 2563 1537 2612 causas
1569 2538 1829 2629 habes,
1858 2539 2085 2636 justas
2112 2539 2269 2611 illas
2296 2539 2597 2637 quidem
2616 2591 2637 2626 ‚

499 2665 574 2722 et
615 2671 949 2744 magnas3
999 2647 1126 2720 sed
1177 2649 1376 2720 nulla
1421 2650 1726 2746 justior,
1778 2675 1999 2750 quam
2054 2649 2255 2748 quod
2308 2664 2395 2720 tu
2446 2649 2637 2721 idem

570 2891 618 2936 9.
643 2875 846 2923 Veliam.
868 2875 1120 2926 Coloniam
1143 2877 1528 2940 Phocaeensium,
1617 2878 1843 2931 Bemldi
1866 2894 2145 2944 receptum,
2166 2877 2351 2943 reperit
2386 2888 2552 2932 tamen
2588 2877 2639 2926 in

500 2971 528 3004 ι
555 2955 735 3020 quibus
760 2954 890 3004 dicta
912 2943 1063 3015 flua,
1091 2957 1222 3006 uude
1240 2974 1420 3006 nomeu
1436 2959 1530 3008 Ve-
1616 2955 1711 3008 MS
1733 2959 1927 3010 Belliol.
1955 2942 2193 3010 cluvius.
2214 2958 2349 3008 Libri
2369 2959 2454 3006 ulii
2472 2960 2643 3024 scripti

493 3036 559 3084 lin
583 3036 740 3085 Str-b.
757 3037 828 3084 VI
846 3052 860 3094 3
889 3036 1015 3086 Plin.
1040 3039 1136 3097 m,
1169 3041 1199 3088 5
1211 3073 1226 3097 ,
1255 3037 1527 3089 coufirmat.
1615 3050 1667 3088 et
1684 3039 1797 3086 edd.
1816 3049 1933 3086 vett.
1950 3055 2121 3087 omnes
2134 3069 2153 3099 ‚
2170 3036 2433 3103 religionis.
2450 3040 2643 3087 Ετιιαῑ.

498 3119 627 3166 Hinc
652 3118 703 3165 J.
723 3118 786 3164 V.
807 3117 866 3164 L.
891 3129 1021 3166 reete
1049 3129 1213 3166 censet
1237 3117 1527 3168 servandum
1615 3119 1664 3174 J.
1684 3119 1747 3166 V.
1772 3119 1829 3166 L.

497 3195 578 3242 hic
606 3195 849 3253 Helecem,
872 3204 916 3241 et
937 3197 1279 3260 corrigendum
1301 3197 1353 3247 iu
1381 3197 1523 3260 epist.
1690 3197 1777 3246 13.
1803 3197 2013 3244 Flentes.
2049 3196 2302 3246 Victorius
2339 3207 2389 3244 et
2431 3197 2639 3256 Rosius,

497 3274 558 3322 ud
577 3273 884 3332 Trebatium,
909 3273 973 3322 ad
993 3275 1110 3324 Div.
1127 3275 1223 3323 VII
1238 3310 1254 3333 ‚
1277 3290 1370 3323 20:
1389 3276 1527 3325 «En-
1614 3286 1809 3332 euntes,
1852 3287 2021 3326 contre
2056 3275 2297 3328 librorum
2324 3275 2545 3324 omnium
2584 3274 2643 3324 fi-

495 3355 640 3402 letem
657 3388 674 3416 ,
693 3353 912 3402 nobilem
935 3369 1125 3405 amnem
1138 3375 1179 3402 ιο.
1198 3355 1290 3402 En.
1614 3353 1741 3405 dem.
1758 3354 1937 3405 Semne
1952 3364 2113 3404 nutem
2128 3365 2229 3403 est:
2248 3355 2349 3418 Qui
2372 3371 2477 3416 ne,
2494 3371 2641 3420 quum

573 3451 651 3483 xo.
679 3432 832 3500 Apud
851 3431 1299 3502 Heletemfluvium.
1320 3433 1517 3489 Ernest.
1614 3432 1910 3482 discederem
1954 3449 2125 3484 navem
2150 3449 2531 3496 conscensurus,
2556 3434 2639 3486 de·

499 3513 742 3562 Haletem.
771 3512 822 3560 J.
846 3513 910 3559 V.
935 3513 995 3562 L.
1614 3511 1857 3568 ducebant
1872 3547 1887 3572 ,
1911 3511 2079 3568 flentes
2102 3513 2436 3576 querebantur
2464 3531 2542 3562 me
2568 3529 2642 3564 re-

577 3607 596 3636 ι
613 3608 656 3639 1.
683 3588 855 3638 Redite
874 3623 889 3647 ,
925 3589 1016 3638 vel
1039 3590 1208 3656 potius
1231 3589 1523 3642 mersione.
1612 3589 1832 3656 linquere
1854 3589 2227 3655 rempublicam,
2258 3607 2351 3641 nec
2378 3591 2641 3641 credebaut

502 3669 752 3718 Manutius
773 3667 879 3716 vult
905 3668 1168 3733 reversione
1193 3669 1526 3720 necessitatem
1616 3684 1693 3716 me
1714 3679 1813 3716 um
1835 3669 2054 3718 celeriter
2066 3669 2339 3723 rediturum
2357 3687 2463 3720 esse
2481 3669 2641 3720 hle·-

501 3745 760 3811 siguifleari
779 3779 794 3804 ,
820 3747 978 3794 reditu
1000 3748 1300 3800 voluntatem
1323 3759 1529 3801 tantum.
1620 3747 1695 3796 die
1714 3747 1921 3810 januarii
1937 3784 1952 3809 ,
1992 3749 2127 3814 quod
2162 3765 2255 3816 ego
2280 3766 2385 3816 prae
2418 3767 2497 3800 me
2520 3751 2639 3798 tene-

504 3827 614 3874 Hoc
639 3840 742 3871 non
769 3823 945 3888 placet.
974 3825 1071 3876 En.
1618 3826 1748 3876 bam.
1776 3828 1949 3876 Gussv.

581 3920 660 3950 η.
683 3903 976 3952 Relictionis.
992 3905 1112 3952 Tam
1127 3920 1308 3954 novum
1323 3905 1423 3954 hoc
1441 3921 1534 3954 no·
1694 3914 1772 3961 14.
1797 3906 1921 3986 1190.
1942 3907 2185 3972 Tempore
2204 3907 2272 3958 ite
2302 3909 2606 3958 turbulento.

502 3999 612 4029 men
639 3982 860 4028 Victorio
898 3981 1110 4036 videtur,
1153 3995 1208 4032 ut
1234 3983 1288 4032 id
1316 3985 1531 4048 recipere
1696 3985 1776 4034 15.
1826 3983 2208 4052 Αναπολόγητον.
2258 3985 2457 4037 careret
2484 3987 2638 4036 desen-

501 4071 550 4106 οι
573 4061 776 4122 probare
795 4058 987 4106 liaereat.
1003 4087 1065 4096 —
1083 4063 1193 4110 Hoc
1209 4079 1236 4109 e
1251 4064 1529 4122 conjectura
1619 4063 1771 4112 sione.
