3019 4681
601 440 1139 512 EPISTOLAE
1188 440 1321 511 AD
1372 442 1887 529 ATTICUM‚
1929 448 2138 534 XIV,
2181 472 2251 544 9.
2405 449 2542 548 387

407 562 743 643 videntur
772 561 1105 634 habitura
1133 564 1349 633 etiam
1374 577 1834 636 vetustatem.
1863 570 1953 637 Et
1977 566 2238 639 Balbus
2263 568 2384 643 hie
2411 590 2544 663 est,

406 674 869 770 multumque
922 696 1249 742 mecum:
1298 673 1389 745 ad
1438 698 1664 771 quem
1703 699 1746 745 a
1792 679 2052 749 Vetere
2094 679 2314 751 literae
2358 682 2542 755 datae

406 784 639 882 pridie
678 783 816 855 kal.
859 783 1139 878 januar.
1194 808 1425 880 quum
1468 808 1512 854 a
1545 809 1624 856 se
1660 784 2030 858 Caecilius⁸
2061 791 2540 865 circumsede-

402 909 627 983 retur,
668 907 743 965 et
782 895 933 991 jam
978 907 1373 981 teneretur,
1420 896 1698 967 venisse
1741 919 1909 967 cum
1949 900 2278 971 maximis
2315 907 2542 1001 copiis

400 1010 748 1077 Pacorum
775 1004 1155 1094 Parthum3
1192 1008 1289 1076 ita
1328 1004 1467 1077 sibi
1503 1028 1658 1077 esse
1692 1030 1862 1078 eum
1899 1022 2262 1107 ereptum,
2291 1014 2536 1087 multis

398 1118 545 1187 suis
577 1117 848 1187 amissis
876 1142 891 1185 ε
924 1118 1000 1186 in
1030 1138 1175 1212 qua
1200 1138 1281 1187 re
1310 1129 1598 1187 accusat
1626 1116 2051 1188 Volcatium.
2085 1122 2190 1191 Ita
2220 1120 2396 1193 mihi
2425 1128 2531 1193 vi-

398 1224 615 1297 detur
651 1223 929 1297 bellum
967 1224 1149 1296 illud
1200 1226 1488 1297 instare.
1539 1224 1680 1298 Sed
1717 1226 2142 1301 Dolabella⁹
2187 1245 2258 1302 et
2301 1235 2534 1307 Nicias

393 1335 729 1408 viderint.
759 1335 961 1408 Idem
988 1334 1253 1407 Balbus
1276 1335 1574 1407 meliora
1595 1336 1686 1409 de
1711 1339 1976 1430 Gallia;
2002 1365 2124 1411 xxx
2152 1340 2268 1413 die
2293 1342 2532 1417 literas

390 1438 746 1534 habebat3
800 1449 1203 1518 Germanos
1252 1446 1556 1544 illasque
1599 1450 1974 1538 nationes,
2025 1474 2104 1521 re
2149 1450 2395 1523 audita
2435 1454 2529 1527 de

392 1562 702 1646 Caesare,
743 1557 1014 1655 legatos
1047 1558 1320 1628 misisse
1348 1556 1439 1626 ad
1476 1557 1850 1629 Aurelium
1869 1612 1888 1643 .,
1931 1563 2060 1656 qui
2100 1574 2208 1631 est
2239 1582 2526 1659 praepo-

314 1750 323 1763 ·
390 1669 579 1739 situs’
612 1666 704 1740 ab
747 1668 982 1739 Hirtio
1004 1722 1024 1756 ,
1070 1690 1147 1739 se
1167 1722 1187 1756 ,
1236 1665 1439 1763 quod
1484 1668 1918 1765 imperatum
1966 1682 2188 1758 esset,
2237 1694 2390 1742 esse
2430 1671 2526 1743 fa-

388 1791 649 1849 cturos.
702 1778 898 1868 Quid
954 1776 1273 1875 quaeris?
1333 1776 1580 1847 omnia
1638 1776 1854 1875 plena
1912 1779 2141 1876 paciS‚
2192 1777 2399 1851 aliter
2441 1806 2525 1853 ac

385 1887 562 1958 mihi
602 1888 914 1961 Calvena
937 1898 998 1932 ¹⁰
1042 1886 1341 1959 dixerat.

455 2042 501 2089 8.
526 2040 758 2091 Coece'lius.
785 2042 853 2104 Q.
881 2040 1130 2091 Caecilium
1160 2041 1360 2088 Bessum
1380 2072 1398 2099 ‚
1559 2056 1609 2103 9.
1659 2038 1918 2087 Dolabella
1951 2050 2000 2087 ee
2031 2039 2218 2090 Nicias.
2243 2038 2510 2091 Dolabelloe

381 2120 467 2183 qui
492 2119 773 2185 Pompeium
790 2122 1025 2184 Magnum
1037 2130 1271 2184 sequutus
1294 2120 1401 2169 fue·
1485 2120 1614 2168 enim
1629 2118 1768 2183 Syria
1786 2119 2040 2183 provincia
2054 2129 2104 2167 et
2120 2120 2400 2169 Parthicum
2415 2122 2516 2169 bel·

380 2210 479 2259 nt,
516 2200 749 2247 excitasse
782 2199 967 2247 bellum
1000 2198 1052 2247 in
1076 2199 1245 2262 Syria,
1289 2208 1337 2246 et
1370 2214 1399 2245 ι
1484 2197 1585 2245 lum
1610 2208 1713 2245 erat
1732 2196 2010 2255 decretum,
2034 2196 2099 2243 ad
2123 2198 2262 2261 quod
2282 2198 2506 2247 Curtium

382 2278 437 2327 C.
472 2278 689 2327 Antistio
713 2280 891 2327 Vetere
925 2282 1155 2344 Apameae
1192 2278 1401 2325 circum-
1482 2275 2046 2342 Nieiauagrammaticum
2060 2276 2342 2325 familiarem
2363 2294 2506 2328 suum

376 2375 582 2414 aeuum,
612 2369 797 2418 tamen,
820 2349 1011 2407 Parthis
1028 2355 1399 2418 auxiliantibus,
1485 2372 1649 2418 seeum
1676 2356 1852 2416 duxit,
1891 2355 1980 2405 lib.
2015 2357 2144 2404 xm
2159 2391 2174 2416 ,
2210 2373 2293 2422 ep.
2334 2357 2401 2406 26
2418 2392 2434 2418 ,
2461 2371 2512 2408 et

377 2438 681 2502 maximeque
710 2435 1057 2487 Alchandonio
1078 2435 1270 2500 Arabe,
1302 2436 1397 2484 ob·
1486 2435 1572 2484 lib.
1599 2437 1715 2494 XV,
1734 2452 1818 2500 ep.
1846 2449 1931 2484 αι.
1960 2437 2157 2484 Peru.

375 2517 567 2566 :idione
597 2533 699 2566 ene
735 2515 992 2566 liberatum
1014 2549 1029 2575 ,
1063 2515 1234 2563 scribit
1272 2515 1395 2576 Dio,
1564 2529 1644 2565 ιο.
1671 2515 1897 2563 Calvena.
1915 2514 2099 2562 Matiu-
2129 2527 2143 2562 :
2174 2515 2263 2579 qui
2291 2515 2508 2576 dixerut,

374 2596 461 2646 lib.
478 2598 682 2646 nvn.
703 2597 851 2646 Man.
870 2623 943 2634 —
962 2594 1198 2644 Restituit
1221 2595 1395 2643 Victo·
1484 2595 1649 2643 omnia
1683 2593 1908 2660 periisse,
1936 2591 2025 2641 lib.
2061 2595 2188 2642 xm
2205 2627 2220 2654 ‚
2241 2595 2385 2660 epist.
2418 2598 2504 2653 ⁴6.

372 2677 487 2726 rius.
511 2677 668 2726 Antea
683 2675 935 2742 legebatur
953 2673 1172 2724 Catilius.
1191 2676 1224 2724 J
1228 2709 1240 2721 .
1256 2675 1321 2723 V.
1336 2675 1391 2721 L.
1482 2675 1702 2724 Minor.

735 2834 826 2855 m
1653 2831 2482 2854 mmmmmm

1057 3000 1662 3080 EPISTOLA
1713 3003 1813 3081 X.

366 3162 645 3238 Quen-itur
666 3173 797 3220 acta
822 3159 1091 3232 Cauris,
1142 3159 1451 3239 omniaque
1492 3159 1617 3237 ejus
1651 3161 1932 3238 promissa
1963 3174 2024 3220 et
2053 3161 2333 3242 cogitata,
2367 3177 2502 3243 post

440 3279 641 3319 necem
670 3259 804 3337 plus
834 3259 1031 3316 valere
1062 3276 1239 3334 quam
1278 3257 1326 3316 si
1352 3257 1598 3316 viveret.
1624 3255 1844 3334 Adjicit
1874 3257 1988 3316 alia
2011 3257 2085 3316 de
2115 3259 2326 3318 itinere
2357 3279 2500 3336 suo,

440 3357 515 3417 de
541 3357 853 3432 Cluviano,
884 3355 959 3415 de
988 3357 1063 3428 Q.
1093 3355 1286 3414 fratris
1312 3354 1594 3414 adversus
1626 3355 1808 3414 fllium
1841 3356 2115 3432 quereliS.
2145 3357 2250 3435 (Iu
2281 3362 2500 3418 Puteo-

440 3455 593 3526 lano,
620 3472 774 3512 auno
796 3457 868 3514 U.
895 3455 959 3510 C.
986 3471 1101 3530 709
1122 3495 1140 3522 ,
1161 3471 1354 3511 mense
1381 3449 1596 3531 aprili.)

1033 3626 1345 3692 CICERO
1392 3625 1713 3691 ATTlco
1761 3625 1826 3688 S.

450 3772 675 3840 ITANE
712 3765 977 3836 ver-0¹?
1006 3763 1149 3835 hoc
1185 3786 1390 3834 meus
1420 3777 1492 3835 et
1528 3777 1698 3834 tuus
1737 3767 2002 3834 Brutus
2029 3764 2211 3862 egit,
2245 3779 2326 3836 ut
2359 3769 2494 3838 La-

352 3879 550 3951 nuvii
578 3875 809 3951 esset?
836 3891 919 3949 ut
939 3874 1345 3948 Trebonius
1387 3873 1768 3946 itineribus
1815 3871 2040 3945 deviis
2067 3873 2486 3972 proficisce-

430 4053 475 4086 ι.
499 4039 647 4085 Itane
668 4053 812 4086 vem.
848 4038 969 4086 Hae
1008 4049 1119 4084 eum
1152 4033 1375 4098 indigue·
1465 4032 1672 4080 Lanuvii
1692 4043 1816 4080 esset
1829 4033 1852 4080 i·
1868 4042 1923 4079 ut
1943 4031 1992 4080 iu
2011 4031 2133 4080 urbe
2149 4042 2258 4080 tuto
2277 4049 2378 4082 ense
2391 4051 2492 4082 uon

350 4119 486 4165 tione
530 4127 643 4164 sunt
685 4118 881 4181 scripta.
922 4115 1136 4173 meone,
1180 4114 1374 4177 inquit,
1464 4113 1670 4177 posset?
1697 4124 1751 4161 ut
1787 4111 2062 4160 Trebonius
2082 4149 2097 4172 ,
2135 4111 2272 4176 quasi
2303 4113 2494 4177 fugiens

348 4195 527 4244 Brutus
564 4195 805 4244 cesarem
840 4195 1059 4257 occidit,
1104 4205 1159 4242 ut
1198 4191 1373 4240 deinde
1465 4192 1662 4241 occulte
1689 4190 2114 4257 proficisceretur?
2136 4193 2286 4242 Mn.

2099 4275 2255 4348 '25.
