3019 4681
468 350 607 421 268
710 411 717 416 .
1104 351 1203 418 M.
1254 351 1331 416 T.
1385 348 1945 418 CICERONIS

368 461 377 472 ’
466 467 753 542 meum³
810 464 1107 565 quidem
1146 501 1151 512 ·
1169 467 1317 562 jam
1376 467 1656 566 pridem
1711 462 2230 564 rempublicam
2291 463 2583 562 lugere3

466 579 668 678 quod
700 576 1083 664 faciebam,
1102 579 1227 650 sed
1246 579 1492 650 mitius
1523 605 1540 648 ι
1579 591 1732 649 erat
1769 581 2000 664 enim,
2025 574 2154 647 uhi
2181 580 2584 672 acquiesce·

461 715 615 763 rem
634 693 687 760 4.
742 693 957 760 Nunc
995 687 1211 786 phne
1256 713 1393 760 nec
1442 712 1578 785 ego
1617 688 1887 758 victum
1909 741 1930 774 ‚
1965 710 2104 758 nec
2135 686 2354 757 vitam
2389 685 2582 756 illam

462 795 749 870 colere⁵
802 821 1138 895 possum3
1193 821 1330 868 nec
1376 798 1453 868 in
1507 822 1590 868 ea
1643 821 1760 884 re,
1819 795 1998 893 quid
2040 796 2194 867 aliis
2233 795 2610 884 videatur,-

460 906 643 977 mihi
695 918 876 1003 puto
940 904 1363 976 curandum.
1422 909 1587 978 Mea
1632 904 1809 976 mihi
1862 907 2296 978 conscientia
2351 905 2582 1002 pluris

462 1031 607 1104 est,
644 1039 863 1112 quam
901 1016 1227 1087 omnium
1262 1039 1523 1087 sermo.
1568 1014 1785 1105 Quod
1829 1041 1945 1088 me
1985 1020 2138 1113 ipse
2173 1039 2304 1113 per
2343 1014 2581 1086 literas

460 1108 873 1198 consolatus
921 1149 1123 1214 sum,
1180 1150 1335 1196 non
1380 1125 1689 1222 poenitet
1737 1147 1851 1196 me
1872 1177 1892 1214 ‚
1945 1140 2300 1221 quantum
2339 1122 2579 1221 profe-

400 1223 411 1234 ’
460 1236 702 1307 cerim.
754 1231 1197 1305 Moerorem⁶
1246 1237 1521 1324 minui;
1571 1233 1898 1306 dolorem
1952 1259 2090 1307 nec
2125 1236 2375 1333 potui,
2411 1258 2581 1323 nec,

460 1347 520 1417 si
559 1368 846 1443 possem
872 1397 892 1432 ‚
946 1343 1225 1415 vellem.
1288 1347 1399 1416 De
1456 1345 1729 1416 Triario
1749 1357 1816 1430 7,
1857 1341 2048 1415 bene
2095 1343 2584 1443 interpretaris

462 1453 911 1525 voluntatem
952 1478 1210 1526 meam.
1253 1458 1364 1524 Tu
1401 1479 1578 1525 vero
1621 1453 1838 1542 nihil,
1875 1455 2015 1525 nisi
2050 1467 2134 1524 ut
2171 1453 2272 1524 illi
2311 1452 2578 1525 volent.

457 1569 645 1636 Amo
695 1563 901 1634 illum
950 1579 1360 1653 mortuum3
1404 1577 1608 1636 tutor
1651 1588 1807 1636 sum
1854 1563 2137 1652 liberis;
2178 1577 2405 1634 totam
2449 1562 2580 1634 do·

459 1697 661 1744 mum
697 1671 937 1769 diligo.
961 1677 1072 1743 De
1106 1675 1546 1745 Castriciano
1579 1677 1872 1771 negotio
1895 1727 1914 1760 ‚
1946 1675 2004 1745 si
2035 1673 2417 1745 Castricius
2446 1697 2582 1771 pro

456 1778 879 1877 mancipiis⁸
913 1785 1291 1880 pecuniam
1332 1786 1657 1881 accipere
1687 1784 1911 1871 volet,
1947 1807 2243 1880 eamque
2275 1783 2341 1854 ei
2375 1783 2576 1869 solvi,

456 1907 541 1964 ut
578 1917 777 1963 nunc
813 1892 1152 1983 solvitur,
1192 1907 1385 1965 certe
1428 1892 1612 1964 nihil
1649 1907 1756 1966 est
1799 1893 2268 1965 commodius.
2303 1897 2424 1967 Sin
2458 1918 2582 1964 au-

458 2016 608 2073 tem
642 2004 742 2074 ita
773 2018 1014 2073 actum
1050 2017 1193 2088 est,
1244 2017 1326 2073 ut
1374 2003 1530 2101 ipsa
1567 2004 1924 2101 mancipia
1959 2001 2348 2075 abduceret
2372 2059 2392 2092 ‚
2429 2027 2580 2074 non

456 2111 636 2183 mihi
684 2111 971 2183 videtur
1018 2135 1171 2183 esse
1223 2136 1509 2207 aequum
1549 2139 1564 2180 τ
1607 2135 1815 2208 rogas
1867 2116 2060 2182 enim
2111 2137 2272 2197 me,
2313 2126 2397 2182 ut
2445 2109 2578 2182 tibi

456 2221 799 2309 scribam,
831 2219 1010 2317 quid
1037 2220 1214 2291 mihi
1244 2220 1591 2291 videatur.
1620 2221 1807 2292 Nolo
1835 2225 2026 2292 enim
2053 2226 2317 2320 negotii
2350 2225 2579 2313 Quin-

458 2348 613 2404 tum
639 2329 931 2402 fratrem
964 2328 1360 2428 quidquam
1400 2327 1710 2420 habere3
1749 2332 1944 2430 quod
1985 2332 2234 2405 videor
2266 2333 2444 2406 mihi
2474 2335 2580 2405 in-

456 2440 851 2529 tellexisse,
909 2440 1043 2511 tibi
1092 2440 1285 2513 idem
1348 2441 1596 2513 videri.
1663 2443 2016 2516 Publilius
2036 2457 2092 2532 9,
2153 2446 2214 2516 si
2261 2447 2578 2543 aequino·

453 2553 678 2624 etium
704 2564 765 2598 ¹⁰
812 2566 1213 2651 exspectat,
1260 2566 1345 2623 ut
1390 2552 1642 2625 scribis
1685 2554 2018 2625 Aledium
2063 2554 2299 2627 dicere
2321 2610 2340 2645 ,
2377 2557 2578 2627 navi-

524 2747 575 2793 3.
598 2747 779 2793 Meum.
815 2744 943 2792 Nam
979 2744 1244 2807 graviorem
1268 2779 1283 2804 ‚
1322 2760 1469 2808 quam

458 2826 607 2873 ceteri
625 2861 641 2887 ,
662 2826 827 2873 auimo
846 2824 1065 2871 dolorem
1084 2822 1379 2888 accipiebam
1409 2824 1470 2873 de

460 2904 729 2953 miserrimo
779 2903 1057 2966 reipublicae
1122 2914 1249 2951 statu
1267 2938 1282 2961 ,
1333 2903 1472 2968 quod

460 3000 605 3049 quam
629 2982 733 3048 ipse
752 2982 813 3029 ab
840 2982 1039 3031 interitu
1065 2998 1349 3041 servassem,
1366 2998 1472 3029 eam

460 3064 665 3111 aliorum
686 3062 877 3125 flagitiis
892 3095 908 3120 ,
951 3060 1225 3124 scelereque
1248 3061 1473 3125 praecipi-

458 3156 557 3192 tem
578 3142 689 3189 ferri
712 3140 777 3189 ad
810 3140 1011 3189 exitium
1035 3139 1265 3188 viderem.
1289 3140 1403 3188 Bos.

528 3225 577 3283 4.
609 3220 702 3269 Ubi
711 3220 1077 3283 acquiescerem.
1093 3222 1257 3283 Quum
1275 3218 1473 3267 haberet

457 3300 635 3357 filiam,
662 3300 802 3360 cujus
836 3299 888 3347 in
920 3312 1140 3346 sermone
1171 3308 1219 3346 et
1236 3299 1471 3347 suavitate

459 3379 801 3443 conquiescere
819 3376 991 3425 solitus
1015 3388 1157 3425 esset.
1175 3378 1318 3426 Mur.

528 3462 576 3509 5.
586 3461 917 3522 Eruestputat
935 3457 1093 3505 colere
1104 3454 1305 3513 victum,
1318 3456 1469 3505 immo

456 3549 507 3586 et
532 3536 693 3585 vitam
704 3570 723 3595 ,
770 3536 859 3583 vix
898 3535 1011 3583 satis
1054 3532 1309 3583 commode
1343 3534 1470 3595 dici,

438 3630 503 3667 ‚et
528 3616 799 3680 suspicatur
822 3614 1077 3678 legendum
1114 3630 1214 3662 esse
1242 3612 1467 3663 coierare.

454 3695 547 3745 Sed
558 3695 699 3742 nimis
711 3695 1015 3759 grammatice
1040 3694 1184 3743 verba
1198 3694 1441 3741 examinat
1454 3730 1467 3742 .

452 3776 499 3823 J.
528 3774 592 3822 V.
615 3774 667 3820 1..

522 3852 575 3899 6.
602 3852 871 3898 Moemrem.
895 3850 1009 3912 Quo
1043 3849 1270 3898 differant
1293 3866 1469 3898 moeror

447 3941 495 3979 et
524 3928 695 3986 dolor,
734 3927 884 3975 habes
900 3930 1049 3977 Tuae.
1070 3930 1161 3987 IV,
1180 3930 1229 3977 8.
1254 3930 1466 3990 Moeror,

448 4006 687 4074 cem-itudo
719 4005 901 4072 flebilis
939 4025 957 4053 .·
996 4006 1139 4055 dolor
1160 4044 1177 4070 ‚
1223 4008 1463 4072 oegrieudo

444 4085 688 4136 crucians.

1629 2764 1677 2808 7.
1709 2747 1913 2797 stim-io.
1948 2750 2024 2797 De
2049 2764 2153 2814 quo
2187 2748 2276 2797 lib.
2305 2749 2382 2797 ΙΙ
2411 2748 2473 2798 de
2497 2750 2578 2797 Fi·

1559 2824 1718 2873 nibus.

1631 2906 1680 2954 8.
1701 2908 1797 2952 Pro
1809 2880 2088 2971 :mancipia
2116 2908 2177 2969 Q.
2200 2908 2376 2957 Cicero
2401 2906 2576 2955 vendi·

1561 2980 1694 3031 derat
1721 2984 1983 3044 Castricio,
2013 2987 2092 3033 cui
2118 2985 2351 3043 debebat,
2391 2985 2576 3034 manci·

1562 3063 1666 3127 pia,
1689 3079 1798 3126 quae
1815 3074 1985 3127 postea
2013 3062 2169 3112 voluit
2205 3065 2300 3113 sibi
2335 3066 2570 3124 retinere,

1561 3151 1613 3189 et
1647 3140 1862 3199 debitum
1887 3142 2074 3191 solvere
2099 3154 2249 3207 prout
2275 3154 2392 3192 tunc
2417 3142 2576 3191 solve-

1559 3218 1700 3267 batur
1727 3236 1788 3267 ex
1813 3221 1915 3283 lege
1938 3222 2075 3269 suna
2093 3256 2110 3279 ‚
2137 3221 2261 3269 datis
2285 3222 2338 3269 in
2360 3222 2574 3270 solutum

1561 3298 1704 3345 rebus
1740 3299 2003 3347 estimatis.
2024 3299 2118 3348 Sed
2137 3316 2286 3364 quum
2320 3301 2385 3348 ita
2413 3312 2573 3349 actum

1559 3387 1712 3436 esset,
1739 3389 1796 3425 ut
1816 3378 2076 3427 Castricius
2102 3378 2206 3442 ipsa
2227 3380 2466 3442 mancipia
2489 3380 2574 3428 ab·

1560 3456 1754 3505 duceret
1770 3490 1787 3516 ,
1819 3473 1919 3504 non
1941 3468 2044 3505 erat
2067 3474 2262 3522 equum
2283 3458 2396 3521 cogi
2432 3458 2571 3506 illum
2671 3510 2674 3515 ,

1559 3534 1622 3581 ad
1649 3536 2012 3583 estimationem
2039 3536 2386 3601 accipiendam.
2421 3537 2570 3600 Quod

1556 3614 1685 3661 enim
1707 3624 1866 3662 actum
1887 3625 1958 3661 est
1975 3650 1991 3676 ,
2016 3630 2073 3663 ex
2091 3614 2199 3663 solo
2220 3624 2466 3662 conventu
2493 3632 2578 3663 va·

1554 3691 1653 3751 let,
1671 3704 1724 3739 ut
1742 3692 1958 3757 loquitur
1983 3704 2158 3743 auctor
2173 3694 2570 3742 Rhetoricorum.
2673 3698 2678 3705 '

1563 3774 1761 3820 Pomm.

1625 3866 1676 3912 9.
1707 3849 1951 3899 Publilius.
1979 3851 2079 3899 Alii
2097 3850 2308 3899 Publius.
2319 3850 2435 3900 Vid.
2462 3862 2566 3900 not.

1553 3928 1616 3977 ad
1643 3944 1722 3993 ep.
1753 3932 1838 3987 ²4·

1631 4022 1706 4055 10.
1733 4007 2108 4071 AEquinoceium.
2135 4010 2353 4058 vernum
2379 4044 2395 4069 ,
2432 4008 2566 4073 quod

1553 4086 1728 4135 incidit
1761 4088 1812 4135 in
1833 4090 1952 4137 vm
1979 4087 2074 4135 tul.
2096 4104 2200 4151 apr.
