3019 4681
517 360 660 459 576
1167 366 1268 433 Μ.
1317 367 1398 431 Τ.
1449 366 2011 437 CICERONIS

515 486 840 585 dispicio.
868 483 1272 572 Familiares
1309 486 1466 581 ejus
1493 486 1671 583 quid
1712 489 2009 585 cupiant
2027 542 2049 577 ,
2086 512 2341 563 omnes
2378 490 2653 565 vident.

517 596 928 669 creditores
987 620 1160 666 vero
1223 597 1410 691 regis
1479 612 1729 694 aperte
1790 602 2133 695 pecunias
2186 600 2655 700 suppeditant

515 723 766 780 contra
799 707 1208 779 Lentulum.
1259 711 1431 778 Sine
1494 706 1721 779 dubio
1772 732 1891 779 res
1930 732 1973 779 a
2006 711 2315 782 Lentulo
2370 726 2653 783 remota

513 817 804 890 videtur
839 840 1028 903 esse,
1072 840 1240 887 cum
1293 842 1558 914 magno
1614 842 1779 889 meo
1838 816 2091 891 dolore
2136 846 2155 890 ε
2207 846 2650 919 quamquam

515 929 744 1001 multa
793 925 1008 1013 fecit,
1047 950 1272 1023 quare
1293 981 1314 1013 ‚
1359 927 1422 997 si
1455 924 1561 997 fas
1598 942 1785 999 esset
1814 984 1837 1017 ,
1888 930 2051 1025 jure
2110 932 2175 1002 ei
2226 948 2649 1003 succensere

515 1060 914 1135 possemus,
954 1039 1064 1105 Tu
1090 1087 1110 1122 ,
1153 1036 1216 1105 si
1259 1040 1358 1107 ita
1393 1034 1795 1133 expeditffi,
1828 1038 2045 1109 velim
2080 1064 2297 1137 quam
2330 1043 2641 1140 primum

513 1146 710 1219 bona
749 1162 824 1217 et
867 1160 1062 1217 certa
1097 1159 1527 1243 tempestate
1570 1150 2013 1221 conscendas
2029 1206 2050 1240 ‚
2090 1150 2181 1222 ad
2228 1174 2489 1248 meque
2524 1176 2645 1223 ve-

515 1257 690 1327 nias.
731 1252 1302 1330 Innumerabiles
1327 1258 1523 1327 enim
1560 1282 1677 1329 res
1702 1274 1911 1348 sunt,
1942 1261 2019 1330 in
2046 1258 2315 1355 quibus
2347 1275 2421 1331 te
2456 1286 2647 1359 quo-

515 1364 690 1437 tidie
724 1366 800 1435 in
835 1366 1040 1437 omni
1063 1389 1326 1463 genere
1354 1365 1779 1439 desiderem.
1814 1370 1951 1440 Tui
1978 1371 2356 1467 nostrique
2380 1370 2645 1440 valent.

511 1500 674 1549 xxm
715 1474 852 1547 kal.
889 1474 1071 1547 febr.

513 1674 725 1723 quorum
747 1658 814 1705 ad
836 1656 1136 1721 eripiendam
1158 1656 1370 1705 Lentulo
1407 1656 1537 1721 regis
1624 1658 1807 1723 populi
1845 1675 1971 1708 rom.
2004 1659 2233 1717 nomine,
2268 1675 2322 1707 re
2345 1668 2503 1707 auten
2530 1672 2645 1705 vera

513 1738 847 1787 reductionem
871 1735 1202 1800 iniquissimos
1225 1746 1432 1783 conatus
1465 1735 1540 1783 la-
1624 1736 1997 1785 eeeleratiauimo
2012 1738 2270 1787 latrocinio
2284 1773 2299 1796 ‚
2326 1737 2369 1785 ti
2388 1752 2481 1801 qua
2496 1751 2647 1784 com·

513 1815 772 1865 trachium
797 1814 1028 1880 appellat.
1072 1814 1150 1861 De
1183 1812 1366 1878 quibus
1389 1816 1538 1863 etiam
1624 1814 1813 1865 buntur
1837 1832 2003 1881 agere,
2026 1828 2123 1867 etc.
2142 1840 2169 1860 ι-
2182 1819 2331 1867 ΜΛπ.
2500 1810 2503 1815 ’

511 1896 657 1961 epist.
678 1902 709 1951 4
735 1893 801 1942 ad
826 1892 1085 1942 Lentulum
1109 1892 1212 1941 sic:
1235 1913 1259 1936 ι
1275 1892 1378 1957 Qui
1407 1908 1540 1941 nunc
1704 1894 1781 1942 16.
1810 1894 2043 1959 Expedit.
2064 1895 2182 1945 Sch.
2207 1892 2460 1961 eapedisti·

2181 2072 2641 2095 mmmm

523 2070 1256 2100 mmmm-mn

1162 2282 1772 2365 EPISTOLA
1839 2282 1998 2363 III.

507 2446 666 2524 Quid
697 2447 758 2504 in
790 2458 994 2505 senatu
1017 2445 1094 2503 sit
1121 2458 1346 2517 actum,
1373 2443 1435 2502 in
1456 2445 1783 2522 primisque
1806 2463 1936 2522 quae
1960 2445 2021 2501 in
2040 2442 2265 2521 judicio
2288 2443 2365 2502 de
2392 2443 2643 2524 Milone,

586 2562 762 2622 quem
790 2543 1027 2602 Clodius
1053 2541 1128 2600 de
1161 2542 1217 2599 vi
1248 2554 1616 2600 accusaverat
1642 2541 1715 2598 ad
1744 2541 2025 2620 populum
2045 2583 2062 2612 ‚
2104 2541 2447 2613 acciderint,
2476 2559 2638 2598 com-

594 2651 909 2711 memorat,
941 2651 1001 2697 et
1027 2659 1156 2716 quae
1182 2643 1256 2696 sit
1284 2639 1637 2717 exspectatio
1668 2637 1922 2716 ejusdem
1944 2637 2151 2716 judicii
2178 2638 2239 2695 in
2264 2635 2579 2713 Quirinalia
2604 2655 2639 2692 a

591 2733 797 2793 Clodio
829 2733 1010 2792 dilati.
1048 2737 1136 2791 De
1177 2735 1375 2793 Sextio
1404 2733 1478 2791 de
1505 2731 1729 2792 ambitu
1755 2753 1791 2791 a
1823 2739 1923 2791 Cn.
1955 2733 2167 2806 Nerio,
2212 2747 2272 2792 et
2307 2734 2381 2792 de
2407 2733 2464 2791 vi
2492 2751 2525 2791 a
2554 2735 2637 2788 Μ.

587 2831 783 2890 Tullio
822 2830 1153 2909 postulat03
1185 2829 1260 2888 de
1305 2830 1845 2902 senatusconsulto,
1886 2849 2004 2908 quo
2030 2829 2338 2888 centuriati
2364 2842 2425 2887 et
2458 2827 2635 2886 decu-

590 2928 720 2986 riati
757 2926 1052 2986 discedere
1073 2925 1461 3004 jubebantur3
1507 2925 1583 2986 de
1618 2927 1807 2985 Bestia
1835 2924 2082 2984 ambitus
2115 2947 2215 2984 reo
2239 2947 2273 2984 a
2313 2946 2373 2984 se
2404 2925 2636 2983 defenso

597 3038 656 3084 et
687 3023 799 3082 alia
831 3023 1164 3083 domestica.
1183 3023 1208 3102 (
1227 3029 1456 3098 Romae,
1481 3043 1634 3082 anno
1662 3027 1734 3083 U.
1758 3027 1823 3082 C.
1848 3023 1959 3100 697
1976 3067 1997 3096 ,
2028 3042 2221 3082 mense
2252 3018 2597 3099 februario.)

1105 3227 1448 3291 MARCUS
1495 3227 1579 3310 Q.
1625 3225 1938 3292 FRATRI
1982 3229 2049 3292 S.

602 3388 880 3452 Scnwsr
943 3377 1034 3450 ad
1095 3393 1166 3449 te
1221 3393 1428 3449 antea
1484 3378 1857 3476 superiora
1904 3405 1919 3446 ε
1976 3401 2175 3448 nunc
2234 3400 2630 3475 cognosce,

508 3505 756 3588 postea
801 3514 964 3587 quae
1003 3490 1149 3560 sint
1191 3503 1366 3560 acta.
1401 3491 1460 3559 A
1489 3485 1629 3559 kal.
1664 3485 1843 3558 febr.
1876 3499 1896 3531 ¹
1931 3488 2327 3586 legationes
2364 3489 2439 3556 in
2471 3486 2631 3557 idus

587 3716 630 3748 ι.
657 3701 774 3749 Kal.
789 3700 930 3766 febr.
953 3702 1175 3766 Legitimi
1201 3701 1428 3750 habendo
1451 3717 1528 3748 ee·
1614 3701 1831 3749 Positum
1850 3699 1904 3747 id
1930 3701 2101 3748 eratin
2117 3699 2365 3748 voluntate
2380 3697 2631 3761 magistra-

509 3779 648 3827 nntui
685 3779 788 3827 dies
826 3791 991 3841 erant,
1029 3803 1057 3824 α
1075 3780 1316 3838 kalendae,
1353 3794 1527 3836 noune,
1616 3789 1774 3828 tuum.
1800 3781 2085 3842 Legationes
2108 3779 2257 3842 igitur
2282 3793 2309 3826 a
2342 3775 2561 3825 kalendis
2580 3775 2631 3822 in

512 3856 624 3904 idus
639 3877 684 3904 n.
713 3857 929 3921 Reliquis
955 3859 1127 3907 diebus
1149 3893 1164 3918 ‚
1193 3857 1344 3907 modo
1377 3858 1529 3906 comi·
1616 3857 1725 3906 idua
1750 3857 2124 3919 rejiciebantur3
2148 3872 2250 3904 nou
2273 3858 2385 3920 quia
2412 3864 2632 3902 seua-tum

518 3935 655 3983 fiale·
679 3951 784 3982 uon
809 3947 993 3994 essent,
1028 3936 1194 3985 haberi
1221 3937 1422 4001 quidem
1455 3951 1531 3984 se-
1618 3935 1789 3984 haberi
1836 3949 1947 3985 aute
1992 3935 2102 3984 idua
2150 3951 2251 3984 uon
2292 3935 2491 3994 lioeoet3
2546 3931 2631 3980 ned

515 4023 658 4061 natus
691 4023 917 4076 poteram
969 4017 1054 4064 sed
1081 4026 1242 4064 certus
1267 4030 1426 4080 neque
1461 4016 1529 4063 le·
1620 4013 1759 4078 quie,
1786 4015 1825 4062 si
1846 4015 2119 4072 habentur,
2148 4013 2241 4061 alia
2276 4011 2339 4062 de
2362 4028 2415 4060 re
2440 4011 2627 4077 potius.

513 4106 601 4152 ge,
647 4107 805 4202 nequ?
845 4109 978 4140 more
1018 4103 1226 4142 statutus
1268 4105 1372 4142 erat
1409 4095 1528 4142 dieu.
1618 4108 1762 4157 qnam
1788 4091 2215 4156 delegationibus,
2235 4093 2313 4157 agi
2336 4091 2563 4156 placeret.
