3019 4681
729 384 1272 458 EPISTOLAE
1323 385 1519 454 CIC.
1572 375 1697 454 ET
1744 385 2096 472 BRUTI,
2152 409 2257 456 io.
2418 385 2565 484 669
2618 465 2625 470 ,

431 505 1088 605 (quandoquidem
1127 505 1453 606 potentia
1497 505 1647 599 jam
1684 506 1761 576 in
1796 509 1866 575 vi
1902 508 2134 604 posita
2174 523 2313 596 est,
2354 525 2429 581 et
2464 535 2570 582 ar-

429 617 648 712 mis),
691 617 982 704 accidit,
1036 631 1120 690 ut
1174 640 1394 690 nemo
1443 615 1781 686 tribunus
1820 615 2055 715 plebis
2081 670 2101 702 ‚
2156 643 2376 690 nemo
2428 620 2570 691 alio

427 729 846 826 magistratu
865 781 884 816 ,
923 751 1142 799 nemo
1175 727 1492 825 privatus
1509 781 1530 816 ,
1566 742 1823 798 auctor
1866 728 2255 798 exsisteret.
2300 729 2441 801 Sed
2488 731 2571 802 in

430 839 566 910 hac
593 839 998 910 constantia
1033 853 1256 935 atque
1285 840 1555 910 virtute
1574 891 1593 926 ,
1616 850 1769 910 erat
1804 851 2045 908 tamen
2070 838 2371 910 sollicita
2406 839 2571 911 civi-

427 963 556 1018 taS.
600 946 989 1018 Illudimur
1029 947 1264 1036 enim,
1313 951 1571 1032 Brute,
1607 972 1839 1045 quum
1886 947 2191 1018 militum
2227 946 2569 1040 deliciis⁵,

432 1073 584 1128 tum
632 1059 1086 1156 imperatoris
1137 1058 1523 1130 insolentia
1540 1055 1597 1127 ⁶.
1643 1061 1955 1129 Tantum
2008 1057 2319 1155 quisque
2370 1084 2448 1131 se
2490 1060 2571 1131 iu

429 1164 802 1264 republica
832 1191 1048 1266 posse
1072 1165 1389 1264 postulat
1407 1221 1428 1254 ,
1467 1183 1823 1264 quantum
1852 1165 2075 1240 habet
2101 1169 2382 1239 virium.
2403 1173 2573 1242 Non

429 1280 649 1366 ratio,
692 1301 850 1348 non
886 1275 1149 1349 modus
1176 1330 1195 1365 ‚
1238 1301 1388 1348 non
1434 1277 1587 1367 lex,
1626 1303 1779 1352 non
1818 1303 2013 1366 mos,
2052 1301 2203 1349 non
2248 1276 2573 1351 officium

430 1387 650 1476 valet3
696 1412 847 1460 non
903 1387 1301 1482 judicium,
1362 1411 1517 1458 non
1570 1389 2007 1460 existimatio
2064 1389 2363 1478 civium,
2423 1416 2575 1462 non

425 1498 868 1595 posteritatis
909 1495 1362 1569 verecundia.
1401 1501 1567 1568 Haec
1610 1521 1748 1593 ego
1790 1497 2027 1568 multo
2068 1511 2237 1567 ante
2284 1503 2572 1596 prospi-

429 1609 663 1696 cienS,
689 1605 1054 1704 fugiebam
1081 1631 1168 1678 ex
1203 1605 1438 1694 Italia,
1477 1621 1673 1694 tum,
1716 1631 1948 1703 quum
1978 1629 2094 1676 me
2120 1619 2569 1679 vestrorum⁷

431 1718 834 1789 edictorum
899 1715 1087 1788 fama
1145 1719 1529 1789 revocavit.
1600 1716 1989 1786 Incitavisti
2044 1739 2217 1787 vero
2274 1731 2355 1789 tu
2416 1742 2574 1808 me,

427 1835 685 1918 Brute,
721 1829 962 1901 Velioe.
1006 1832 1468 1925 Quamquam
1505 1827 1701 1896 enim
1742 1825 2078 1897 dolebam
2103 1881 2122 1912 ‚
2158 1827 2232 1895 iu
2260 1850 2417 1897 eam
2454 1851 2575 1900 me

427 1938 702 2010 Urbem
741 1941 882 2028 ire,
921 1963 1140 2038 quam
1186 1953 1266 2009 tu
1313 1935 1598 2035 fugeres
1628 1991 1647 2024 ,
1692 1938 1823 2034 qui
1866 1939 2023 2008 eain
2072 1934 2522 2009 liberavisses
2553 1992 2574 2027 ‚

429 2048 630 2148 quod
667 2049 838 2119 mihi
886 2073 1184 2146 quoque
1241 2045 1611 2146 quondam
1652 2045 2047 2134 acciderat,
2100 2047 2427 2144 periculo
2476 2052 2571 2119 si·-

431 2162 617 2245 mili,
653 2183 818 2231 casu
853 2161 1166 2230 tristiore
1207 2183 1222 2226 ε
1276 2159 1561 2254 perrexi
1593 2172 1833 2227 tamen
1859 2210 1878 2244 ‚
1910 2160 2365 2252 Romamque
2402 2180 2571 2254 per-

426 2272 630 2359 veni,
666 2267 1015 2367 nulloque
1043 2265 1377 2366 praesidio
1403 2263 1764 2364 quatefeci
1802 2265 2248 2353 Antonium3
2290 2281 2576 2338 contra-

430 2407 573 2479 que
634 2382 788 2479 ejus
839 2404 1036 2451 arma
1079 2376 1426 2464 nefanda,
1468 2375 1829 2477 praesidia,
1872 2401 2035 2474 quae
2079 2376 2322 2448 oblata
2363 2393 2574 2465 sunt,

429 2495 722 2564 Caesaris
753 2489 1056 2563 consilio
1103 2505 1175 2560 et
1209 2488 1639 2561 auctoritate
1674 2486 1974 2557 firmavi.
2014 2488 2160 2576 Qui
2194 2489 2255 2559 si
2296 2491 2575 2560 steterit

429 2602 623 2673 idem
647 2656 668 2691 ‚
695 2602 1021 2699 mihique
1061 2599 1414 2699 paruerit,
1453 2599 1623 2669 satis
1662 2596 1995 2671 videmur
2036 2596 2353 2671 habituri
2394 2622 2575 2698 prae-

429 2709 608 2782 sidii.
671 2713 796 2783 Sin
853 2726 1095 2783 autem
1159 2711 1553 2807 impiorum
1618 2708 1913 2780 consilia
1972 2706 2136 2806 plus
2182 2710 2573 2799 valuerint,

429 2842 650 2914 quam
689 2834 972 2907 nostra3
1001 2835 1130 2891 aut
1155 2818 1609 2891 imbecillitas
1636 2820 1858 2890 aetatis
1884 2842 2035 2889 nou
2068 2820 2389 2917 potuerit
2410 2844 2572 2917 gra-

429 2930 717 2997 vitatem
746 2952 992 2999 rerum
1025 2932 1378 3003 sustinere
1407 2956 1424 2999 τ
1460 2953 1625 3028 spes
1651 2932 1887 3001 omnis
1931 2944 2039 3001 est
2066 2932 2141 3001 in
2170 2944 2264 3001 te.
2299 2933 2573 3021 Quam-

429 3034 683 3107 obrem
738 3034 1030 3124 advola,
1084 3035 1388 3109 obsecro
1422 3091 1443 3123 ,
1511 3052 1732 3135 atque
1787 3063 1943 3109 eam
2000 3036 2523 3137 rempublicam
2548 3092 2571 3123 ‚

429 3172 644 3245 quam
670 3148 972 3235 virtute,
1012 3162 1231 3245 atque
1269 3148 1490 3219 animi
1517 3146 2020 3245 magnitudine
2057 3148 2318 3245 magis,
2348 3172 2570 3245 quam

431 3261 704 3330 eventis
743 3282 993 3331 rerum
1028 3256 1378 3345 liberasti,
1409 3258 1611 3329 exitu
1650 3256 1895 3329 libera.
1947 3260 2202 3329 Omnis
2240 3261 2569 3330 omnium

430 3392 826 3443 concursus
866 3368 960 3441 ad
993 3384 1066 3441 te
1097 3366 1388 3442 futurus
1427 3384 1559 3441 est.
1602 3374 1906 3441 Hortare
1926 3362 2137 3440 'idem
2164 3394 2298 3468 per
2333 3371 2571 3443 literas

431 3482 776 3553 Cassium.
813 3484 992 3579 Spes
1030 3479 1378 3553 libertatis
1413 3502 1815 3577 nusquam,
1868 3480 2007 3550 nisi
2042 3482 2116 3549 in
2158 3495 2569 3553 vestrorum

430 3606 830 3663 castrorum
880 3584 1290 3689 principiis⁸
1343 3605 1472 3663 est.
1522 3592 1799 3661 Firmos
1860 3590 2163 3661 omnino
2218 3605 2290 3662 et
2350 3588 2572 3664 duces

439 3726 591 3773 Extra
618 3724 840 3773 ordinem
865 3722 1160 3788 quandoque
1181 3722 1462 3785 iunioribus
1548 3722 1763 3771 insolens
1784 3732 1855 3769 eat
1878 3722 2035 3771 sactu·
2049 3756 2065 3781 ,
2084 3732 2139 3770 ut
2163 3722 2464 3771 consulatum
2481 3740 2573 3773 nn-

438 3820 492 3853 ea
517 3802 726 3865 dignitas
749 3802 1142 3852 demandabant.
1171 3804 1316 3853 Mur.
1552 3800 1661 3850 dent
1682 3800 1947 3866 postulare.
1976 3804 2127 3851 Inxn.

505 3882 553 3929 5.
576 3880 792 3931 Deliciis.
815 3882 986 3945 Igitur,
1006 3881 1278 3945 perniciosa
1297 3880 1451 3929 licen·
1614 3896 1662 3941 7.
1692 3884 1985 3930 Vestrorum.
2014 3879 2149 3928 Bruti
2168 3890 2259 3940 ,et
2278 3881 2435 3931 Curii
2458 3896 2473 3931 ε
2502 3882 2565 3931 de

429 3961 498 4010 tia
513 3994 530 4021 ,
553 3978 650 4025 qua
673 3960 768 4009 nihi
790 3976 960 4009 eornm
983 3960 1172 4010 animo·
1189 3960 1454 4025 imperator
1552 3960 1731 4026 quibus
1750 3960 1880 4009 Phil.
1910 3962 1954 4009 1.
1981 3963 2129 4008 Inus.

433 4040 670 4089 devinxit.
701 4044 854 4090 Inm-
1313 4078 1318 4085 .
1616 4042 1665 4089 8.
1694 4039 1960 4089 Prasidiis.
1990 4037 2247 4105 Principiis
2263 4072 2279 4098 ,
2304 4054 2408 4087 esse
2426 4038 2571 4087 video

503 4120 556 4169 6.
593 4120 878 4170 lasea-mia.
918 4121 1018 4183 Qui
1053 4136 1115 4169 ex
1154 4119 1360 4169 victoria
1385 4120 1456 4168 ita
1544 4120 1601 4169 in
1634 4119 1846 4184 antiquis
1876 4119 2013 4168 libris
2044 4132 2059 4167 ε
2094 4134 2221 4185 quo·
2247 4133 2339 4183 ego
2365 4118 2572 4167 libenter
