3019 4681
614 326 1138 445 EpisToLAE
1187 375 1324 443 An
1373 374 1859 460 ΑΤΤιουΜ,
1901 374 2121 460 xv1‚
2171 371 2277 443 ιθ.
2384 372 2524 471 εις)

1415 594 1491 663 C.

893 800 1203 865 clcERo
1247 782 1702 871 cAP'rrom¹
1752 802 1916 865 suo
1963 802 2026 867 s.

383 928 733 1044 Capitonem
763 977 966 1043 rogat,
995 976 1062 1023 ut
1087 963 1282 1025 sibiet
1310 963 1508 1024 Attico
1532 965 1591 1024 in
1623 984 1797 1037 causa
1810 966 2251 1025 Buthrotiorum
2282 986 2523 1046 operam

1065 1073 1318 1141 prastet.
1346 1063 1453 1140 (In
1481 1062 1867 1141 Tusculano.)

481 1228 872 1311 'NUMQUAM
915 1227 1165 1324 putavi
1201 1222 1394 1313 fore,
1443 1239 1530 1295 ut
1572 1225 1882 1324 supplex
1926 1224 2017 1297 ad
2054 1241 2127 1298 te
2158 1229 2525 1301 venirem:

387 1335 515 1408 sed
547 1333 841 1408 hercule
873 1332 1081 1407 facile
1115 1335 1379 1433 patior,
1416 1332 1665 1405 datum
1696 1349 2019 1434 tempus,
2049 1338 2124 1408 in
2152 1362 2305 1435 quo
2336 1362 2531 1411 amo-

384 1470 544 1517 rem
601 1448 968 1545 experirer
1033 1458 1266 1517 tuum.
1329 1448 1646 1516 Atticum
1709 1448 1968 1544 quanti
2026 1439 2324 1537 faciam,
2368 1452 2524 1523 scis.

386 1555 668 1627 Amabo
719 1570 834 1645 te,
883 1554 976 1627 da
1019 1554 1199 1626 mihi
1244 1570 1320 1627 et
1361 1554 1504 1626 hoc
1540 1583 1555 1627 ε
1602 1554 2027 1627 obliviscere
2066 1582 2226 1628 mea
2274 1584 2486 1632 causa
2511 1616 2530 1648 ‚

382 1664 592 1739 illum
653 1665 1047 1765 aliquando
1105 1692 1240 1738 suo
1294 1662 1669 1755 familiari,
1715 1664 2122 1739 adversario
2172 1682 2349 1758 tu0,
2404 1693 2529 1740 vo-

386 1776 603 1848 luisse
645 1776 1061 1849 consultum
1085 1831 1104 1866 ,
1164 1800 1399 1875 quum
1442 1776 1635 1849 illius
1689 1778 2123 1850 existimatio
2174 1794 2527 1877 ageretur.

384 1886 546 1959 Hoc
604 1888 922 1985 primum
981 1890 1362 1985 ignoscere
1429 1902 1539 1960 est
1591 1884 2062 1960 humanitatis
2123 1904 2303 1977 tuae3
2364 1914 2533 1961 suos

385 2000 584 2070 enim
615 1999 931 2095 quisque
963 1996 1185 2069 debet
1216 1999 1441 2068 tueri:
1476 1995 1775 2087 deinde,
1798 2000 1852 2069 si
1874 2022 1994 2070 me
2016 2022 2213 2070 amas
2234 1999 2533 2097 (omitte

383 2106 794 2205 Atticum),
836 2107 1172 2180 Ciceroni
1207 2122 1380 2196 tuo,
1427 2133 1649 2207 quem
1688 2110 1945 2206 quanti
1980 2106 2229 2208 facias,
2270 2134 2419 2207 prae
2461 2124 2529 2180 te

383 2219 572 2292 soles
603 2216 832 2307 ferre,
887 2232 1126 2291 totum
1170 2217 1313 2290 hoc
1353 2216 1478 2307 da,
1529 2232 1653 2305 ut,
1694 2217 1899 2316 quod
1944 2243 2234 2317 semper
2287 2220 2529 2290 existi-

381 2330 606 2418 mavi,
637 2355 840 2402 nunc
875 2314 1088 2428 plane
1121 2328 1517 2428 intelligam
1538 2385 1557 2418 ‚
1596 2355 1713 2402 me
1749 2355 1791 2401 a
1825 2345 1897 2402 te
1932 2330 2248 2403 multum
2280 2330 2524 2402 amari.

381 2441 803 2514 Buthrotios
846 2465 1078 2537 quum
1113 2443 1346 2513 Caesar
1382 2441 1676 2513 decreto
1713 2467 1880 2532 suc,
1926 2441 2127 2540 quod
2166 2468 2301 2541 ego
2336 2443 2525 2515 obsi-

382 2553 597 2652 gnavi
633 2575 802 2623 cum
833 2549 1290 2648 amplissimis
1316 2552 1523 2637 viris,
1554 2550 2033 2640 liberavisset,
2066 2551 2527 2624 ostendisset-

382 2687 532 2761 que
567 2659 825 2750 nobis,
859 2684 973 2748 se,
1014 2682 1246 2757 quum
1273 2660 1531 2758 agrarii
1556 2685 1752 2732 mare
1790 2665 2248 2747 transissent,
2283 2661 2526 2734 literas

380 2773 776 2844 missurum
797 2824 818 2857 ‚
855 2794 1079 2870 quem
1100 2771 1178 2840 in
1201 2793 1455 2867 agrum
1491 2769 2063 2861 deducerentur,
2104 2772 2362 2845 accidit
2380 2829 2401 2860 ‚
2440 2787 2521 2844 ut

381 2881 628 2956 subito
662 2879 782 2952 ille
833 2881 1184 2952 interiret.
1227 2879 1513 2953 Deinde
1536 2936 1556 2968 ‚
1608 2883 2221 2980 quemadmodum
2272 2867 2352 2955 tu
2389 2887 2525 2956 scis

380 2989 818 3092 (interfuisti
859 2991 1050 3062 enim
1069 3044 1090 3080 ,
1135 3015 1364 3088 quum
1408 2993 1742 3066 consules
1775 3009 2145 3092 oporteret
2184 3021 2273 3066 ex
2310 3021 2517 3068 sena-

381 3100 839 3174 tusconsulto
885 3100 976 3171 de
1020 3102 1196 3172 actis
1241 3103 1535 3173 Caesaris
1574 3105 2089 3200 cognoscere),
2142 3129 2259 3176 res
2308 3104 2400 3176 ab
2438 3107 2522 3174 iis

387 3215 464 3283 in
502 3210 645 3282 kal.
680 3211 840 3305 jun.
884 3208 1102 3281 dilata
1147 3225 1276 3283 est.
1317 3217 1633 3284 Accessit
1675 3213 1766 3285 ad
1812 3215 2518 3287 senatusconsultum

385 3323 537 3409 lex,
576 3345 738 3419 quae
791 3320 930 3392 lata
981 3335 1090 3392 est
1131 3346 1190 3393 a.
1227 3320 1298 3393 d.
1335 3347 1406 3392 iv
1443 3347 1615 3395 non.
1662 3325 1862 3420 jun.;
1907 3349 2068 3422 quae
2115 3324 2228 3397 lex
2274 3350 2519 3396 earum

381 3455 630 3505 rerum
657 3487 679 3520 ,
735 3455 916 3528 quas
970 3435 1201 3502 Caesar
1251 3437 1614 3506 statuisset
1634 3489 1654 3524 ,
1702 3434 2131 3507 decrevisset
2151 3487 2171 3519 ‚
2222 3438 2483 3532 egisset
2506 3492 2524 3519 ‚

384 3541 804 3616 consulibus
858 3546 1348 3640 cognitionem
1412 3543 1631 3616 dedit.
1682 3550 1911 3619 Causa
1971 3544 2541 3622 Buthrotiorum.

385 3652 618 3725 delata
661 3666 771 3725 est
816 3652 911 3725 ad
963 3653 1316 3726 consules.
1367 3658 1759 3726 Decretum
1804 3657 2095 3728 Caesaris
2135 3658 2515 3729 recitatum

387 3778 526 3850 est,
555 3779 631 3836 et
656 3763 865 3834 multi
898 3778 1239 3861 praeterea
1267 3763 1487 3837 libelli
1519 3769 1809 3839 caesaris
1838 3766 2125 3865 prolati.
2161 3767 2515 3859 Consules

459 3985 504 4016 1.
532 3966 779 4032 Capitoni.
809 3967 870 4016 C.
898 3967 1086 4014 Atteius
1111 3966 1312 4031 Capito,
1341 3966 1402 4014 de
1490 3967 1537 4014 J.
1555 3965 1617 4011 V.
1640 3966 1696 4012 L.
1728 3979 1897 4028 parum
1920 3961 2189 4010 verisimilis
2209 3961 2419 4014 videtur.
2448 3968 2512 4012 Ea

385 4063 488 4110 quo
505 4045 592 4096 lib.
621 4047 776 4102 xm,
802 4045 864 4093 ad
893 4046 998 4094 Au.
1026 4063 1105 4109 ep.
1140 4046 1202 4093 33
1221 4079 1236 4104 ‚
1267 4056 1312 4092 ot
1339 4046 1400 4092 ad
1489 4059 1666 4107 nempe
1716 4043 1855 4093 nullo
1898 4042 2050 4093 modo
2094 4042 2313 4091 fii-rnatu!-
2362 4045 2515 4107 priori

385 4125 500 4175 niv.
534 4128 689 4182 1111,
736 4141 818 4190 ²9-
861 4125 958 4174 Sed
980 4125 1082 4173 hoec
1123 4123 1400 4184 confectura
1490 4124 1634 4188 epist.
1661 4125 1825 4174 Altera
1850 4135 2011 4173 autem
2038 4125 2285 4174 evertitur.
2317 4127 2406 4174 En.
