3019 4681
526 315 690 421 696'
846 325 1366 395 EPISTOLAE
1417 325 1605 395 CIC.
1656 325 1778 394 ET
1827 325 2172 411 BRUTI,
2218 321 2325 394 18.

523 448 975 546 pecuniariae.
1028 444 1580 518 Obdurescunt⁴
1618 447 1813 516 enim
1845 447 2071 544 magis
2104 444 2425 544 quotidie
2470 443 2644 519 boni

524 561 658 628 viri
685 554 776 628 ad
811 581 1060 628 vocem
1095 554 1348 628 tributi
1385 584 1400 626 ε
1439 555 1641 654 quod
1674 580 1763 627 ex
1796 554 2225 634 centesima⁵
2269 555 2605 628 collatum
2626 613 2645 646 ‚

525 665 932 765 impudenti
973 664 1240 738 censu⁶
1279 666 1760 764 locupletum,
1800 667 1877 737 in
1929 667 2237 739 duarum
2276 667 2645 765 legionum

523 780 834 877 praemiis
856 788 881 833 ⁷
912 802 1128 850 omne
1159 781 1629 850 consumitur.
1656 779 2089 876 Impendent
2113 793 2353 850 autem
2382 777 2643 851 infiniti
2686 799 2693 806 ·

523 905 854 988 sumptus
882 913 1108 986 quum
1143 891 1220 961 in
1251 890 1385 962 hos
1422 894 1812 978 exercituS‚
1866 890 2131 987 quibus
2163 915 2363 962 nunc
2392 889 2641 961 defen-

519 997 796 1089 dimur,
829 1014 987 1071 tum
1019 1002 1293 1073 veroin
1319 1014 1548 1072 tuum.
1572 1005 1755 1073 Nam
1777 1005 2057 1072 Cassius
2084 1015 2331 1071 noster
2363 999 2645 1072 videtur

520 1133 731 1206 posse
769 1113 935 1181 satis
963 1125 1258 1183 ornatus
1291 1113 1557 1183 venire.
1608 1109 1748 1182 Sed
1785 1124 1858 1181 et
1883 1110 2077 1198 haec,
2124 1125 2198 1182 et
2239 1110 2464 1182 multa
2508 1110 2643 1182 alia

521 1243 762 1290 coram
806 1221 1066 1318 cupi0,
1099 1219 1318 1318 idque
1355 1245 1567 1317 quam
1605 1221 1940 1319 primum.

614 1331 724 1399 De
767 1331 1033 1400 sororis
1077 1344 1216 1400 tuae
1253 1328 1414 1400 filiis
1459 1354 1612 1401 non
1661 1331 2110 1427 exspectavi,
2150 1335 2369 1400 Brute
2396 1383 2416 1418 ‚
2466 1328 2639 1399 dum

519 1437 888 1510 scriberes.
933 1441 1252 1510 Omnino
1283 1439 1428 1533 jam
1480 1454 1811 1537 tempora
1839 1437 2167 1534 (bellum
2206 1441 2398 1509 enim
2429 1438 2643 1509 duee-

513 1547 678 1642 tur)
714 1549 1064 1646 integram
1100 1547 1238 1620 —tibi
1274 1572 1555 1618 causam
1588 1562 1979 1618 reservant.
2018 1547 2155 1619 Sed
2192 1571 2325 1644 ego
2362 1571 2405 1617 a
2438 1549 2638 1644 prin-

517 1659 706 1757 cipio
725 1711 743 1745 ‚
762 1682 994 1755 quum
1020 1658 1335 1730 divinare
1351 1656 1440 1730 de
1454 1656 1629 1729 belli
1645 1657 2116 1729 diuturnitate
2145 1682 2295 1728 non
2319 1681 2602 1755 possem
2620 1711 2639 1743 ‚

515 1770 615 1839 ita
663 1791 951 1840 causam
991 1770 1106 1866 egi
1142 1793 1534 1866 puerorum
1586 1770 1661 1838 in
1698 1783 1988 1856 senatu,
2027 1783 2109 1840 ut
2144 1783 2217 1838 te
2252 1767 2563 1838 arbitror
2597 1793 2638 1837 e

513 1879 760 1950 matris
792 1879 1015 1950 literis
1059 1884 1383 1975 potuisse
1426 1902 1883 1978 cognoscere.
1922 1883 2075 1952 Nee
2114 1903 2285 1950 vero
2327 1877 2477 1950 ulla
2524 1901 2637 1949 res

513 1988 648 2059 erit
681 2011 1068 2084 umquam,
1107 1989 1181 2058 in
1215 2011 1360 2085 qua
1390 2014 1525 2086 ego
1560 2015 1748 2081 non,
1802 1988 1920 2060 vel
1957 1990 2119 2060 vitae
2164 1989 2518 2088 periculo,
2554 2013 2637 2060 ea

511 2097 778 2185 dicam,
799 2121 1030 2194 eaque
1055 2094 1337 2187 faciam,
1365 2124 1527 2196 quae
1554 2113 1627 2170 te
1650 2099 1831 2170 velle
1851 2154 1871 2188 ,
1910 2123 2217 2196 quaeque
2245 2098 2338 2171 ad
2372 2113 2441 2170 te
2469 2121 2631 2196 per-

511 2211 744 2280 tinere
777 2206 1082 2279 arbitrer
1095 2203 1146 2277 3.
1177 2209 1373 2280 Vale.
1405 2235 1479 2280 Ἡ
1512 2207 1793 2280 kalend.
1828 2224 2001 2282 sext.
2110 2305 2121 2313 ῃ
2567 2196 2577 2208 ’

582 2387 632 2435 4.
671 2378 1020 2427 Οόᾰιινσεωπε.
1057 2379 1320 2429 Lambinus
1334 2416 1352 2441 ‚
1387 2380 1527 2429 libris
1685 2384 1735 2431 6.
1776 2380 2056 2446 Impudenti
2090 2396 2250 2431 censu.
2293 2378 2443 2443 Quod
2479 2378 2632 2426 multo

509 2457 761 2517 omnibus,
786 2468 844 2505 ut
869 2458 974 2521 ipse
995 2469 1228 2519 testatur,
1265 2460 1527 2509 reclaman-
1614 2460 1775 2509 minuas
1800 2462 1999 2509 solvunt
2018 2495 2033 2521 ,
2056 2476 2199 2525 quam
2227 2459 2473 2508 deberent.

509 2534 668 2595 tibus,
725 2539 944 2601 reposuit
994 2536 1357 2588 obsurdescunt.
1421 2539 1527 2589 Sibi
1689 2556 1737 2600 7.
1783 2538 2019 2589 Proemiis.
2056 2538 2173 2586 Non
2216 2538 2471 2603 stipendiis
2484 2573 2500 2597 ,
2544 2537 2629 2587 sed

505 2614 696 2663 habent.
722 2616 885 2663 Gaur.
1612 2620 1823 2684 praemiis
1846 2629 1955 2668 ante
1985 2621 2236 2668 victoriam
2258 2619 2524 2683 promissis.
2552 2620 2630 2668 Cf.

579 2696 633 2743 5.
679 2696 764 2741 Ex
801 2695 1072 2743 centesima.
1112 2699 1182 2745 Ut
1228 2697 1288 2745 de
1326 2708 1525 2745 centum
1612 2698 1900 2762 Philippw,
1930 2714 2011 2760 19.
2037 2698 2133 2747 En.

509 2771 722 2821 nummis
745 2788 872 2821 uum
897 2773 1135 2822 tribuatur
1161 2776 1368 2841 singulis
1391 2792 1525 2825 meu·
1683 2780 1732 2827 8.
1754 2778 1833 2827 Sic
1861 2778 1939 2826 ed.
1970 2780 2116 2826 Rom.
2142 2776 2269 2837 Alii,
2290 2776 2525 2840 arbitror,
2551 2776 2629 2826 vel

501 2850 652 2902 nibus.
1610 2856 1898 2907 arbitrabor.
1915 2860 1967 2907 J.
1990 2857 2057 2909 V.
2081 2859 2133 2907 1..
