3019 4681
493 295 662 423 558·
1127 347 1226 420 M.
1275 351 1353 419 T.
1413 354 1978 423 cmERoms

485 500 655 562 ore,
689 488 774 544 ut
800 487 884 544 tu
911 473 1064 570 ipse
1091 473 1593 545 auctoritatem
1632 488 1706 545 et
1739 490 2295 548 monumentum
2320 480 2622 578 aliquod

483 585 791 673 decreti,
829 598 956 654 aut
985 583 1354 654 literarum
1397 597 1685 681 tuarum
1723 583 2122 682 relinquas,
2157 587 2360 684 quod
2400 594 2493 662 sit
2526 592 2619 663 ad

453 696 702 789 ‘Flavii
737 718 892 765 rem
947 707 1018 763 et
1067 692 1159 763 ad
1211 716 1499 764 causam
1538 690 2179 767 accommodatum.
2226 703 2393 769 Fert
2424 702 2617 771 enim
2678 774 2690 783 ‚

483 808 793 903 graviter
827 803 1050 874 homo
1091 816 1164 872 et
1201 805 1342 883 mei
1382 800 2057 876 observantissimus
2081 857 2102 892 ,
2156 820 2229 877 et
2278 811 2389 877 sui
2437 808 2619 903 juris

481 914 990 1011 dignitatisque
1055 912 1417 999 retineuS,
1464 935 1543 983 se
1592 911 1789 1009 apud
1846 929 1915 984 te
1979 938 2221 1011 neque
2267 920 2571 989 amicitia
2594 973 2614 1005 ,

483 1047 726 1123 neque
757 1021 921 1116 jure
957 1020 1262 1093 valuisse
1302 1049 1319 1092 ε
1357 1035 1470 1111 et,
1512 1037 1595 1094 ut
1630 1026 1937 1121 opinor,
1974 1023 2193 1093 Flavii
2222 1024 2635 1122 aliquando

479 1158 634 1205 rem
662 1146 734 1203 et
755 1132 1140 1228 Pompeius
1159 1145 1232 1201 et
1259 1134 1490 1203 Caesar
1513 1131 1649 1203 tihi
1675 1132 2315 1239 commendat-unu
2360 1151 2433 1207 et
2458 1140 2613 1235 ipse
2702 1146 2713 1159 '

479 1243 572 1315 ad
606 1258 680 1315 te
717 1244 1092 1338 scripserat
1127 1240 1444 1328 Flavius,
1492 1256 1571 1314 et
1610 1266 1747 1339 ego
1803 1240 2019 1317 certe.
2070 1246 2309 1334 Quare
2358 1248 2419 1317 si
2466 1246 2615 1319 ulla

479 1378 596 1425 res
636 1366 782 1440 est,
824 1374 1044 1448 quam
1079 1350 1214 1421 tibi
1251 1375 1368 1423 me
1405 1349 1809 1425 faciendam
1846 1368 2140 1453 petente
2172 1371 2422 1452 putes,
2462 1357 2615 1430 haec

479 1486 564 1533 ea
591 1464 703 1532 sit.
733 1462 803 1532 Si
831 1483 948 1530 me
981 1484 1218 1548 amas,
1257 1484 1460 1547 cura,
1499 1461 1823 1551 elabora,
1863 1463 2131 1562 perfice
2152 1520 2173 1555 ,
2212 1479 2299 1537 ut
2332 1468 2611 1539 Flavius

478 1586 552 1644 et
592 1570 724 1643 tibi
744 1624 764 1659 ,
801 1584 876 1641 et
921 1568 1100 1641 mihi
1145 1594 1364 1667 quam
1409 1574 1755 1645 maximas
1808 1578 2069 1673 gratias
2111 1590 2294 1672 agat.
2336 1582 2490 1649 Hoc
2536 1594 2613 1649 te

473 1686 577 1754 ita
618 1705 826 1779 rog0,
855 1693 939 1751 ut
973 1680 1244 1775 majore
1271 1681 1515 1754 studio
1545 1706 1799 1781 rogare
1832 1709 1983 1760 non
2019 1687 2316 1783 possim.

573 1790 792 1884 Quod
835 1788 928 1861 ad
969 1814 1084 1861 me
1128 1788 1219 1861 de
1267 1794 1557 1863 Hermia
1608 1792 1904 1879 scribiS‚
1958 1793 2138 1865 mihi
2198 1794 2609 1867 mehercule

474 1902 682 1975 valde
731 1900 1120 1972 molestum
1164 1897 1322 1970 fuit.
1385 1903 1659 1975 Literas
1717 1900 1809 1973 ad
1856 1918 1931 1973 te
1966 1928 2238 2001 ,parum
2296 1902 2607 1977 fraterne

475 2016 900 2113 scripseram
937 2038 955 2081 z
1001 2034 1182 2107 quas
1227 2014 1559 2084 oratione
1609 2010 1947 2101 Diodoti,
1993 2012 2279 2085 Luculli
2320 2012 2561 2086 liberti
2582 2068 2605 2101 ,

475 2138 916 2209 commotus»,
947 2118 1038 2193 de
1073 2124 1408 2218 pactione
1427 2133 1496 2181 ¹9
1532 2124 1773 2195 statim
1810 2123 2011 2220 quod
2045 2123 2449 2213 audieram,
2475 2128 2607 2197 ira-

471 2233 782 2308 cundius
821 2235 1242 2331 scripseram
1263 2289 1282 2321 ,
1333 2246 1407 2304 et
1454 2257 1796 2306 revocare
1842 2231 2244 2332 cupiebam.
2292 2238 2477 2307 Huic
2522 2250 2605 2306 tu

471 2347 790 2444 epistolae
831 2367 983 2416 non
1037 2338 1352 2416 fraterne
1390 2346 1669 2442 scriptae
1702 2399 1721 2431 ,
1772 2342 2087 2418 fraterne
2126 2343 2349 2417 debes
2396 2348 2601 2443 igno-

468 2458 819 2528 scere.De
847 2455 1274 2539 CensorinO,
1309 2456 1663 2542 Antonio,
1698 2455 1983 2545 Cassi0‚
2024 2455 2336 2526 Scaevola
2358 2510 2377 2538 ,
2412 2471 2482 2527 te
2508 2454 2597 2527 ab

467 2568 554 2637 iis
599 2561 794 2660 diligi
845 2564 874 2659 (
909 2577 993 2633 ut
1032 2561 1340 2656 scribis)
1377 2618 1398 2650 ,
1450 2563 1923 2636 vehementer
1984 2565 2285 2661 gaudeo.
2347 2570 2603 2637 Cetera

468 2675 772 2747 fuerunt
829 2674 906 2744 in
967 2672 1218 2744 eadem
1267 2673 1576 2771 epistola
1608 2678 1935 2770 graviora
1958 2728 1977 2763 ,
2038 2700 2259 2771 quam
2299 2675 2599 2764 vellem,

468 2782 647 2878 ὀρθὰν
682 2779 798 2850 τὰν
837 2791 982 2850 ναῦν
999 2773 1100 2866 3⁰,
1139 2792 1213 2850 et
1243 2777 1412 2862 ἅπαξ
1439 2775 1739 2852 θανεῒν3ῑ.
1784 2782 2059 2877 Major-a
2094 2783 2225 2853 ista
2264 2794 2481 2852 erunt
2508 2777 2596 2849 ³².

465 2896 645 2963 Meae
697 2889 1243 2988 objurgationes
1291 2887 1592 2961 fuerunt
1635 2891 1899 2961 amoris
1941 2890 2404 2988 plenissimae3
2442 2913 2601 2987 quae

543 3068 624 3115 ²9·
659 3051 736 3098 De
757 3048 1008 3114 pactione.
1043 3051 1178 3098 Inter
1209 3052 1407 3100 Grecos
1442 3062 1494 3100 et
1580 3051 1647 3098 ris
1690 3047 1924 3114 impedit,
1974 3048 2061 3097 sed
2105 3063 2407 3108 successum,
2454 3059 2551 3097 etc.
2570 3067 2597 3090 ι·

466 3133 756 3200 publicanos
781 3145 808 3178 a
833 3139 882 3177 te
905 3131 1051 3178 facta.
1081 3131 1228 3180 Hau.
1580 3130 2001 3180 vrowa—Eme
2015 3129 2184 3180 recitat
2202 3128 2439 3188 stohaeus,
2452 3145 2593 3178 serm.

537 3214 622 3262 30.
655 3199 809 3278 ὀρθὰν
840 3207 922 3264 τὴν
951 3212 1080 3258 ναῦν.
1119 3209 1330 3258 Videtur
1361 3208 1487 3258 allu-
1582 3207 1711 3266 106;
1732 3207 1991 3267 Aristides,
2017 3217 2141 3256 orat.
2161 3205 2331 3256 Rhod.

469 3291 583 3341 dere
598 3290 660 3338 ad
681 3288 967 3338 seutentiam
985 3287 1120 3335 illam
1137 3288 1409 3350 vulgatam,
1435 3281 1485 3338 εὖ
1666 3287 1757 3334 31.
1817 3271 1955 3342 Ᾰπαξ
2010 3284 2177 3333 θανεῖν.
2246 3285 2406 3332 Semel
2450 3285 2592 3337 mori.

465 3371 572 3432 ἴσθι,
586 3364 842 3427 Ποσιιὸἆν,
861 3366 935 3417 ὅτι
957 3363 1094 3434 ὀρθὰν
1115 3363 1197 3420 τὴν
1214 3369 1324 3416 ναῦν
1343 3381 1487 3415 κατα-

466 3446 614 3500 daiam
630 3484 646 3510 ,
665 3464 813 3513 quam
831 3447 1007 3494 Seneca
1025 3445 1231 3509 epistola
1252 3445 1318 3492 85
1335 3444 1484 3492 latine

467 3530 756 3593 pronuntiat
775 3527 830 3574 in
855 3525 942 3574 illo
959 3525 1104 3586 loco,
1127 3545 1154 3566 ει
1173 3523 1484 3573 Gubernator

463 3609 554 3657 tibi
577 3623 678 3655 non
697 3606 974 3655 felicitatem
990 3603 1216 3670 promisit
1229 3636 1244 3661 ,
1261 3603 1348 3652 sed
1365 3600 1484 3652 flde-

461 3688 556 3735 lem
589 3701 786 3750 operam
819 3695 872 3732 et
905 3683 1044 3730 navia
1075 3680 1298 3746 regenda
1327 3683 1482 3732 scien·

463 3767 606 3822 tiam3
635 3765 740 3810 hoec
767 3777 827 3810 eo
853 3761 1005 3825 magis
1027 3771 1252 3826 apparet,
1282 3775 1384 3824 quo
1407 3759 1480 3808 illi

462 3843 612 3907 magis
637 3841 796 3903 aliqua
825 3841 1024 3888 fortuita
1052 3841 1123 3888 vis
1150 3839 1356 3890 obstitit.
1377 3839 1482 3902 Qui

454 3923 551 3970 hoc
571 3921 734 3985 potuit
759 3919 916 3967 dicere
931 3921 1201 3984 :Neptem
1215 3934 1481 3981 numquam

459 4003 584 4050 hano
616 4015 786 4048 navem
807 4032 822 4057 ‚
858 4000 950 4046 nisi
993 4008 1195 4056 rectam3
1221 3998 1314 4046 arti
1336 3999 1476 4046 satis·

461 4082 590 4128 fecit.
604 4081 886 4141 Tempestas
907 4092 1008 4125 uon
1033 4091 1159 4140 opus
1181 4076 1476 4140 gubernato.

1574 3363 1693 3411 Haec
1735 3362 1883 3411 verba
1924 3374 1984 3412 ut
2024 3374 2075 3412 et
2112 3365 2360 3428 superiora
2412 3379 2565 3428 graeca
2580 3399 2597 3422 ‚

1571 3442 1724 3491 sunio
1758 3441 1987 3490 videntur
2022 3457 2083 3490 ex
2120 3442 2275 3490 literis
2308 3445 2373 3506 Q.
2412 3444 2592 3492 fratris.

1570 3547 1642 3558 -
1654 3521 1803 3583 Quod
1822 3533 1870 3570 et
1886 3523 1935 3570 J.
1946 3523 2009 3570 V.
2030 3523 2087 3578 L.
2106 3522 2309 3585 probat,
2330 3533 2378 3570 et
2395 3523 2593 3572 adducit

1570 3597 1736 3646 locum
1756 3597 2029 3663 Euripidis,
2046 3600 2099 3646 in
2118 3601 2364 3649 Prometh.
2388 3617 2435 3650 v.
2460 3610 2560 3665 749
2574 3616 2591 3650 t

1569 3679 1793 3748 Κρεῖσσον
1826 3675 1923 3749 γὰρ
1962 3675 2166 3738 εἰσάπαξ
2200 3680 2351 3731 θανεῖν
2370 3717 2384 3742 ,
2420 3669 2461 3729 fi
2504 3677 2592 3738 τὰς

1571 3757 1764 3816 ἁπάσας
1788 3757 1968 3826 ἡμέρας
1986 3757 2189 3826 πᾴοχειν
2215 3765 2392 3816 κακῶς.
2420 3763 2517 3810 En.

1642 3841 1727 3888 32.
1754 3839 1953 3886 Rectius
1976 3837 2149 3900 legeris
2164 3871 2179 3896 ,
2209 3859 2231 3881 ι
2252 3839 2441 3900 MaJora
2464 3840 2584 3898 ista,

1570 3933 1713 3980 qmm
1774 3933 1893 3966 mete
1950 3915 2311 3982 objurgationes
2353 3919 2547 3966 suerunt
2572 3952 2588 3976 ,

1567 3999 1745 4046 amoris
1786 3996 2113 4060 plenissimam
2160 4011 2269 4060 quae
2310 4008 2426 4045 aunt
2464 4013 2589 4046 nou·

1566 4075 1738 4138 nulle,
1763 4075 1849 4126 sed
1874 4087 2064 4136 tamen,
2088 4087 2181 4124 etc.
2202 4097 2227 4118 a
2252 4079 2300 4128 J.
2320 4077 2387 4125 V.
2418 4077 2475 4124 L.
