3019 4681
528 358 622 441 84
1163 358 1258 428 M.
1312 357 1388 422 T.
1444 356 2017 428 c1cERoN1s

525 484 866 578 privaret,
915 499 1164 546 verum
1201 499 1296 548 ne
1332 475 1623 573 vigilare
1676 476 1972 575 quidem
2016 479 2171 552 sine
2208 503 2494 554 summo
2522 481 2652 557 do·

527 593 678 662 lore
719 601 1084 685 pateretur
1105 639 1125 675 ‚
1170 601 1405 658 tecum
1439 601 1527 658 ut
1556 591 1764 683 quasi
1788 587 2167 684 loquerer,
2199 594 2276 662 in
2310 617 2463 688 quo
2499 617 2650 666 uno

523 701 898 798 acquiesco
917 753 937 783 ‚
967 697 1109 768 hoc
1145 700 1390 768 nescio
1429 695 1645 795 quid,
1686 697 1893 769 nullo
1920 715 2349 797 argumento
2385 727 2653 801 propo-

521 817 696 896 sito,
741 807 1054 880 scribere
1107 808 1406 878 institui.
1459 811 1765 878 Amens²
1820 807 2000 880 mihi
2049 807 2265 882 fuisse
2313 812 2563 884 videor
2608 839 2651 884 a

517 921 910 1019 principio,
969 933 1045 989 et
1091 941 1208 987 me
1247 940 1392 987 una
1446 915 1598 987 haec
1660 941 1775 989 res
1832 932 2169 1016 torquet,
2224 921 2423 1019 quod
2457 948 2650 1012 non,

519 1029 861 1103 omnibus
913 1030 986 1098 iu
1042 1025 1258 1097 rebus
1327 1025 1691 1098 labentem
1720 1081 1741 1114 ,
1812 1029 1926 1099 vel
2003 1032 2247 1126 potius
2312 1047 2643 1104 ruentem

513 1141 944 1237 Pompeium
976 1152 1343 1233 tamquam
1379 1160 1571 1208 unus
1606 1137 2071 1234 manipularis
2098 1155 2447 1237 sequutus
2476 1145 2641 1214 sim.

514 1249 680 1321 Vidi
725 1249 1094 1343 hominem
1145 1272 1264 1317 xiv
1299 1245 1440 1316 kal.
1485 1243 1667 1318 febr.
1713 1246 2013 1343 plenum
2048 1245 2477 1322 formidinis.
2511 1253 2648 1325 Illo

517 1365 675 1459 ipso
718 1359 836 1430 die
885 1360 1113 1443 sensi,
1161 1356 1338 1454 quid
1391 1371 1654 1453 ageret.
1710 1359 2126 1455 Numquam
2162 1357 2339 1429 mihi
2392 1376 2651 1460 postea

513 1469 820 1567 placuit3
860 1493 994 1541 nec
1033 1489 1373 1563 umquam
1413 1464 1609 1537 aliud
1647 1467 1722 1536 in
1760 1466 1903 1538 alio
1927 1464 1956 1510 ³
2008 1491 2305 1565 peccare
2356 1469 2649 1546 destitit.

511 1579 706 1652 Nihil
745 1582 1032 1649 interim
1071 1576 1160 1647 ad
1207 1601 1322 1646 me
1360 1574 1710 1661 scribere,
1764 1576 1945 1648 nihil
1984 1581 2119 1649 nisi
2166 1577 2409 1676 fugam
2450 1583 2645 1679 cogi-

512 1703 685 1757 tare.
726 1681 920 1774 Quid
954 1681 1256 1780 quaeris?
1279 1683 1459 1752 sicut
1496 1689 1555 1752 ἐν
1594 1692 1721 1763 τοῖς
1750 1681 2103 1778 &pm-mot&
2140 1681 2456 1755 alienant
2504 1689 2647 1757 im-

511 1794 833 1883 mundae,
875 1793 1192 1881 insulsae,
1229 1789 1630 1863 indecorae:
1675 1795 1777 1862 sic
1818 1818 1933 1866 me
1969 1793 2159 1866 illius
2199 1791 2385 1892 fugae
2420 1795 2647 1893 negli-

509 1907 910 2003 gentiaeque
947 1899 1366 1974 deformitas
1425 1903 1685 2004 avertit⁸
1727 1900 1817 1971 ab
1878 1927 2141 1974 amore.
2198 1903 2395 1974 Nihil
2450 1910 2645 1977 enim

511 2015 814 2110 dignum
837 2009 1175 2095 faciebat,
1212 2034 1437 2107 quare
1472 2011 1630 2105 ejus
1658 2009 1839 2108 fugae
1868 2016 2203 2086 comitem
2239 2041 2354 2088 me
2391 2014 2646 2110 adjun-

512 2148 779 2222 gerem.
825 2125 1037 2193 Nunc
1085 2122 1387 2215 emergit
1443 2143 1695 2205 amor3
1750 2146 1946 2192 nunc
1986 2121 2418 2195 desiderium
2456 2122 2645 2198 ferre

511 2256 663 2302 non
695 2251 1031 2329 possum3
1077 2253 1279 2298 nunc
1315 2227 1491 2298 mihi
1529 2228 1709 2299 nihil
1744 2227 1948 2319 libri,
1976 2232 2155 2302 nihil
2185 2233 2440 2322 literae,
2464 2235 2647 2306 nihil

509 2342 842 2415 doctrina
881 2335 1176 2436 prodest
1217 2366 1231 2408 :
1273 2342 1371 2411 ita
1424 2336 1578 2411 dies
1631 2356 1705 2413 et
1758 2357 2007 2415 noctes
2034 2397 2053 2430 ‚
2092 2358 2457 2442 tamquam
2498 2348 2646 2419 avis

511 2448 678 2523 illa⁵
704 2507 723 2536 ‚
763 2472 961 2521 mare
981 2446 1013 2493 ὅ
1047 2463 1468 2547 prospectu,
1499 2450 1783 2523 evolare
1820 2454 2061 2550 cupio.
2084 2456 2235 2536 Do,
2273 2454 2370 2528 do
2397 2480 2647 2555 poenas

513 2562 936 2633 temeritatis
978 2582 1150 2629 meae
1195 2586 1208 2626 ε
1265 2560 1398 2630 etsi
1449 2585 1609 2656 quae
1660 2559 1799 2633 fuit
1844 2562 1965 2633 illa
2017 2566 2423 2639 temeritas?
2465 2566 2644 2665 quid

511 2672 648 2773 feci
686 2696 836 2741 non
863 2666 1556 2741 consideratissime?
1582 2671 1655 2741 Si
1678 2675 1873 2743 enim
1912 2672 2092 2744 nihil
2121 2690 2378 2771 praeter
2402 2673 2645 2773 fugam

511 2792 991 2877 quaereretur,
1036 2775 1370 2874 fugissem
1421 2776 1943 2869 libentissime3
2009 2781 2133 2854 sed
2195 2808 2424 2881 genus
2472 2786 2643 2859 belli

512 2885 984 2959 crudelissimi
1024 2884 1104 2957 et'
1129 2888 1453 2975 maximi,
1493 2887 1735 2985 quod,
1772 2890 2101 2964 nondum
2130 2893 2378 2967 vident
2406 2894 2643 2967 homi·-

514 3022 646 3069 ues
667 3051 686 3086 ,
725 2993 936 3093 quale
979 2990 1306 3066 futurum
1342 3001 1470 3085 sit,
1506 2997 1909 3093 perhorrui.
1944 3004 2121 3091 Quae
2149 3004 2361 3073 minae
2400 3006 2643 3075 muni-

514 3108 766 3207 cipiis?
807 3130 967 3203 quae
1006 3107 1435 3177 nominatim
1476 3107 1644 3178 viris
1669 3105 1921 3178 bonis?
1952 3135 2111 3206 quae
2147 3109 2461 3209 denique
2494 3136 2645 3183 om-

507 3216 761 3305 nibuS‚
792 3219 917 3314 qui
960 3216 1466 3287 remansissent
1494 3217 1523 3284 ἱ)
1570 3240 1787 3313 quam
1830 3216 2085 3290 crebro
2118 3217 2294 3291 illud
2326 3230 2375 3307 ⁷,
2401 3220 2644 3301 «Sulla

579 3386 625 3418 2.
641 3362 1527 3429 amanam.ignionntmihi..1.v,1,.
1620 3364 1938 3417 ἀναπτέσθαι.
1979 3371 2072 3434 Ep.
2106 3386 2157 3432 9.
2202 3370 2323 3419 Nou
2359 3372 2537 3420 mirum
2570 3383 2643 3421 est

579 3450 629 3496 3.
657 3448 846 3495 Ernest.
876 3447 1006 3507 conj.
1034 3461 1101 3493 εκ
1125 3443 1242 3493 alio.
1271 3446 1320 3493 J.
1341 3446 1409 3492 V.
1437 3448 1491 3494 L.

584 3535 630 3581 4.
653 3514 714 3573 Εν
733 3524 826 3581 τοῖς
847 3522 1098 3591 ἐρωτικοῖς.
1130 3524 1188 3569 Iu
1214 3523 1474 3573 amatoriis.

581 3606 630 3652 5.
661 3604 775 3651 Avis
801 3604 904 3651 illa.
931 3606 1005 3652 De
1030 3618 1126 3665 qua
1153 3602 1248 3649 seis
1273 3618 1301 3647 a
1328 3602 1529 3653 Platone

505 3684 654 3733 scribi
667 3685 720 3731 iu
731 3683 936 3749 epistola
945 3684 1010 3733 ad
1023 3683 1198 3731 Dionis
1207 3683 1529 3747 propinquos,

506 3779 658 3827 quum
675 3780 727 3811 se
745 3780 772 3809 a
789 3763 1014 3828 Dionysii
1030 3763 1229 3827 tyranni
1246 3763 1531 3813 custodibus

507 3842 815 3891 observatum
830 3878 845 3903 ,
883 3858 947 3891 ne
984 3842 1132 3891 horto
1180 3842 1322 3905 regia
1361 3840 1529 3890 domui

505 3922 772 3982 coniuncto
806 3920 968 3984 egredi
1007 3932 1170 3985 ponet
1187 3952 1204 3983 ,
1241 3932 1376 3971 extra
1413 3934 1528 3983 spe-

506 4011 663 4062 ctare,
691 4010 937 4065 tamquam
973 4015 1112 4049 avem
1149 4018 1176 4049 e
1214 4014 1356 4048 eave·
1388 3998 1527 4046 dicit.

505 4076 692 4129 Βλέπων
714 4074 800 4137 ἔξω
815 4115 828 4139 ,
849 4074 1062 4144 καθάπερ
1085 4076 1202 4145 ὄρνις
1222 4080 1375 4128 ποθῶν
1391 4074 1529 4126 ποθὲν

1616 3448 1680 3495 nd
1704 3447 1809 3495 haec
1830 3458 1925 3495 tam
1949 3458 2135 3497 remota
2156 3447 2333 3507 alludi,
2352 3452 2405 3497 iu
2424 3451 2643 3515 epistolia

1617 3526 1831 3575 virorum
1846 3542 2022 3591 graecu
2034 3526 2196 3574 litem
2206 3527 2332 3577 adeo
2347 3528 2643 3578 callentium.

1686 3607 1735 3653 6.
1758 3606 1917 3653 Mare.
1936 3608 2007 3655 Ut
2024 3604 2085 3653 ad
2105 3606 2387 3670 Pompeium
2402 3609 2641 3673 navigem.

1618 3684 1770 3733 Mau.

1694 3780 1743 3823 7.
1772 3763 1933 3823 Quam
1960 3763 2129 3810 crebro
2158 3760 2298 3811 illud.
2330 3764 2489 3826 Quam
2514 3781 2643 3830 sepe

1618 3840 1811 3889 nuditus
1847 3852 1941 3903 est,
1972 3856 2123 3906 quum
2160 3840 2380 3890 diceret:
2416 3842 2516 3891 Cur
2548 3858 2641 3907 ego

1618 3936 1721 3969 nou
1740 3932 1943 3984 potero,
1958 3920 2095 3985 quod
2114 3920 2279 3985 potuit
2295 3920 2427 3969 Sulla
2442 3954 2456 3981 ,
2468 3937 2643 3987 regm-

1620 4014 1698 4057 re,
1720 3997 1957 4047 dominari
1971 4000 1994 4046 ?
2018 4000 2195 4064 Supra,
2215 4015 2293 4064 ep.
2317 4014 2381 4066 7:
2406 4020 2431 4039 a
2451 3999 2640 4047 Miran-

1618 4076 1733 4124 dum
1762 4077 1813 4125 iu
1830 4075 2039 4126 modum
2063 4078 2237 4127 Cunus
2265 4088 2429 4125 noster
2454 4075 2641 4125 Sullani
