3019 4681
300 420 391 439 m
398 419 489 438 Qu
498 418 591 436 ”Q
598 419 686 438 ω
693 418 1437 440 ΜΜἪΜἪἋΊᾞἪ
1442 419 2455 444 mmwQOmmm

828 657 1936 812 ARGUMENTUM

702 883 1000 988 LJB'RI
1048 893 1427 966 DECIMI
1478 897 1607 966 ET
1659 895 2052 985 QUINTI.

295 1079 427 1135 Non
458 1075 641 1134 valde
674 1067 957 1136 differens
979 1089 1067 1136 est
1092 1075 1229 1135 libri
1258 1077 1433 1156 hujus
1460 1091 1868 1158 argumentum
1897 1098 1932 1136 a
1969 1079 2286 1157 superioris
2312 1098 2450 1137 seu—

378 1174 579 1233 tentia.
621 1175 865 1253 Scriptae
890 1175 1047 1233 enim
1082 1175 1341 1255 epistolae
1370 1165 1573 1235 omnes
1602 1188 1771 1250 sunt,
1801 1195 1984 1254 quum
2019 1174 2211 1234 adhue
2253 1179 2456 1234 Romae

372 1272 615 1349 negotia
634 1283 925 1330 tumerent
938 1315 955 1344 ,
974 1272 1379 1350 Antoniusque
1402 1286 1461 1331 et
1482 1271 1760 1333 Octavius
1786 1273 1868 1332 ita
1899 1273 2096 1332 omnia
2113 1274 2420 1332 miscerent
2435 1319 2454 1346 ,

376 1381 471 1439 ut,
513 1369 786 1446 quamvis
817 1389 1007 1446 neque
1035 1369 1209 1447 plane
1240 1368 1461 1428 bellum
1481 1412 1497 1438 ,
1545 1389 1736 1448 neque
1767 1390 1882 1448 pax
1919 1382 2104 1442 esset,
2143 1383 2455 1449 appareret

374 1478 569 1524 tamen
606 1485 731 1524 rem
762 1465 837 1524 ad
863 1485 1023 1524 arma
1050 1465 1365 1528 deductum
1395 1467 1486 1526 iri.
1521 1473 1658 1542 Quo
1686 1467 1924 1545 quidem
1953 1480 2215 1546 tempore
2247 1468 2454 1528 Cicero

374 1560 486 1619 sibi
522 1561 768 1630 timens,
804 1562 1091 1640 simulque
1120 1563 1304 1621 filium
1333 1565 1578 1622 Athenis
1611 1563 2000 1642 philosophiae
2033 1575 2275 1641 operam
2303 1562 2453 1622 dan·
2495 1611 2500 1616 .

375 1671 489 1716 tem
538 1659 787 1737 cupiens
836 1658 1084 1717 invisere
1108 1703 1127 1732 ,
1156 1679 1339 1737 quum
1361 1657 1457 1737 jus
1493 1658 1694 1718 liberae
1722 1659 2024 1736 legationis
2051 1679 2085 1716 a
2117 1657 2420 1719 Dolabella
2438 1704 2455 1732 ,

374 1775 493 1812 non
521 1769 724 1813 autem
753 1757 1129 1833 provincialis
1148 1800 1165 1828 ,
1214 1777 1426 1835 nempe
1467 1758 1751 1833 Syriacae,
1793 1771 1859 1815 ut
1886 1757 2200 1814 Plutarcho
2228 1758 2452 1835 placet,

374 1850 629 1911 haberet
659 1852 754 1929 (id
783 1853 940 1911 enim
971 1873 1045 1912 ex
1069 1851 1160 1910 his
1190 1854 1453 1930 epistolis
1482 1873 1552 1911 ae
1581 1853 1908 1931 Philippica
1937 1853 2126 1930 prima
2151 1853 2454 1930 cognosci-—

374 1950 550 2023 tur),
590 1952 704 2009 iter
746 1952 901 2030 cepit
927 1951 987 2008 in
1015 1951 1330 2022 Graeciam,
1364 1970 1437 2008 eo
1472 1951 1751 2023 consil'iO,
1785 1964 1855 2009 ut
1890 1951 2006 2008 kal.
2030 1950 2151 2027 jan.
2184 1949 2449 2024 adesset,

372 2048 537 2126 quod
575 2048 805 2108 initium
844 2046 1087 2128 cogendi
1112 2061 1343 2108 senatus
1370 2049 1532 2118 fore,
1563 2047 1756 2108 Hirtio
1787 2060 1844 2106 et
1872 2053 2056 2108 Pansa
2085 2047 2449 2109 consulatum

372 2143 717 2206 ineuntibus
736 2189 754 2220 ,
791 2143 1119 2204 videbatur.
1146 2151 1341 2220 Quum
1368 2165 1500 2226 spes
1532 2164 1674 2204 vero
1707 2145 1900 2223 aliqua
1925 2143 2230 2222 meliorum
2257 2163 2454 2202 rerum

376 2243 521 2315 fuit,
574 2247 901 2322 Brutusque
945 2256 1005 2302 et
1044 2243 1274 2302 Cassius
1316 2256 1598 2326 praetores
1643 2241 1890 2315 urbani,
1932 2241 2147 2320 quibus
2193 2241 2445 2304 maxime

371 2337 789 2418 recuperandae
834 2338 978 2417 reip.
1014 2338 1164 2397 ratio
1195 2337 1514 2411 nitebatur,
1539 2339 1591 2398 si
1629 2357 1750 2397 non
1781 2344 2010 2411 Romae,
2061 2339 2124 2397 in
2161 2337 2444 2417 proximis

376 2447 573 2505 tamen
605 2435 775 2507 lociS,
806 2432 1155 2506 manebant3
1202 2454 1426 2511 perque
1455 2436 1653 2494 literas
1682 2447 1742 2492 et
1767 2434 1988 2511 edicta,
2031 2454 2164 2493 cum
2193 2436 2446 2493 Antonio

374 2534 718 2611 populoque
768 2529 1051 2609 agebant;
1094 2550 1383 2609 nusquam
1427 2533 1526 2592 ille
1569 2532 1800 2611 pedem.
1847 2531 2204 2591 cedentibus
2247 2545 2442 2591 autem

374 2628 485 2688 illis
505 2675 524 2702 ‚
569 2641 630 2687 et
656 2628 781 2707 ipse
809 2629 1115 2687 consilium
1147 2631 1305 2708 cepit
1335 2629 1609 2692 abeundi.
1650 2635 1790 2689 Haee
1831 2629 2070 2689 illorum
2111 2642 2442 2709 temporum

375 2726 619 2786 historia
648 2740 755 2785 est.
795 2727 1075 2786 Privatim
1102 2740 1295 2787 tamen
1318 2728 1391 2787 in
1421 2728 1512 2787 his
1549 2728 1810 2807 epistolis
1837 2729 2010 2808 plura
2049 2730 2439 2800 continentur,

375 2845 507 2903 (με
538 2827 813 2905 persequi
843 2828 1083 2906 longum
1116 2840 1288 2887 esset.
1317 2829 1564 2907 Scriptae
1594 2841 1729 2887 sunt
1759 2848 1833 2888 ex
1875 2842 2008 2888 ante
2037 2832 2180 2889 XVI
2207 2826 2436 2887 kalend.

368 2922 486 3000 jan.
518 2924 597 2984 ad
624 2944 761 2985 non.
794 2925 987 3007 quint.
