3019 4681
480 365 625 453 432
1124 366 1222 433 M.
1273 366 1350 431 Τ.
1407 362 1972 433 CICERONIS

476 489 933 561 restituerem
972 512 989 555 :
1030 508 1205 557 sane
1240 485 1513 557 insulse
1536 538 1556 573 ‚
1589 497 1674 555 ut
1708 483 1942 569 solet;
2011 484 2152 555 nisi
2185 480 2411 570 forte,
2453 510 2618 583 quae

477 625 631 673 non
676 622 908 686 ames,
949 599 1194 667 omnia
1232 596 1578 667 videntur
1611 593 1888 665 insulse
1938 591 2119 665 fieri.
2175 594 2442 691 Scripsi
2481 595 2616 682 ita,

478 726 567 783 ut
599 726 673 782 te
702 707 1181 809 probaturum
1221 708 1650 778 existimem.
1682 703 1862 775 Mihi
1901 703 2080 775 duas
2103 727 2144 773 a
2172 716 2244 774 te
2279 703 2618 801 epistolas

478 821 797 912 reddidit
818 872 838 900 ,
882 842 1107 889 unam
1143 842 1220 887 xx
1241 872 1261 908 ‚
1296 816 1591 888 alteram
1625 841 1692 885 x.
1735 815 1845 886 Ad
1882 818 2360 887 recentiorem
2399 815 2618 911 prius.

474 934 568 1001 Et
608 930 797 1025 legio
818 925 894 995 Ῥ
934 947 1087 995 rem
1140 922 1378 995 laudo.
1427 924 1499 994 Si
1543 944 1718 993 vero
1741 924 1956 993 etiam
1987 918 2448 1010 Carfulenus»,
2491 920 2618 991 ἅνω

472 1044 773 1131 ποταμῶν
791 1030 845 1102 ³.
898 1033 1199 1101 Antonii
1250 1030 1550 1102 consilia
1604 1053 1850 1099 narras
1885 1026 2310 1100 turbulenta
2348 1040 2618 1123 :atque

476 1147 759 1217 utinam
800 1141 1043 1240 potius
1062 1164 1193 1239 per
1216 1139 1574 1238 populum
1603 1153 1800 1237 agat,
1843 1162 2063 1236 quam
2092 1161 2222 1235 per
2245 1134 2614 1209 senatum!

477 1254 683 1354 quod
706 1251 1003 1351 quidem
1032 1255 1133 1323 ita
1160 1250 1397 1323 credo.
1432 1248 1570 1321 Sed
1593 1248 1770 1319 mihi
1795 1263 2033 1321 totum
2061 1248 2216 1344 ejus
2243 1248 2618 1319 consilium

484 1364 579 1437 ad
616 1362 895 1435 bellum
934 1375 1259 1458 spectare
1296 1361 1614 1449 videtur,
1655 1361 1714 1431 si
1747 1359 2045 1457 quidem
2076 1362 2164 1429 D.
2200 1364 2424 1430 Bruto
2449 1382 2620 1455 pro-

480 1476 711 1558 vincia
749 1473 1078 1571 eripitur.
1115 1472 1436 1569 Quoquo
1472 1472 1746 1543 modo‘*
1792 1494 1927 1567 ego
1971 1468 2064 1540 de
2106 1466 2338 1540 illius⁵
2382 1471 2620 1540 nervis

482 1585 812 1657 existimo
832 1636 851 1669 ‚
887 1607 1041 1652 non
1072 1582 1359 1653 videtur
1390 1580 1550 1653 fieri
1582 1605 1794 1680 posse
1839 1582 1996 1653 sine
2033 1577 2248 1652 bello.
2286 1578 2430 1651 Sed
2463 1604 2620 1651 non

480 1698 741 1795 cupi03
779 1695 1128 1792 quoniam
1160 1688 1494 1765 cavetur⁶
1517 1692 1952 1763 Buthrotiis.
1985 1690 2294 1763 Ridesv?
2331 1705 2405 1761 at
2441 1714 2618 1761 con-

480 1808 731 1893 dole0‚
766 1831 919 1877 non
954 1829 1117 1875 mea
1164 1805 1407 1901 potius
1446 1803 1859 1875 assiduitate
1883 1858 1903 1887 ‚
1947 1800 2353 1898 diligentia,
2397 1800 2622 1895 gratia

476 1916 753 2017 perfici.
796 1914 1019 2007 Quod
1062 1912 1313 1986 scribis
1356 1927 1429 1985 te
1463 1914 1741 1985 nescire
1761 1966 1780 1999 ‚
1829 1911 2011 2008 quid
2050 1912 2311 1982 nostris
2351 1908 2619 1982 facien-

368 2085 377 2093 .
481 2024 658 2096 dum
704 2024 825 2110 sit,
868 2022 1014 2117 jam
1054 2020 1338 2119 pridem
1375 2044 1493 2092 me
1533 2019 1653 2092 illa
1689 2014 1956 2115 ἀπορία8
1987 2017 2334 2090 sollicitat.
2366 2022 2621 2113 Itaque

550 2227 601 2260 ο.
626 2212 695 2257 Et
727 2208 867 2275 legio.
904 2209 973 2256 Iis
1004 2206 1176 2257 Cicero
1209 2208 1500 2273 respondet,

477 2306 588 2358 qnae
619 2288 812 2337 Atticus
841 2288 888 2335 ei
918 2287 1176 2351 scripserat
1208 2286 1269 2333 de
1295 2287 1503 2352 legionis

477 2367 731 2432 cujusdam
754 2367 821 2414 ad
837 2367 1091 2414 Octavium
1121 2366 1393 2414 defectione
1413 2382 1427 2417 τ
1456 2377 1506 2416 et

476 2450 589 2514 qnia
612 2461 733 2493 mox
758 2444 1005 2493 Carfuleni
1024 2444 1321 2493 mentionem
1356 2445 1504 2505 fucit,

478 2538 607 2593 puto
651 2523 891 2588 legionem
936 2525 1164 2572 Martiam
1212 2523 1497 2589 significari,

480 2607 562 2656 cui
588 2607 641 2653 in
664 2604 795 2652 bello
818 2604 1089 2651 Mutinensi
1109 2605 1360 2668 praefnisse
1386 2605 1505 2654 car·

478 2685 697 2735 fulennm
762 2682 934 2731 scribit
978 2683 1233 2748 Appisnns
1291 2685 1379 2734 lib.
1430 2687 1507 2734 111

482 2765 602 2815 Bell.
639 2763 743 2812 Civ.
770 2763 971 2810 Bosxus.
1002 2789 1069 2798 —
1104 2763 1250 2811 Varie
1275 2775 1505 2829 corrupta

478 2843 627 2894 verbs
642 2843 697 2889 in
715 2841 860 2890 MSS.
883 2841 963 2890 Al.
976 2840 1185 2900 habent,
1203 2844 1272 2889 Ee
1283 2843 1507 2892 levior-sm

470 2923 662 2990 probo‚·
682 2921 744 2970 ul.
770 2921 841 2967 De
858 2921 1009 2968 Lem‘o
1028 2937 1131 2968 rem
1151 2921 1333 2980 laud0‚-
1355 2922 1418 2970 al.
1446 2925 1507 2971 Ue

454 3003 637 3070 degio,
666 3016 767 3048 mm
788 3000 959 3064 probo.
987 3001 1039 3049 J.
1060 3003 1123 3048 V.
1146 3002 1205 3049 L.

556 3083 605 3132 3.
630 3067 736 3132 Ᾰνω
760 3083 1011 3146 ποταμῶν.
1040 3079 1225 3144 supple
1240 3115 1255 3140 ,
1282 3096 1345 3128 ex
1364 3065 1503 3128 linri-

477 3161 619 3228 pide‚
666 3155 787 3228 ἱεραὶ
834 3161 1041 3226 χωροῦσι
1084 3155 1269 3228 παγαὶ,
1318 3176 1506 3208 sursum

466 3241 731 3312 fluminum
769 3255 1015 3287 sacrorum
1052 3239 1290 3305 feruntur
1313 3237 1503 3303 fhnees.

478 3323 531 3372 si
554 3319 839 3371 Carfulenus
862 3333 1057 3382 quoque
1081 3318 1253 3366 relicto
1280 3319 1504 3367 Antonio

478 3400 541 3449 sd
564 3399 822 3448 Octavium
846 3398 1101 3460 transivit,
1120 3397 1284 3446 omnia
1311 3398 1362 3444 in
1386 3413 1507 3445 con-

478 3481 675 3528 trarium
728 3478 969 3526 feruntur.
1026 3476 1153 3524 Nam
1215 3477 1505 3526 Carfulenus

476 3558 792 3609 amIcissimus
835 3551 993 3604 fueret
1035 3556 1274 3604 Antonio.
1331 3559 1504 3622 Itaque

477 3654 581 3686 non
607 3637 767 3684 minus
805 3635 981 3682 mirum
1014 3635 1271 3682 videbatur
1304 3652 1414 3682 enm
1439 3635 1504 3684 ab

474 3717 563 3766 ino
590 3716 872 3770 descivisse,
904 3729 1050 3778 qnam
1086 3713 1285 3762 flumina
1312 3729 1505 3764 sursum

475 3809 644 3844 versus
666 3793 835 3841 relabi.
856 3819 929 3830 —-
948 3792 1236 3841 Carfulenus
1258 3793 1309 3839 in
1338 3808 1503 3858 pugna

472 3875 536 3922 ad
572 3872 811 3920 Mutinam
848 3873 1041 3920 occisus
1077 3883 1169 3921 est.
1203 3875 1279 3921 De
1306 3887 1368 3920 eo
1396 3871 1503 3920 vid.

476 3950 691 4014 Philipp.
710 3951 808 4007 ΠΙ,
834 3963 867 4010 9
878 3965 894 4009 ;
916 3951 1108 3999 Hirtius
1127 3949 1189 3996 de
1207 3949 1333 3998 Bell.
1356 3949 1501 3998 Alex.

473 4049 519 4080 c.
548 4031 631 4090 3¹3
655 4027 871 4091 Appiana.
898 4031 991 4078 111.
1016 4055 1089 4067 -
1111 4031 1261 4094 Agat.
1288 4031 1359 4077 Ut
1388 4029 1503 4078 Gal-

402 4123 407 4130 ’
474 4109 561 4158 lias
591 4108 829 4157 obtinent.

1665 2216 1713 2265 4.
1738 2210 1944 2273 Quoquo
1971 2206 2137 2257 modo.
2156 2210 2264 2272 Ego
2286 2206 2450 2255 malim
2467 2239 2484 2269 ‚
2511 2206 2620 2269 Quo

1593 2288 1760 2337 modo.
1779 2289 1825 2335 J.
1839 2290 1903 2337 V.
1927 2290 1981 2337 L.

1667 2369 1716 2418 5.
1745 2367 1900 2416 Illius.
1929 2370 1990 2416 D.
2015 2367 2168 2416 Bruti.

1665 2449 1719 2496 6.
1739 2447 1959 2496 cavetur.
1971 2445 2103 2495 Illud
2115 2441 2622 2508 cavetur-Mongsltins

1592 2525 1824 2590 intelligit
1841 2543 1983 2574 sensu
1997 2524 2458 2586 jurisconsultorum
2472 2555 2488 2582 ‚
2505 2537 2622 2571 cen-

1595 2616 1761 2670 setque
1801 2607 2021 2655 Atticum
2064 2606 2312 2670 scripsisse
2351 2601 2584 2654 Ciceroni
2599 2635 2616 2660 ,

1595 2697 1846 2734 auctorem
1871 2685 1968 2733 sibi
1992 2701 2094 2734 esse
2115 2686 2390 2733 Antonium
2417 2699 2474 2730 sc
2499 2695 2619 2746 spo-

1593 2765 1826 2829 pondisse
1843 2799 1860 2824 ,
1891 2764 2113 2828 quamvis
2151 2763 2288 2812 irrita
2319 2761 2490 2810 fierent
2513 2771 2618 2809 sets

1595 2845 1824 2904 Caessris,
1852 2855 2011 2892 rutum
2035 2847 2199 2892 umen
2236 2843 2340 2890 sore
2368 2841 2448 2900 id,
2483 2839 2619 2904 quod

1593 2923 1854 2971 Buthrotio
1888 2922 1949 2970 de
1985 2938 2102 2986 agro
2137 2921 2374 2970 edixerat.
2413 2919 2622 2968 Videtur

1594 3003 1700 3050 haec
1725 3001 2076 3068 interpretandi
2101 3002 2228 3050 ratio
2251 3018 2362 3050 cum
2385 3000 2446 3049 iis
2461 3035 2478 3060 ,
2509 3015 2622 3065 qun

1593 3092 1890 3144 sequuntur,
1929 3081 2103 3130 melius
2146 3081 2405 3130 convenire
2421 3116 2437 3139 ‚
2474 3095 2618 3144 qnam

1594 3161 1904 3218 Manutians,
1931 3159 2009 3208 vel
2033 3161 2364 3210 Gronovians.
2386 3162 2480 3208 Hic
2503 3175 2620 3209 vero

1593 3240 1704 3304 quis
1727 3241 1986 3288 Bosianam
2011 3241 2164 3288 feret?
2187 3243 2334 3288 Ontv.

1668 3335 1718 3380 7.
1751 3319 1929 3367 Rides?
1956 3323 2066 3369 Hoc
2088 3319 2292 3384 fingitur
2317 3319 2414 3368 dici
2441 3318 2503 3368 sb
2529 3321 2620 3367 At-

1594 3396 1713 3446 tico.
1744 3399 1868 3446 Saue
1899 3414 2004 3447 non
2035 3410 2228 3464 poterat
2251 3399 2394 3447 maile
2413 3399 2618 3458 Cicero,

1595 3477 1802 3526 Galliam
1834 3479 1888 3526 in
1917 3480 1992 3526 M.
2018 3481 2256 3538 Antonii,
2295 3495 2444 3543 qnam
2471 3479 2526 3525 in
2555 3478 2619 3526 D.

1593 3556 1733 3604 Bruti
1766 3568 2004 3621 potestate
2037 3574 2158 3609 esse.
2193 3559 2354 3621 Quare
2390 3557 2486 3605 hoc
2515 3572 2620 3604 uno

1591 3633 1748 3682 verbo
1771 3635 2012 3700 significat
2024 3671 2038 3694 ,
2061 3653 2222 3701 neque
2240 3637 2378 3701 loqui
2397 3652 2450 3685 se
2465 3637 2618 3694 serio,

1592 3730 1752 3780 neque
1766 3716 1942 3764 serium
1959 3717 2078 3766 satis
2093 3717 2250 3766 videri
2261 3753 2278 3780 ,
2293 3715 2430 3780 quod
2450 3715 2622 3780 agebat

1591 3795 1813 3855 Atticus,
1842 3796 1928 3859 qui
1957 3797 2182 3844 Antonio
2199 3829 2214 3854 ,
2251 3796 2312 3843 de
2337 3795 2620 3843 Buthrotio·

1593 3889 1698 3920 rum
1722 3875 1978 3922 securitate
1991 3908 2018 3933 ,.
2039 3874 2206 3922 mallet
2233 3874 2451 3931 credere,
2475 3889 2622 3937 quam

1592 3953 1798 4002 senatui.
1827 3955 1978 4000 Iun.

1663 4033 1715 4080 8.
1744 4035 1862 4079 Iam
1876 4031 2076 4096 pridem
2093 4047 2170 4082 me
2196 4033 2286 4082 illa
2313 4029 2494 4101 ἀπορία
2521 4033 2616 4080 sol·

1590 4107 1768 4159 licitas.
1796 4109 2070 4160 Dubitatio.
