3019 4681
717 347 1240 418 EPISTOLAE
1287 349 1427 416 AD
1478 347 1993 434 ATTICUM,
2035 350 2139 435 X,
2190 350 2273 431 4.,
2438 347 2567 420 125

1634 556 1813 577 mm
1818 555 2271 578 mmm
2279 559 2553 580 musv-

1079 743 1694 824 EPISTOLA
1758 743 1898 821 IV.

420 925 636 985 Scribit
656 927 717 984 in
749 929 918 985 tantis
947 925 1092 1005 reip.
1121 926 1544 986 calamitatibus
1576 945 1637 986 se
1664 927 1943 1005 praeclara
1968 926 2315 985 conscientia
2342 937 2559 986 susten:

503 1025 614 1082 tari
632 1067 652 1098 ,
700 1025 956 1102 graviter
1003 1037 1196 1084 autem
1243 1026 1438 1084 tulisse
1481 1026 1677 1084 literas
1718 1043 1753 1082 a
1792 1023 2038 1097 Quint0,
2086 1023 2277 1082 fratris
2308 1025 2455 1096 filio,
2485 1026 2557 1085 ad

502 1125 782 1180 Caesarem
834 1121 1077 1200 scriptas
1117 1145 1130 1179 :
1175 1123 1422 1182 levatum
1470 1136 1661 1182 tamen
1707 1121 2065 1199 aliquantum
2109 1141 2231 1180 esse
2262 1123 2562 1198 colloquiis

495 1237 628 1277 cum
663 1219 916 1278 Curione
943 1218 1175 1280 habitis.
1193 1219 1296 1300 (In
1316 1225 1598 1292 Cumano,
1613 1238 1769 1278 anno
1792 1223 1867 1278 U.
1893 1223 1957 1278 C.
1975 1225 2089 1291 704
2107 1262 2124 1290 ,
2145 1239 2337 1278 mense
2352 1219 2565 1298 aprili.)

1097 1411 1407 1476 CICERO
1451 1411 1781 1476 ATTICO
1829 1413 1889 1474 S.

517 1565 890 1636 Mum-Asa
922 1578 994 1637 te
1034 1568 1279 1664 accepi
1313 1564 1653 1664 epistolas
1685 1565 1941 1638 eodem
1983 1565 2136 1654 die,
2172 1589 2426 1638 omnes
2454 1565 2557 1637 di-

421 1675 730 1772 ligenter
783 1679 1120 1772 scriptas;
1181 1699 1336 1748 eam
1392 1700 1568 1747 vero
1590 1731 1609 1765 ,
1672 1700 1833 1772 quae
1892 1675 2279 1746 voluminis
2336 1677 2559 1747 instar

421 1800 617 1875 erat,
663 1810 854 1886 saepe
914 1785 1326 1884 legendam,
1363 1787 1575 1857 sicuti
1627 1783 1811 1857 facio
1844 1812 1859 1856 ε
1906 1787 1983 1856 in
2033 1810 2179 1883 qua
2214 1809 2365 1856 non
2402 1785 2556 1857 fru-

421 1909 565 1967 stra
617 1895 944 1969 laborem
987 1897 1397 1997 suscepisti3
1446 1897 1627 1968 mihi
1662 1896 1957 1994 quidem
1991 1911 2405 1996 pergratum
2449 1896 2554 1968 fe-

421 2008 600 2078 cisti.
624 2009 868 2098 Quare
891 2063 910 2097 ,
945 2022 1032 2080 ut
1065 2007 1178 2098 id,
1226 2007 1469 2106 quoad
1501 2007 1787 2096 licebit,
1824 2006 1900 2079 id
1936 2023 2065 2096 est,
2096 2007 2340 2104 quoad
2376 2008 2554 2079 scies

417 2114 550 2187 ubi
603 2117 827 2189 simus
851 2171 870 2206 ‚
928 2142 1144 2215 quam
1199 2121 1590 2218 saepissime
1646 2117 1857 2190 facias
1882 2171 1901 2206 ‚
1960 2132 2033 2189 te
2080 2116 2547 2190 vehementer

418 2249 624 2324 roge.
661 2230 756 2299 At
788 2227 1210 2325 deplorandi
1248 2228 1545 2326 quidem
1568 2282 1587 2317 ,
1627 2227 1827 2326 quod
1862 2225 2191 2324 quotidie
2222 2225 2558 2327 facimuS‚

421 2337 513 2408 sit
538 2337 690 2433 jam
731 2337 948 2412 nobis
982 2356 1108 2411 aut
1149 2337 1316 2413 finis
1353 2344 1691 2430 omnine,
1735 2344 1793 2411 si
1823 2354 2103 2438 potest,
2148 2354 2271 2411 aut
2301 2337 2554 2412 mode·

419 2449 606 2519 ratio
644 2447 971 2545 quaedam
990 2503 1010 2538 ,
1051 2449 1252 2547 quod
1287 2449 1613 2549 profecto
1644 2464 1905 2549 potest.
1939 2453 2106 2521 Non
2144 2451 2337 2520 enim
2363 2451 2511 2542 jam
2532 2504 2553 2537 ‚

422 2580 642 2653 quam
687 2558 1116 2656 dignitatem
1141 2614 1161 2649 ‚
1206 2584 1394 2657 quos
1429 2560 1787 2647 honoreS‚
1830 2583 2051 2657 quem
2090 2558 2253 2629 vitae
2290 2572 2553 2629 statum

421 2669 780 2739 amiserim
794 2724 817 2754 ‚
863 2671 1100 2767 cogito
1119 2726 1164 2765 ,⁶
1199 2670 1328 2742 sed
1385 2668 1567 2767 quid
1625 2682 2117 2766 consequutus
2164 2669 2297 2738 sim
2314 2721 2333 2751 ‚
2376 2667 2553 2764 quid

421 2780 874 2875 praestiterim
896 2833 916 2866 ,
958 2804 1103 2877 qua
1158 2784 1233 2851 in
1299 2778 1513 2852 laude
1563 2781 1897 2869 vixerim3
1954 2778 2066 2851 his
2118 2776 2432 2875 denique
2477 2781 2551 2848 in

421 2888 660 2978 malis,
694 2888 873 2986 quid
908 2891 1191 2963 intersit
1228 2891 1421 2962 inter
1464 2914 1579 2961 me
1626 2906 1700 2961 et
1738 2892 1951 2977 istos,
1986 2897 2215 2988 quos¹
2251 2903 2551 2988 propter

426 3000 672 3070 omnia
721 3000 1112 3073 amisimus.
1165 3002 1255 3072 Hi
1295 3015 1503 3089 sunt,
1548 3004 1677 3099 qui
1704 3053 1724 3088 ,
1764 3000 1903 3071 nisi
1945 3024 2062 3071 me
2106 3000 2387 3071 civitate
2428 3023 2553 3071 ex-

427 3108 782 3207 pulissent
802 3165 823 3200 ,
870 3109 1206 3184 obtinere
1257 3136 1334 3183 se
1387 3136 1535 3183 non
1594 3134 1807 3209 posse
1852 3124 2285 3208 putaverunt
2328 3110 2550 3179 licen-

425 3220 598 3291 tiam
641 3220 1119 3321 cupiditatum
1161 3244 1456 3294 suarum
1488 3248 1505 3291 ε
1539 3244 1855 3318 quorum
1893 3219 2249 3291 societatis
2286 3231 2361 3289 et
2398 3240 2551 3288 sce-

426 3329 663 3403 leratae
700 3333 1195 3405 consensionis
1238 3330 1416 3405 fides
1456 3357 1609 3430 quo
1653 3334 2009 3431 eruperit,
2046 3327 2263 3400 vides.
2307 3324 2551 3399 Alter²

426 3440 632 3513 ardet
674 3439 918 3514 furore
976 3456 1049 3515 et
1093 3441 1360 3514 scelere
1378 3496 1398 3531 ,
1437 3466 1577 3513 nec
1616 3442 1919 3513 remittit
1965 3434 2272 3533 aliquid,
2316 3434 2442 3506 sed
2478 3438 2552 3505 in

427 3548 578 3623 dies
619 3552 1092 3649 ingravescit:
1144 3552 1366 3624 modo
1418 3553 1622 3624 Italia
1674 3551 1985 3651 expulit3
2038 3569 2235 3619 nunc
2280 3547 2415 3618 alia
2468 3570 2555 3617 ex

426 3677 626 3760 parte
649 3659 677 3707 ³
723 3665 1096 3758 persequi,
1149 3687 1237 3734 ex
1277 3662 1460 3734 alia‘*
1507 3663 1885 3761 provincia
1910 3659 2306 3757 exspoliare
2340 3681 2557 3730 cona-

497 3880 542 3912 1.
575 3864 706 3928 Quos
727 3874 942 3931 propter.
971 3860 1111 3911 Ordo
1132 3868 1204 3909 ent
1219 3894 1234 3917 ‚
1253 3867 1452 3925 propter
1538 3852 1777 3903 Graeciam
1802 3848 2027 3914 persequi
2048 3880 2065 3908 ,
2100 3858 2151 3895 et
2186 3848 2231 3895 ei
2256 3848 2557 3912 provinciam

427 3958 568 4006 qnos.
1540 3929 1823 3996 Hispaniam
1840 3928 2045 3994 eripere.
2072 3928 2219 3975 Μαι.

494 4037 548 4072 a.
578 4024 731 4073 Alter.
755 4024 935 4074 Ceut,
963 4020 1059 4071 En.
1615 4018 1665 4066 4.
1704 4010 1891 4057 Ernest.
1934 4018 1986 4055 et
2016 4005 2152 4064 alia,
2196 4020 2259 4053 ex
2296 4004 2374 4053 ed.
2412 4004 2555 4052 Rom.

499 4102 550 4151 3.
595 4102 714 4152 Alia
757 4118 824 4152 ex
855 4112 1014 4168 parte.
1059 4100 1280 4150 Con-m
1315 4108 1364 4145 et
1402 4096 1454 4142 in
1541 4095 1591 4142 J.
1610 4092 1675 4138 V.
1695 4090 1751 4138 L.
