3019 4681
464 340 609 425 428

460 526 1015 550 mmmmm

1096 345 1198 413 M.
1249 347 1329 415 T.
1383 348 1944 420 CICERONIS

1298 533 1573 555 mmm

1126 708 1739 792 EPISTOLA
1819 709 1930 791 II.

463 885 557 941 De
589 884 1031 968 Buthrotiorum
1072 890 1308 965 negotio
1324 930 1343 960 ,
1386 907 1453 947 uc
1483 894 1554 949 L.
1581 887 1822 947 Antonii
1851 901 1913 946 et
1938 887 2166 947 Octavii
2193 887 2600 963 concionibus,

537 982 911 1063 breviterque
947 984 1022 1044 de
1053 986 1180 1045 aliis
1208 985 1405 1049 rebus,
1451 986 1472 1066 (
1503 991 1574 1047 ln
1606 986 1989 1059 Sinuessano,
2032 1005 2188 1045 anno
2226 991 2306 1049 U.
2351 990 2415 1047 C.
2446 1006 2562 1064 ⁷09
2579 1037 2596 1063 ,

540 1096 737 1136 mense
762 1074 959 1156 maio.)
2031 1072 2036 1079 ’

1136 1208 1448 1273 CICERO
1492 1208 1816 1274 ATTICO
1859 1208 1925 1275 S.

566 1342 856 1431 Quinto
884 1340 1167 1416 decimo
1202 1343 1484 1416 kalend.
1515 1368 1556 1417 e
1593 1346 2070 1419 Sinuessano¹
2109 1344 2601 1443 proficiscens,

470 1475 701 1548 quum
746 1452 1099 1527 dedissem
1143 1455 1234 1527 ad
1276 1470 1348 1527 te
1386 1455 1630 1529 literas
1648 1511 1669 1543 ‚
1721 1455 2334 1554 devertissemque
2377 1482 2420 1527 a
2459 1460 2608 1527 Cu·-

468 1565 643 1651 mis‚
692 1564 767 1635 in
803 1566 1155 1638 Vesciano
1194 1568 1437 1665 accepi
1487 1591 1530 1638 a
1574 1565 1950 1639 tabellario
1993 1580 2152 1637 tuas
2203 1566 2440 1637 literas
2460 1620 2480 1653 ‚
2529 1568 2610 1636 in

466 1672 735 1770 quibus
762 1676 979 1746 nimis
1006 1677 1235 1749 multa
1262 1674 1353 1749 de
1373 1678 1755 1749 Buthroto.
1792 1681 1961 1752 Non
1981 1681 2177 1749 enim
2209 1674 2344 1747 tibi
2381 1699 2465 1747 ea
2489 1699 2610 1746 res

470 1784 729 1880 majori
773 1810 965 1857 curae
1004 1800 1129 1859 aut
1168 1801 1315 1891 est,
1350 1802 1477 1859 aut
1528 1788 1704 1877 erit,
1757 1810 1977 1885 quam
2014 1784 2218 1857 mihi.
2263 1786 2378 1856 Sic
2414 1784 2610 1856 enim

472 1893 718 1984 decet,
744 1911 817 1969 te
846 1922 1005 1971 mea
1041 1923 1326 1986 curare,
1362 1912 1491 1971 tua
1518 1923 1654 1971 me.
1683 1895 2178 1990 Quamobrem
2209 1894 2284 1965 id
2311 1892 2611 1992 quidem

374 2018 381 2041 ·
473 2005 575 2077 sic
610 2028 1027 2108 susceptum
1068 2024 1177 2083 est
1216 2010 1431 2100 mihi,
1484 2026 1570 2081 ut
1610 2010 1790 2081 nihil
1833 2013 1968 2081 sim
2007 2006 2392 2080 habiturus
2434 2008 2614 2075 anti-

475 2122 717 2215 quius.
759 2124 839 2192 L.
885 2125 1287 2195 Antonium
1326 2124 1840 2195 concionatum
1895 2144 2086 2207 esse,
2125 2118 2436 2216 cognovi
2468 2115 2615 2187 tuis

478 2229 704 2302 literis
734 2246 810 2301 et
839 2231 1032 2321 aliis,
1072 2232 1362 2305 sordide
1410 2262 1427 2306 ε
1474 2233 1637 2323 sed,
1673 2231 1750 2304 id
1788 2232 2000 2329 quale
2037 2228 2292 2317 fuerit,
2327 2228 2614 2314 nesci03

480 2338 661 2411 nihil
700 2344 895 2414 enim
932 2347 1297 2444 scripsisti.
1336 2351 1445 2419 De
1481 2343 1952 2430 Menedem0‚
2003 2340 2257 2441 probe.
2300 2339 2618 2432 Quintus

478 2467 675 2524 certe
711 2478 796 2526 ea
830 2454 1109 2528 dictitat
1134 2512 1153 2548 ‚
1188 2482 1351 2555 quae
1394 2455 1670 2529 scribis.
1713 2453 2118 2526 Consilium
2179 2471 2424 2522 meum
2466 2471 2508 2518 a
2546 2460 2618 2518 te

484 2563 817 2660 probari,
868 2567 1071 2666 quod
1111 2593 1195 2641 ea
1238 2594 1388 2640 non
1436 2567 1784 2654 scribam,
1819 2591 1982 2663 quae
2023 2580 2098 2636 tu
2130 2588 2170 2634 a
2203 2587 2320 2634 me
2366 2573 2619 2659 postu-

486 2675 691 2764 laris,
723 2675 931 2750 facile
968 2682 1237 2777 patior,
1284 2678 1669 2777 multoque
1711 2680 1934 2775 magis
1982 2675 2057 2747 id
2111 2672 2460 2773 probabis
2489 2727 2510 2760 ,
2561 2672 2622 2741 si

488 2789 891 2859 orationem
927 2813 1083 2860 eam
1109 2844 1129 2878 ,
1174 2790 1263 2861 de
1306 2814 1451 2887 qua
1494 2787 1712 2860 hodie
1769 2789 1858 2860 ad
1905 2802 1976 2859 te
2022 2786 2303 2884 scripsi,
2343 2782 2620 2882 legeris.

488 2898 667 2987 Quae
706 2898 795 2970 de
838 2898 1248 2999 legionibus
1276 2912 1305 2943 ²
1353 2900 1650 2982 scribiS‚
1703 2923 1786 2970 ea
1827 2921 1996 2969 vera
2040 2911 2230 2969 sunt.
2277 2893 2418 2968 Sed
2469 2917 2624 2986 non

488 3010 657 3080 satis
688 3009 831 3083 hoc
868 3011 1047 3082 mihi
1090 3011 1351 3083 videris
1398 3009 1531 3082 tibi
1579 3009 2017 3107 persuasisse
2042 3061 2062 3096 ,
2112 3003 2290 3106 quid
2337 3006 2428 3077 de
2479 3009 2624 3076 Bu-

486 3122 775 3196 throtiis
796 3126 1061 3196 nostris
1080 3148 1211 3222 per
1236 3135 1566 3195 senatum
1587 3145 1833 3219 speres
1860 3117 2118 3192 confici
2138 3141 2349 3216 posse
2379 3145 2395 3187 :
2422 3113 2626 3213 quod

490 3231 725 3334 puto³
767 3237 1103 3334 (tantum
1144 3235 1340 3306 enim
1389 3231 1681 3329 video),
1735 3256 1886 3302 non
1924 3230 2257 3301 videmur
2314 3253 2468 3301 esse
2519 3229 2627 3298 vi-

569 3405 617 3438 1.
648 3389 956 3438 Sinuessano.
984 3391 1043 3436 In
1069 3403 1187 3452 agro
1211 3387 1457 3436 Vescisno
1474 3403 1516 3438 s.

485 3472 716 3521 Vescino.
740 3471 916 3521 Strabo
935 3479 1075 3536 putat
1101 3471 1172 3518 sic
1200 3471 1385 3520 dictum
1404 3469 1518 3537 quia

488 3556 545 3603 in
562 3556 673 3602 sinu
685 3555 917 3604 Vescino.
934 3555 1081 3602 Mart.
1095 3555 1241 3612 xm,
1254 3553 1283 3600 3
1295 3570 1316 3602 1
1336 3569 1350 3603 :
1371 3555 1519 3602 -Haec

490 3633 584 3681 tibi
608 3634 821 3680 Vescino
858 3631 921 3680 ds
965 3648 1107 3697 grege
1144 3649 1295 3681 massa
1322 3634 1454 3682 venit
1470 3655 1515 3683 a.

490 3717 625 3764 Infra
643 3717 863 3766 Gronov.
883 3714 1283 3783 devertissemque
1304 3713 1519 3762 Μηίω-

494 3794 570 3842 m's
580 3830 599 3854 ,
628 3796 710 3844 cui
729 3795 1031 3859 Mongnltius
1050 3803 1303 3858 repugnat.
1321 3791 1518 3842 Confir-

496 3888 627 3922 mat-e
656 3884 817 3922 tamen
842 3873 1039 3924 videtur
1058 3875 1182 3922 XVI
1195 3909 1212 3936 ,
1242 3889 1265 3920 1
1284 3906 1300 3933 ,
1322 3873 1411 3920 inf.
1432 3871 1522 3920 ubi

494 3953 663 4002 itidem
678 3955 853 4005 Cicero
867 3955 1195 4003 esium-sano
1209 3949 1523 4016 proficiscens

499 4031 623 4083 dicit
660 4051 712 4084 se
750 4031 1023 4082 Minturnis
1072 4031 1315 4095 Arpinum
1356 4046 1525 4080 vorsus

494 4115 710 4164 vertisse.
740 4115 835 4164 En.

1678 3399 1729 3432 α.
1747 3383 1823 3431 De
1845 3381 2132 3448 legionibus.
2153 3383 2244 3430 Eas
2260 3381 2447 3430 scilicet
2465 3379 2630 3430 venire

1605 3463 1659 3512 in
1685 3463 1872 3512 Italiam
1902 3463 2060 3511 sccitu
2087 3477 2188 3510 cos.
2205 3462 2442 3520 Antonii,
2464 3469 2512 3508 et
2534 3461 2631 3508 for-

1606 3555 1731 3594 tasse
1754 3543 1938 3592 bellum
1953 3541 2099 3590 bonis
2122 3543 2343 3591 facturas.
2364 3541 2462 3588 Sex
2475 3539 2631 3604 legio-

1605 3639 1695 3672 nes
1719 3633 1854 3671 erunt
1871 3625 1924 3670 in
1949 3621 2238 3671 Mucedonia
2257 3617 2504 3686 (Appinn.
2517 3617 2633 3682 111),

1606 3719 1636 3752 ι
1663 3703 1851 3752 Caesam
1873 3702 1938 3750 ad
1959 3701 2142 3750 bellum
2165 3701 2396 3750 Dacicum
2419 3711 2471 3748 et
2495 3697 2634 3747 Geti-

1606 3799 1719 3832 cum
1740 3783 2002 3847 gerendum
2025 3782 2285 3846 premisse
2305 3779 2460 3845 (Dio,
2475 3777 2635 3842 XLV)
2709 3809 2721 3826 ,

1607 3883 1729 3932 quus
1757 3865 1821 3913 ad
1855 3881 1908 3912 se
1943 3865 2188 3914 Antonius
2229 3859 2482 3926 pertraxit.
2504 3861 2556 3906 J.
2577 3859 2633 3905 F.

1610 3949 1849 3996 Gnonov.

1684 4029 1734 4080 3..
1763 4023 1908 4089 Quod
1942 4035 2079 4088 puto.
2103 4023 2259 4071 Totus
2291 4018 2375 4067 hic
2399 4017 2538 4066 locus
2565 4015 2636 4062 sic

1609 4105 1836 4154 videntur
1851 4119 1954 4152 esse
1971 4096 2338 4151 constituendus
2354 4111 2368 4146 :
2382 4117 2408 4140 α
2421 4093 2515 4144 Sed
2533 4108 2636 4143 non
