3019 4681
629 379 1167 453 EPISTOLAE
1217 379 1355 451 AD
1404 379 1896 470 ATTICUM,
1941 389 2043 469 x,
2086 383 2152 452 8.
2325 381 2456 470 143

292 505 549 578 Sedeo
592 509 789 576 enim
830 499 1191 574 πλουδοκῶν
1232 500 1320 576 3².
1360 506 1511 574 Etsi
1547 503 1729 574 nihil
1757 528 2103 602 umquam
2144 519 2288 574 tam
2324 503 2460 577 fuit

292 615 819 712 scribendum,
868 639 1091 712 quam
1135 613 1321 684 nihil
1365 613 1544 684 mihi
1585 636 1934 711 umquam
1991 637 2082 686 ex
2129 615 2460 711 plurimis

294 729 459 798 tuis
518 724 1105 823 jucunditatibus
1172 726 1441 821 gratius
1508 724 1847 796 accidisse
1875 780 1896 811 ‚
1968 748 2187 823 quam
2260 727 2462 822 quod

292 861 548 909 meam
594 836 904 906 Tulliam
956 835 1372 906 suavissime
1420 833 2106 932 diligentissimeque
2149 835 2457 908 coluisti.

294 947 539 1018 Valde
580 969 671 1016 eo
716 949 873 1044 ipsa
918 943 1271 1016 delectata
1304 958 1413 1015 est
1456 972 1473 1014 ε
1511 967 1650 1041 ego
1690 959 1930 1016 autem
1978 970 2132 1015 non
2176 941 2461 1032 minus;

296 1057 519 1153 cujus
563 1057 866 1156 quidem
908 1059 1135 1127 virtus
1168 1053 1488 1125 mirifica.
1538 1057 1705 1143 Quo
1749 1055 1972 1129 modo
2001 1057 2118 1126 illa
2162 1053 2300 1126 fert
2327 1081 2462 1155 pu·

296 1167 573 1240 blicam
602 1167 931 1239 cladem?
959 1191 1111 1264 quo
1139 1165 1361 1236 modo
1393 1164 1822 1237 domesticas
1857 1169 2066 1238 tricas
2092 1165 2197 1234 3³?
2225 1190 2458 1262 quan-

296 1288 423 1346 tus
457 1288 707 1345 autem
732 1275 1019 1344 animus
1044 1277 1123 1360 in
1158 1273 1475 1344 discessu
1514 1273 1818 1344 nostro?
1851 1275 1955 1346 Sit
1992 1285 2222 1373 στοργὴ
2245 1267 2333 1358 34,
2367 1277 2460 1348 sit

296 1405 595 1451 summa
634 1377 913 1462 σύντηξις
950 1405 967 1451 2
1007 1393 1249 1450 tamen
1284 1401 1423 1448 nos
1464 1390 1662 1449 recte
1696 1376 1962 1466 facere,
1999 1394 2072 1451 et
2107 1381 2300 1456 bene
2337 1407 2459 1454 au·

300 1487 461 1560 dire
516 1488 703 1558 vult.
766 1488 907 1560 Sed
966 1487 1100 1560 hac
1142 1509 1363 1586 super
1412 1509 1495 1559 re
1545 1489 1798 1572 nimis3
1858 1514 1953 1561 ne
2009 1515 2244 1564 meam
2301 1495 2452 1591 ipse

296 1599 687 1691 συμπάθειαν
718 1591 787 1638 ³5
833 1596 978 1690 jam
1030 1606 1345 1666 evocem.
1395 1597 1504 1665 Tu
1527 1649 1548 1683 ‚
1593 1597 1652 1665 si
1715 1595 1890 1692 quid
1951 1594 2044 1668 de
2096 1601 2455 1696 Hispaniis

300 1707 621 1790 certius,
662 1720 737 1775 et
776 1706 839 1774 si
878 1704 1063 1802 quid
1104 1703 1337 1793 aliud,
1386 1705 1567 1777 dum.
1605 1705 1982 1793 adsumus,
2019 1709 2286 1780 scribes
2319 1737 2335 1778 :
2383 1725 2458 1780 et

298 1839 433 1912 ego
469 1814 781 1886 fortasse
820 1813 1199 1886 discedens
1240 1812 1435 1918 dabo
1479 1813 1572 1885 ad
1624 1829 1698 1886 te
1748 1813 2063 1912 aliquid;
2109 1842 2196 1887 eo
2235 1820 2446 1888 etiam

298 1928 559 2023 magis,
618 1925 821 2022 quod
865 1925 1097 1998 Tullia
1148 1940 1219 1996 te
1262 1950 1417 1996 non
1456 1924 1764 2023 putabat
1803 1925 1944 1996 hoc
1993 1940 2317 2024 tempore
2363 1953 2454 1998 ex

298 2037 499 2108 ltalia
521 2032 615 2106 ³⁶.
652 2039 843 2108 Cum
892 2037 1211 2108 Antonio
1228 2033 1291 2094 3⁷
1344 2040 1518 2108 item
1564 2051 1672 2107 est
1709 2034 2107 2133 agendum,
2159 2051 2242 2108 ut
2283 2062 2460 2108 cum-

300 2149 625 2218 Curione
660 2146 921 2218 Melitae
950 2169 1069 2218 me
1102 2147 1277 2219 velit
1304 2171 1495 2234 esse,
1541 2146 1714 2217 huic
1753 2145 1948 2218 bello
1991 2146 2188 2218 nolle
2225 2149 2448 2220 inter-

304 2279 477 2330 esse.
521 2263 634 2330 Eo
670 2259 887 2330 velim
925 2272 1069 2330 tam
1106 2257 1294 2330 facili
1323 2260 1429 2330 uti
1465 2281 1789 2358 possem,
1833 2272 1905 2328 et
1947 2273 2088 2330 tam
2133 2257 2336 2330 bono
2376 2263 2452 2332 in

302 2390 437 2458 me,
454 2394 683 2467 quam
698 2372 1033 2442 Curione.
1064 2374 1135 2440 Is
1162 2368 1251 2441 ad
1267 2371 1626 2442 Misenum
1650 2364 1714 2415 3⁸
1744 2396 1818 2441 vi
1847 2395 2078 2443 nonas
2100 2388 2452 2444 venturus

304 2477 713 2568 dicebatur,
752 2481 827 2552 id
868 2496 1012 2570 est,
1067 2480 1319 2570 hodie3
1372 2480 1499 2553 sed
1547 2484 1888 2579 praemisit
1937 2482 2116 2553 mihi
2161 2482 2446 2556 odiosas

304 2591 575 2683 literaS,
620 2594 763 2666 hoc
792 2595 1137 2692 'exemplo
1173 2622 1191 2665 ε

366 2782 454 2830 32.
476 2776 786 2830 Πλωδοκῶν.
806 2784 1159 2847 Tempesutem
1176 2791 1226 2830 et
1242 2797 1331 2829 m·
1415 2791 1600 2844 potest.
1618 2783 1782 2843 Quum
1799 2782 1928 2829 enim
1948 2782 2008 2830 de
2026 2782 2300 2831 incredibili
2314 2800 2448 2832 amo-

306 2860 593 2923 vigationem
618 2860 847 2911 idoneam
882 2872 1184 2926 exspectans.
1415 2876 1467 2908 re
1490 2859 1544 2907 in
1563 2872 1615 2907 se
1637 2858 1810 2909 Tulliae
1827 2878 1972 2926 supra
1991 2863 2226 2927 loquutus
2241 2865 2329 2927 sit,
2346 2866 2448 2913 cito

370 2942 449 2988 33.
478 2940 783 2989 Domesticos
810 2941 975 2989 tricas.
996 2942 1203 3007 Propter
1224 2952 1329 2989 rem
1416 2940 2046 2989 excommonedelabimr.
2059 2942 2306 2991 sentiebat
2315 2946 2444 2993 euim

304 3016 575 3069 finili-tem
596 3036 627 3067 a
654 3019 761 3068 viro
786 3035 879 3069 uuo
918 3020 1171 3069 Dolabella
1204 3020 1329 3068 male
1416 3035 1466 3066 se
1486 3020 1589 3079 jam
1627 3022 1954 3080 commoveri,
1989 3022 2290 3087 affectusque
2327 3038 2446 3071 suos

307 3098 631 3156 gubernatam.
661 3102 779 3149 Seu.
1416 3098 1646 3157 excitari,
1687 3098 1822 3161 quod
1860 3099 2073 3148 uolebat.
2106 3100 2322 3147 Verbum
2345 3102 2443 3148 boc

370 3178 453 3233 Βῆ.
476 3176 679 3246 >tren-ii.
706 3178 888 3237 Pietss,
928 3192 1079 3225 amor.
1102 3172 1329 3235 xiim-5¹5⁴
1413 3186 1588 3225 uotum
1605 3182 1676 3225 est
1697 3192 1710 3224 :
1730 3178 1866 3241 quod
1893 3178 1934 3225 si
1957 3189 2054 3225 tam
2075 3178 2222 3226 facile
2237 3180 2442 3244 exprimi

306 3254 577 3305 Ama-im
614 3256 893 3305 animorum
938 3256 1240 3317 conjunctio.
1255 3284 1327 3295 —-
1412 3269 1578 3320 posset
1599 3256 1748 3305 verbo
1775 3256 1960 3317 latino,
1977 3272 2124 3321 quam
2145 3256 2219 3303 vis
2239 3257 2344 3316 ejus
2369 3258 2444 3306 iu-

307 3334 368 3380 Sa's
391 3333 585 3405 στοργή.
613 3333 812 3385 Schiiu.
839 3336 947 3383 baec
971 3346 1128 3383 mutat
1152 3336 1324 3400 legen·
1412 3334 1675 3399 alligitur,
1711 3334 1835 3383 nihil
1863 3336 2205 3384 laboraremus.
2225 3336 2440 3386 Vim-on.

310 3410 391 3471 do,
411 3436 435 3457 α
454 3414 645 3485 Στοργῆ
666 3416 730 3463 sit
764 3431 954 3462 summa
978 3414 1113 3475 licet,
1138 3431 1321 3463 summa
1484 3416 1572 3463 36.
1595 3416 1680 3463 Ex
1712 3414 1884 3463 Italia.
1913 3414 2122 3479 supple,
2160 3414 2402 3463 exiturum
2427 3450 2442 3474 ,

310 3488 494 3551 ὠνι-ηξις
508 3516 553 3542 ιο.
572 3496 640 3544 Η.
660 3512 705 3543 e.
729 3494 823 3541 etsi
840 3492 1000 3541 Tullia
1020 3509 1123 3541 mea
1138 3508 1324 3541 summ·
1411 3492 1766 3558 profecturum.

310 3567 353 3617 in
372 3588 443 3620 me
463 3572 645 3638 pietate
671 3583 775 3637 est,
805 3584 855 3621 et
880 3573 1006 3620 inter
1028 3588 1120 3621 nos
1148 3574 1318 3621 arctis-
1480 3569 1566 3635 37.
1590 3570 1825 3620 Antonio.
1853 3573 2010 3633 Quem
2047 3572 2236 3631 Cesar,
2263 3572 2312 3619 iu
2341 3574 2436 3621 Hi-

310 3648 407 3697 tium
454 3652 725 3702 animorum
753 3652 1058 3714 conjunctio.
1104 3654 1315 3700 Frustra.
1407 3652 1625 3715 spaniam
1645 3661 1816 3698 comm
1841 3651 2059 3713 Pompeii
2080 3651 2262 3714 legatos
2288 3650 2436 3715 profi-

309 3728 349 3773 J.
370 3734 426 3781 v,
453 3736 507 3780 1„
1407 3732 1593 3779 cisoens
1608 3766 1623 3791 ‚
1642 3728 1796 3778 Italia
1813 3742 2018 3793 praeesse
2035 3730 2270 3779 voluerat.
2287 3732 2436 3783 Min.

371 3812 448 3859 35.
474 3810 789 3880 Σιμπάθιιαν.
828 3812 991 3873 Quam
1012 3810 1093 3859 hic
1128 3824 1317 3859 accom-
1477 3810 1564 3859 38.
1593 3810 1848 3857 Misenum.
1869 3810 2263 3859 Promotum-ium
2287 3812 2434 3860 Cam-

316 3889 484 3937 nod-ta
508 3892 568 3939 sit
598 3907 755 3957 greca
796 3890 907 3937 haec
932 3904 1055 3949 vox,
1087 3889 1187 3937 dici
1214 3904 1316 3936 uon
1405 3889 1595 3953 paniae,
1619 3889 1746 3937 inter
1770 3889 1946 3937 Cumas
1972 3900 2020 3937 et
2042 3890 2286 3939 Puteolos.
2313 3894 2406 3941 En.
2507 3916 2522 3925 ·
