3019 4681
428 349 571 424 326
1072 353 1169 422 M.
1220 356 1296 422 T.
1353 355 1910 424 CICERONIS

424 491 549 549 aut
578 497 945 547 summum
980 497 1136 548 cras
1176 473 1270 546 ab
1312 499 1400 547 eo
1436 475 1877 565 tabellarios;
1912 475 2036 572 qui
2079 473 2291 544 simul
2329 497 2416 546 ao
2441 498 2558 546 ve-

424 587 667 658 nerint
686 639 707 674 ,
756 585 1134 656 mittentur
1188 584 1281 657 ad
1330 600 1421 658 te.
1472 591 1533 658 A
1588 586 1865 678 Quinto
1919 597 2280 682 exspecta
2327 583 2554 656 Profl-

422 701 698 769 ciscens
748 697 943 768 enim
992 720 1033 766 e
1079 696 1489 768 Tusculano
1533 722 1638 768 ux
1677 695 1860 768 kam
1913 709 1995 766 ut
2039 699 2211 784 sciS,
2255 695 2414 766 misi
2463 694 2556 766 ad

426 831 595 880 eum
620 805 1055 878 tabellarios.
1083 809 1329 894 Nunc,
1358 806 1445 878 ad
1465 831 1622 878 rem
1641 821 1726 877 ut
1743 805 2068 894 redeam,
2092 801 2560 876 «inhibet-1³³»

423 916 599 992 illud
644 932 855 988 tuum
873 972 893 1007 ,
944 916 1147 1015 quod
1196 915 1401 988 valde
1445 917 1626 1006 mihi
1666 917 1996 988 arriserat
2015 971 2036 1002 ,
2087 916 2558 988 vehementer

425 1027 776 1126 displicet.
826 1032 951 1098 Est
990 1032 1183 1100 enim
1225 1025 1533 1098 verbum
1575 1041 1810 1114 totum
1848 1029 2240 1098 nauticum.
2285 1029 2556 1118 Quam·

427 1163 647 1236 quam
700 1137 775 1209 id
825 1137 1123 1236 quidem
1173 1136 1529 1225 sciebam3
1584 1136 1713 1210 sed
1763 1135 2166 1208 arbitrabar
2219 1139 2558 1208 sustineri

425 1271 699 1335 remOS‚
750 1273 983 1345 quum
1032 1247 1361 1320 inhibere
1404 1262 1645 1320 essent
1687 1248 1996 1345 remiges
2031 1247 2232 1342 jussi.
2281 1244 2366 1317 Id
2406 1270 2557 1317 non

428 1383 575 1430 esse
608 1357 1008 1455 ejusmodi,
1052 1356 1271 1430 didici
1305 1359 1500 1448 heri,
1541 1382 1772 1456 quum
1821 1356 1912 1428 ad
1951 1355 2187 1428 villam
2237 1367 2558 1426 nostram

428 1472 631 1541 navis
656 1467 1160 1566 appeller-etur.
1190 1473 1359 1542 Non
1386 1471 1580 1541 enim
1611 1471 1999 1556 sustinent,
2025 1465 2150 1538 sed
2175 1465 2316 1538 alio
2336 1464 2561 1538 modo

428 1577 803 1674 remigant.
856 1574 943 1646 Id
988 1574 1081 1646 ab
1130 1580 1373 1674 ἑποχῇ4
1416 1577 1976 1649 remotissimum
2008 1588 2137 1645 est.
2174 1575 2414 1663 Quare
2453 1570 2560 1643 fa·-

430 1688 613 1774 cieS‚
658 1699 745 1756 ut
786 1685 887 1757 ita
926 1685 1017 1757 sit
1060 1685 1138 1756 in
1180 1684 1369 1757 libro
1398 1681 1453 1776 ⁵,
1500 1683 2116 1785 quemadmodum
2159 1679 2316 1754 fuit.
2349 1683 2562 1768 Dices

429 1795 575 1868 hoc
632 1793 824 1867 idem
876 1797 1225 1883 Varroni,
1278 1798 1337 1868 si
1392 1793 1630 1870 forte⁶
1679 1795 2002 1870 mutavit.
2059 1797 2208 1868 Nec
2251 1807 2361 1866 est
2407 1817 2559 1864 me-

428 1907 568 1980 lius
603 1905 1037 2006 quidquam,
1080 1931 1297 2005 quam
1336 1921 1421 1978 ut
1450 1907 1836 1980 Lucullus⁷
1867 1934 1882 1975 :

587 2073 877 2147 Sustineat
904 2105 1169 2162 currum,
1192 2100 1258 2146 ut
1284 2085 1462 2146 bonu’
1490 2087 1676 2166 saepe⁸
1705 2085 1978 2163 agitator,
2008 2102 2321 2164 equosque.

500 2297 553 2330 α.
595 2278 790 2330 schiitz.
825 2280 967 2343 iubet
999 2281 1207 2329 scribere
1242 2280 1322 2329 XI
1351 2281 1453 2331 kal.

430 2366 481 2415 J.
504 2364 571 2411 V.
596 2364 655 2409 L.

500 2442 553 2489 3.
592 2438 818 2486 Inhibere
845 2436 973 2485 illud
996 2447 1146 2486 tuum.
1182 2439 1283 2502 Qui
1310 2450 1454 2503 putas

429 2518 613 2583 ἐπέχειν
638 2516 779 2565 reddi
806 2516 953 2563 latine
968 2530 1111 2580 posse
1139 2532 1228 2581 per
1248 2517 1453 2565 verbum

432 2596 663 2647 inhibere.
690 2597 852 2645 Cosa.
876 2622 947 2632 -—-
980 2596 1055 2642 De
1082 2594 1178 2643 hoc
1204 2604 1313 2644 toto
1338 2596 1452 2645 loco

430 2676 599 2726 multis
622 2675 837 2739 disputat
856 2675 889 2723 J
893 2710 907 2723 .
931 2678 984 2722 F.
1010 2668 1349 2724 Gronovius‘l.
1378 2678 1452 2723 lv

428 2756 633 2805 ObserV.
661 2770 769 2818 cap.
803 2752 868 2802 26
887 2787 903 2813 ,
944 2752 1029 2817 qui
1066 2753 1212 2802 docet
1238 2752 1453 2802 inhibere

428 2834 571 2885 remis
603 2832 732 2882 idem
765 2850 867 2883 esse
904 2832 1043 2898 quod
1071 2832 1285 2902 πρύμναν
1315 2833 1452 2901 κρού-

430 2916 601 2965 σασθοιι
616 2950 632 2974 ,
666 2910 1047 2981 ἀνακροῦσασθαι
1060 2948 1075 2974 ,
1124 2910 1202 2963 ἐπὶ
1234 2914 1448 2981 πρύμναν

426 2993 729 3063 κρούσαοθαι.
756 2994 903 3041 Nunc
932 2992 1105 3043 Cicero
1129 2993 1326 3043 meliora
1354 2992 1448 3042 do·

426 3086 537 3129 etus
555 3074 664 3123 vult
684 3074 739 3122 in
756 3090 817 3122 eo
836 3072 965 3123 libro
980 3075 1185 3136 servari,
1202 3086 1261 3124 ut
1278 3075 1451 3137 fuerat,

427 3153 629 3201 verbum
650 3150 897 3201 meinero.
921 3154 1011 3201 En.
1302 3160 1308 3167 '

500 3242 551 3289 4.
582 3232 659 3279 Ab
684 3230 854 3295 ἰποχῇ.
882 3231 963 3279 Ab
984 3232 1273 3281 assensionis
1294 3244 1448 3281 reten-

426 3312 579 3360 tione.
598 3309 835 3358 Inhibitio
849 3345 862 3369 ,
882 3310 1041 3373 inquit
1053 3342 1068 3366 ‚
1082 3325 1185 3359 non
1202 3310 1331 3359 idem
1348 3323 1449 3373 est,

428 3389 565 3453 quod
609 3388 831 3436 retentio.
874 3390 1000 3437 Nam
1044 3390 1273 3447 retinere,
1324 3389 1449 3438 illud

426 3478 531 3527 est,
577 3464 713 3531 quod
748 3466 926 3529 surigoe
962 3466 1176 3525 faciunt,
1214 3484 1448 3531 equorum

426 3562 621 3595 ctu-sum
675 3546 898 3594 adductis
951 3545 1154 3595 habenis
1210 3546 1446 3596 sistentes.

428 3624 654 3675 Inhibere
688 3637 849 3674 autem
862 3662 877 3686 ,
918 3641 1023 3673 non
1058 3642 1210 3690 quum
1248 3627 1450 3690 remiges

427 3720 599 3753 navem
619 3705 825 3764 sistunt,
856 3703 942 3753 sed
962 3722 1113 3770 quum
1131 3740 1148 3765 ,
1176 3704 1272 3753 alio
1299 3706 1449 3755 modo

428 3784 740 3846 remigantes,
776 3800 882 3832 eam
906 3795 1201 3835 convertunt
1228 3786 1291 3833 ad
1320 3802 1450 3851 pup-

428 3864 547 3927 pim.
570 3864 719 3912 Muc.
745 3890 817 3900 —
838 3886 865 3907 α
880 3866 957 3913 Ex
976 3865 1053 3913 his
1072 3864 1157 3913 illa
1180 3868 1449 3915 necessario

428 3952 539 3989 mu
590 3952 663 3989 est
710 3940 859 4005 ἔποχὴ
877 3980 892 4003 ,
944 3944 997 3992 iel
1040 3956 1113 3993 est
1162 3946 1448 3994 assensionis

428 4021 637 4069 mentio
655 4040 701 4067 ι.
726 4022 927 4071 Confer.
946 4024 1049 4073 Cic.
1072 4024 1351 4075 Academic.
1372 4027 1446 4087 11,

436 4099 515 4146 18.
545 4100 578 4147 J
583 4136 593 4147 .
611 4100 673 4147 V.
698 4100 755 4151 1..

1614 2283 1662 2330 5.
1679 2284 1739 2329 In
1760 2281 1898 2331 libro.
1914 2281 2072 2330 Aend.
2094 2283 2276 2345 Quaest.
2294 2277 2380 2328 sed
2392 2275 2562 2344 prime

1539 2360 1786 2411 editionis.
1813 2361 1915 2410 Alii
1937 2360 2118 2410 libmm
2147 2362 2212 2408 de
2241 2360 2448 2421 Orator-e
2471 2354 2561 2420 (1,

1541 2440 1644 2504 33)
1671 2438 1930 2504 significari
1953 2432 2143 2489 volunt.
2171 2440 2334 2488 Coun.

1609 2519 1663 2567 6.
1691 2520 1879 2567 Emest.
1903 2518 2163 2567 lectionem
2187 2516 2324 2565 Bosii
2345 2515 2562 2565 retinue-

1540 2606 1644 2660 rat,
1669 2597 1765 2644 nisi
1761 2596 1925 2659 forte.
1953 2600 2074 2647 Jure
2102 2598 2298 2646 damnat
2320 2594 2562 2659 Mongalt.

1541 2686 1592 2723 et
1636 2676 1860 2723 Goerenz.
1915 2676 1968 2724 in
2025 2675 2299 2725 Introduet.
2349 2673 2414 2723 ad
2456 2674 2562 2725 cio.

1540 2755 1699 2805 Aesd.
1729 2772 1780 2820 p.
1810 2756 1896 2803 31.
1927 2758 1976 2803 J.
1995 2757 2060 2804 V.
2086 2756 2140 2801 L.

1614 2830 1942 2895 7.'Lucullus.
1983 2834 2080 2880 Hic
2115 2847 2309 2896 quoque
2335 2830 2564 2896 Mongnl-

1539 2914 1638 2961 tius
1663 2913 1772 2973 jure
1807 2928 1910 2960 non
1951 2910 2131 2960 minori
2169 2912 2356 2976 respuit
2391 2910 2563 2960 Faerni

1539 3002 1588 3041 et
1608 2992 1908 3056 Malaespiuae
1942 2992 2272 3052 conjecturam
2290 3028 2307 3053 ,
2335 2990 2562 3040 manilius.

1537 3072 1636 3123 Sed
1677 3072 1902 3121 Goereuz.
1945 3068 2138 3119 Introd.
2175 3070 2239 3117 ad
2275 3068 2560 3119 Aondemie.

1537 3168 1650 3216 pag.
1698 3146 1758 3200 31
1774 3184 1789 3209 ,
1847 3160 1986 3198 notat
2047 3148 2298 3197 Lucullum
2351 3149 2406 3197 in
2465 3149 2563 3197 hoc

1534 3230 1664 3279 libro
1704 3232 1780 3288 11,
1818 3245 1910 3291 19,
1939 3228 2138 3275 dicere:
2174 3250 2201 3270 α
2221 3230 2326 3291 Ego
2353 3227 2480 3275 euim
2505 3236 2564 3276 ut

1536 3310 1744 3373 agitator
1772 3306 1977 3357 callide·
2012 3309 2290 3371 priusquam
2321 3306 2383 3354 ad
2413 3304 2562 3354 finem

1535 3389 1755 3448 veniam,
1784 3402 1937 3451 equos
1973 3384 2221 3434 sustinebo
2243 3406 2287 3433 a.
2326 3385 2431 3433 Ubi
2460 3400 2563 3433 ma-

1535 3468 1710 3515 nifeste
1749 3466 1814 3514 ad
1856 3466 2030 3513 veteris
2061 3475 2220 3529 poetae
2252 3480 2440 3511 versum
2475 3463 2564 3513 ad·

1536 3546 1739 3597 luditur.
1766 3547 1920 3609 Igitur
1937 3541 2131 3593 Schiitz.
2153 3558 2307 3608 quum
2327 3542 2403 3591 ed.
2427 3542 2564 3607 1809

1538 3626 1825 3675 correxisset
1851 3622 2078 3683 Lucilius,
2105 3638 2222 3671 ann.
2262 3621 2395 3670 1816
2425 3620 2564 3669 resti·

1540 3708 1632 3756 tuit
1669 3704 1912 3752 Lucullus.
1948 3702 2098 3766 Quod
2123 3699 2291 3749 laudat
2323 3701 2358 3748 J
2363 3738 2377 3750 .
2397 3702 2468 3749 V.
2499 3702 2558 3750 L.

1535 3786 1586 3833 in
1613 3785 1762 3834 notis.
1791 3785 1885 3832 En.

1609 3866 1660 3913 8.
1688 3864 1836 3929 Vulg.
1855 3864 2010 3911 bonus
2025 3875 2170 3926 saepe.
2197 3861 2424 3909 Goerenz.
2447 3874 2563 3909 con-

1531 3944 1671 4005 jicit,
1696 3954 1753 3992 ut
1782 3958 1948 3991 versus
1977 3952 2193 4000 constet,
2225 3940 2379 3987 bonus
2403 3954 2560 4004 oeqne.

1534 4024 1700 4073 Minus
1723 4020 1945 4089 εὗςόχως.
1969 4022 2074 4088 Ego
2087 4055 2104 4083 ,
2121 4031 2180 4070 ut
2203 4030 2362 4086 puto,
2381 4018 2560 4085 prob·-

1536 4103 1696 4153 bilius.
1709 4105 1772 4154 J.
1791 4104 1856 4152 V.
1879 4104 1936 4151 1..
