3019 4681
594 401 738 490 346
1223 405 1322 474 M.
1372 403 1448 473 T.
1499 405 2089 477 CICERONIS
2184 474 2189 481 ἦ

589 531 849 626 cogito.
901 521 1356 624 Torquatus⁶
1391 529 1638 598 Romae
1667 541 1802 598 est.
1862 528 2062 616 Misi,
2090 542 2173 602 ut
2202 526 2371 602 tibi⁷
2406 526 2685 607 daretur.

587 639 926 712 Catulum
974 651 1050 708 et
1095 634 1476 708 Lucullum
1498 631 1553 724 ⁸,
1601 651 1687 708 ut
1729 640 2019 735 opinor,
2060 653 2289 711 antea.
2342 640 2468 712 His
2514 640 2687 714 libris

588 774 774 821 nova
825 746 1181 846 prooemia
1227 759 1400 817 sunt
1455 746 1732 834 addita,
1780 747 2047 848 quibus
2097 773 2353 822 eorum
2410 765 2685 848 uterque

585 859 940 934 laudatur.
991 863 1126 929 Eas
1175 857 1462 929 litei-aso
1500 857 1672 929 volo
1712 856 2023 931 habeas:
2064 875 2135 932 et
2178 875 2351 934 sunt
2393 861 2683 958 quaedam

581 970 738 1045 alia.
775 975 904 1057 Et,
941 967 1142 1066 quod
1181 967 1272 1038 ad
1307 981 1379 1040 te
1417 966 1508 1040 de
1545 966 1798 1041 decem
1818 970 2077 1067 'legatis
2116 972 2412 1070 scripsi,
2456 995 2682 1069 parum

585 1075 975 1164 intellexti3
1006 1072 1294 1162 ‘cred0,
1337 1073 1513 1170 quia
1557 1069 1664 1144 διὰ
1710 1077 1969 1172 σημείων
1994 1083 2061 1120 ¹⁰
2112 1077 2547 1173 scripseram.
2594 1081 2685 1146 De

587 1190 668 1258 C.
698 1185 1059 1258 Tuditano
1088 1184 1279 1256 enim
1306 1182 1716 1282 quaerebam
1736 1239 1755 1275 ,
1789 1210 2010 1283 quem
2043 1211 2133 1260 ex
2159 1187 2546 1258 Hortensio
2562 1210 2683 1256 au·

584 1292 1104 1402 dierami'uisse
1133 1295 1211 1365 in
1241 1293 1488 1366 decem
1521 1320 1537 1364 ε
1579 1319 1749 1366 eum
1778 1297 1993 1369 video
2020 1299 2095 1367 in
2126 1284 2425 1367 Libonis
2449 1305 2503 1340 ¹¹
2538 1320 2687 1394 prae-

581 1419 818 1477 torem
853 1409 927 1476 P.
968 1402 1314 1502 Popillio,
1355 1407 1426 1474 P.
1469 1405 1764 1504 Rupilio
1808 1405 2250 1479 consulibus,
2286 1411 2511 1478 Annis
2546 1431 2682 1476 xum

584 1531 785 1604 ante,
817 1539 1036 1614 quam
1071 1529 1339 1612 praetor
1370 1511 1603 1585 factus
1641 1530 1790 1604 est,
1820 1514 2097 1614 legatus
2129 1541 2283 1589 esse
2322 1515 2685 1615 potuisset?

581 1626 718 1697 nisi
758 1622 1149 1695 admodum
1199 1646 1362 1694 sero
1407 1639 1725 1720 quaestor
1754 1635 1815 1670 ¹²
1862 1641 1973 1698 est
2008 1624 2275 1713 factus;
2324 1624 2521 1724 quod
2554 1648 2685 1694 non

583 1733 940 1834 arbitror:
989 1732 1202 1804 video
1251 1734 1442 1803 enim
1490 1733 1781 1806 curules
1830 1739 2285 1834 magistratus
2330 1760 2493 1807 eum
2534 1736 2683 1832 legi-

581 1847 773 1920 timis
799 1846 1005 1916 annis
1033 1841 1371 1942 perfacile
1399 1847 1693 1940 cepisse.
1721 1849 2175 1920 Postumium
2200 1863 2479 1935 autem,
2504 1846 2685 1942 cujus

582 1972 885 2031 statuam
914 1957 990 2026 in
1009 1952 1290 2024 Isthmo
1314 1955 1728 2026 meminisse
1764 1971 1837 2028 te
1855 1956 2066 2046 dicis,
2102 1959 2178 2028 in
2214 1959 2301 2028 iis
2332 1951 2683 2029 sciebam¹³

579 2068 818 2141 fuisse.
855 2069 923 2136 Is
962 2078 1205 2135 autem
1237 2077 1384 2150 est,
1421 2064 1553 2160 qui
1593 2088 1758 2136 cum
1806 2066 2110 2136 Lucullo
2154 2064 2329 2155 fuit3
2374 2092 2591 2164 quem
2618 2080 2682 2135 tu

576 2176 755 2247 mihi
817 2169 1187 2258 addidisti,
1245 2194 1418 2241 sane
1475 2171 1569 2252 ad
1626 2169 1835 2240 illum
1887 2177 2181 2270 σύλλογον
2202 2177 2267 2224 ¹⁴
2328 2196 2679 2273 personam

579 2285 938 2359 idoneam.
987 2277 1286 2352 Videbis
1332 2283 1575 2381 igitur,
1614 2282 1674 2353 si
1709 2285 2018 2380 poteriS‚
2060 2298 2378 2374 ceteros;
2422 2299 2503 2357 ut
2544 2307 2681 2385 pos·

579 2396 800 2467 simus
842 2400 1193 2484 πομπεῦσαι
1232 2392 1336 2458 καὶ
1376 2398 1506 2474 τοῖς
1550 2394 1897 2485 προσώποις
1920 2384 2007 2460 ¹⁵.

643 2560 695 2609 6,
742 2558 1028 2619 Torquatus.
1057 2552 1201 2603 Liber
1221 2554 1247 2601 1
1277 2552 1340 2605 de
1362 2552 1591 2613 Finibus,
1759 2568 1841 2605 το.
1870 2548 1961 2604 Διὰ
1984 2550 2207 2619 σημείων.
2234 2556 2337 2601 Per
2356 2564 2511 2601 notas.
2536 2554 2681 2603 Eum

570 2640 626 2691 in
641 2652 743 2703 quo
761 2638 1038 2699 Torquatus
1054 2634 1287 2698 disputat.
1679 2630 1743 2679 de
1790 2631 1920 2680 notis
1960 2646 2278 2680 romanorum
2320 2644 2539 2681 veterum
2576 2630 2681 2678 liber

645 2735 694 2779 7.
740 2716 820 2764 Sic
857 2712 956 2762 duo
999 2712 1126 2760 Mss
1171 2712 1385 2762 noshni.
1429 2712 1561 2762 olim
1576 2712 1611 2773 ,'
1679 2712 1892 2775 Tyronis
1938 2721 1989 2759 et
2033 2713 2229 2761 Senecae
2278 2727 2463 2760 nomen
2512 2726 2603 2775 pr:
2636 2724 2679 2756 se

573 2796 854 2855 ..runcinat
872 2790 965 2841 tihi
983 2791 1178 2840 daretur
1193 2812 1240 2841 π.
1259 2792 1428 2841 Minus
1443 2804 1592 2843 recte.
1679 2790 1872 2850 serem,
1906 2790 2067 2840 editus
2108 2808 2139 2839 ει
2182 2793 2313 2841 Jano
2360 2793 2598 2847 emnem,
2636 2797 2680 2835 et

573 2882 624 2929 J.
641 2880 706 2924 V.
732 2877 788 2923 1..
1678 2884 1857 2935 magno
1892 2871 2271 2936 inscriptionum
2306 2871 2506 2936 corpori
2540 2867 2678 2929 subje-

643 2959 692 3007 8.
723 2952 948 3003 Catulum
972 2962 1020 2998 ee
1043 2950 1313 2999 Lucullum.
1337 2949 1593 3001 Academi·
1679 2958 1804 2998 ctus.
1836 2950 2015 2999 (ὗμιν.

571 3053 660 3086 cos
683 3034 863 3091 libros,
898 3047 1027 3096 quos
1060 3030 1272 3096 primum
1301 3032 1589 3095 scripserat:
1755 3043 1836 3077 11.
1860 3030 1920 3076 In
1940 3027 2151 3077 Libonis.
2175 3027 2359 3093 supple
2378 3064 2395 3089 ,
2416 3025 2585 3077 annali.

571 3130 786 3182 quorum
828 3112 1063 3171 alterum,
1099 3110 1326 3168 catulus,
1356 3110 1592 3169 alterum,
1754 3123 1839 3157 η.
1874 3109 2108 3172 Pighius,
2142 3108 2209 3157 ad
2242 3124 2361 3157 ann.
2398 3110 2518 3165 621,
2543 3104 2676 3167 lenm

569 3194 816 3251 Lucullus,
831 3190 1156 3257 inscripserat.
1169 3188 1298 3237 Vide
1310 3188 1433 3237 illud
1447 3189 1589 3252 epist.
1671 3187 1812 3249 jubet
1840 3200 2050 3253 pra-eor.
2094 3188 2236 3237 Falso
2256 3222 2273 3249 ,
2321 3188 2366 3237 si
2412 3183 2673 3251 Mongnltins

573 3292 657 3325 ω.
683 3274 904 3321 Mum-r.
931 3296 1002 3308 --
1025 3270 1100 3317 Ex
1125 3267 1221 3316 hoc
1246 3266 1364 3316 loco
1390 3277 1589 3333 apparet
1677 3284 1789 3316 vere
1812 3267 1872 3315 de
1889 3268 1939 3316 h.
1959 3267 1993 3316 l.
2018 3269 2185 3316 sensit.
2213 3269 2266 3317 J.
2285 3266 2355 3317 V.
2376 3268 2433 3315 L.

567 3370 672 3403 nou
693 3353 820 3401 bene
842 3366 871 3399 a
893 3348 1139 3397 vetet-ibn?
1164 3346 1436 3395 editoribus
1463 3358 1589 3396 tem·
1753 3344 2081 3395 13.Sc1‘ebam.
2101 3350 2228 3411 Lege
2242 3346 2530 3394 nesciebam.
2547 3342 2670 3391 Mm-

565 3448 746 3499 μοι-ιω)
767 3429 996 3478 ordinum
1019 3436 1278 3474 servatum.
1303 3428 1398 3475 Eo.
1752 3432 1831 3481 ιιι.
1854 3424 2111 3493 Σύλλογον..
2128 3428 2453 3475 conventum.

639 3526 690 3574 9.
709 3511 814 3559 Eae
841 3508 1024 3557 literas.
1043 3508 1110 3555 En
1135 3504 1388 3569 prooemia.
1418 3507 1587 3569 Quan-
1750 3505 1837 3555 15.
1872 3508 2155 3571 Πομπεῦσαι
2178 3502 2263 3557 καὶ
2284 3504 2382 3562 τοῖς
2408 3498 2665 3570 προσώποις-

567 3588 730 3652 doque
747 3590 876 3637 enim
892 3587 1046 3637 litem
1063 3598 1154 3649 pro
1177 3583 1369 3647 scriptis
1385 3600 1585 3649 ponnu-
1670 3586 1749 3633 Ex
1772 3600 2093 3649 personarum
2120 3584 2361 3649 dignitate
2384 3582 2517 3649 quasi
2542 3592 2669 3645 pom-

565 3678 664 3717 tur.
695 3670 847 3719 Inzx.
1265 3678 1268 3685 ·
1671 3680 1787 3729 pem
1811 3680 1979 3729 agere.
