3019 4681
463 381 598 463 ¹24
1067 380 1165 451 M.
1211 380 1291 448 Τ.
1359 379 1946 450 CICERONIS
2010 385 2015 392 '

451 501 633 571 scire
648 503 702 588 4,
735 498 974 572 dedita
1009 524 1229 599 opera
1267 500 1398 572 has
1425 498 1519 571 ad
1548 515 1621 572 te
1651 499 1893 572 literas
1920 498 2106 570 misi.
2144 505 2424 572 Feceris
2459 505 2585 600 igi-

453 613 577 682 tui-
613 609 1029 699 commode,
1069 610 1393 708 mihique
1427 623 1751 707 gratum,
1788 609 1849 682 si
1883 631 2001 680 me
2047 606 2137 680 de
2182 608 2295 680 his
2330 608 2589 699 rebus,

455 733 529 790 et
557 720 617 789 si
657 719 834 816 quid
867 724 1007 792 erit
1045 720 1284 808 aliud,'
1320 718 1525 818 quod
1556 720 1735 791 scire
1764 743 1955 817 opus
1984 719 2077 790 sit
2092 773 2111 808 ‚
2148 717 2399 792 feceris
2432 745 2589 792 cer-

452 829 735 900 tiorem.
771 835 921 928 Ego
954 830 1030 901 in
1066 834 1348 902 Arcano
1375 829 1744 929 opperior,
1778 827 1955 900 dum
1986 828 2123 900 ista
2152 852 2539 926 cognosco.

547 937 628 1010 A.
666 938 736 1011 d.
773 937 907 1012 vu⁵
937 938 1032 1011 id.
1061 939 1358 1012 alteram
1395 939 1529 1012 tibi
1561 939 1819 1012 eodem
1854 939 1971 1012 die
1992 938 2180 1010 hanc
2212 940 2585 1034 epistolam

452 1046 750 1138 dIctavi3
781 1065 853 1120 et
879 1049 1115 1148 pridie
1144 1049 1482 1122 dederam
1513 1075 1673 1125 mea
1698 1075 1923 1122 manu
1954 1050 2357 1147 longiorem
2374 1047 2434 1121 ⁶.
2462 1051 2587 1124 Vi-

452 1184 617 1230 sum
640 1175 714 1230 te
741 1162 944 1231 aiunt
965 1165 1040 1231 in
1063 1163 1256 1259 regia
1275 1173 1301 1218 ⁷
1323 1187 1344 1250 ;
1369 1184 1508 1234 nec
1530 1159 2026 1260 reprehendo:
2055 1163 2332 1260 quippe
2361 1185 2593 1258 quum

454 1272 610 1367 ipse
637 1271 844 1342 istam
869 1270 1511 1368 reprehensionem
1534 1298 1688 1344 non
1710 1271 2045 1370 fugerim.
2074 1269 2220 1344 Sed
2250 1285 2590 1369 exspecto

455 1395 614 1450 tuas
649 1381 928 1452 literas:
968 1405 1205 1479 neque
1239 1382 1390 1478 jam
1427 1407 1597 1455 sane
1638 1383 1887 1472 vide0,
1924 1380 2104 1479 quid
2138 1395 2591 1479 exspectem3

457 1488 584 1560 sed
621 1505 900 1578 tamen,
927 1492 1222 1572 ,etiamsi
1257 1491 1437 1563 nihil
1475 1497 1652 1580 erit,
1692 1492 1768 1563 id
1804 1494 2043 1591 ipsum
2084 1490 2174 1562 ad
2214 1515 2332 1562 me
2374 1490 2591 1561 velim

457 1598 746 1672 scribas.
785 1603 1018 1672 Caesar
1045 1601 1223 1672 mihi
1249 1604 1556 1697 ignoscit
1583 1627 1716 1701 per
1744 1603 1985 1674 literas
2005 1655 2025 1689 ‚
2061 1600 2261 1698 quod
2293 1625 2445 1671 non
2475 1623 2591 1671 ve-

458 1708 780 1799 nerim⁸;
815 1735 1116 1808 seseque
1144 1713 1218 1781 in
1250 1715 1602 1810 optimam
1632 1726 1912 1812 partem
1942 1709 2015 1782 id
2046 1715 2367 1808 accipere
2396 1708 2589 1781 dicit.

457 1821 682 1893 Facile
709 1822 966 1919 patior,
989 1820 1192 1918 quod
1217 1823 1502 1910 scribit,
1540 1848 1785 1895 secum
1812 1822 2139 1893 Tullum9
2167 1835 2241 1891 et
2268 1822 2591 1891 Servium

459 1947 752 2028 questos
796 1955 982 2014 esse,
1018 1934 1190 2029 quia
1231 1957 1382 2004 non
1422 1932 1616 2004 idem
1658 1932 1834 2022 sibi,
1879 1931 2081 2030 quod
2121 1929 2343 2018 mihi,
2384 1933 2593 2002 remi-

456 2043 681 2112 sisset.
719 2043 1064 2114 Homines
1099 2041 1479 2114 ridiculos!
1525 2044 1655 2140 qui
1690 2068 1921 2140 quum
1948 2041 2205 2114 filios¹⁰
2236 2041 2597 2112 misissent

455 2148 547 2219 ad
588 2155 720 2221 Cn.
765 2153 1192 2248 Pompeium
1228 2151 1922 2241 circumsidendum‚
1949 2153 2103 2250 ,ipsi
2148 2152 2229 2220 in
2265 2165 2593 2222 senatum

460 2261 705 2330 venire
751 2258 1188 2330 dubitarent.
1238 2259 1378 2332 Sed
1429 2275 1673 2332 tamen
1722 2261 2133 2362 exemplum
2182 2261 2342 2331 misi
2383 2261 2473 2332 ad
2523 2276 2594 2332 te
2656 2299 2687 2322 ‚.

461 2371 751 2441 Caesaris
793 2371 1181 2441 literarum.

462 2541 706 2605 gationem
742 2555 757 2590 z
788 2541 965 2589 Caesari
1001 2543 1129 2590 enim
1165 2559 1332 2608 paoem
1379 2560 1483 2593 non

460 2620 651 2684 placere
676 2618 894 2669 sciebant
921 2637 1103 2670 omnes.
1129 2623 1222 2670 En.

535 2705 585 2753 4.
619 2698 777 2759 Quum
794 2698 946 2763 igitur
959 2698 1066 2747 luceo
1088 2699 1225 2749 scire.
1239 2700 1483 2766 Repeten-

464 2777 580 2824 dum
598 2785 669 2822 est
689 2774 890 2823 verbum
905 2810 922 2835 ‚
943 2793 1164 2839 cuperem
1176 2812 1190 2837 ,
1214 2795 1243 2827 e
1257 2781 1480 2845 superio-

461 2856 612 2903 ribus.
651 2854 846 2903 Bosms.
885 2882 956 2893 —-
988 2858 1210 2905 Muretus
1248 2856 1479 2918 malebat,
1540 2854 1551 2873 ⁸

463 2958 488 2976 κ
510 2945 566 2981 ut
593 2934 742 2998 igitur
767 2934 870 2983 haec
891 2936 1062 2984 scirem
1077 2958 1119 2986 n.

537 3016 583 3064 5.
611 3016 676 3062 A.
706 3015 760 3063 d.
787 3032 882 3063 vn.
907 3017 1022 3065 Sch.
1050 3017 1193 3067 aliam
1235 3018 1319 3067 hic
1347 3018 1483 3065 ordi·

459 3107 538 3143 tur
557 3095 832 3160 epistolam.
875 3117 902 3137 ιι
922 3098 1032 3144 Hoc
1051 3096 1190 3145 facile
1207 3108 1370 3161 patet,
1388 3098 1481 3157 nit,

460 3175 501 3222 si
539 3174 792 3237 utriusque
841 3188 1177 3239 argumentum
1229 3176 1482 3241 diligenter

459 3254 827 3318 comparaveris.
853 3255 1100 3319 Principio
1114 3258 1242 3304 enim
1263 3256 1482 3321 epistola:

459 3334 636 3383 diserte
651 3344 979 3391 enumerarat,
997 3350 1107 3398 qnae
1123 3335 1220 3382 sibi
1236 3334 1298 3383 ab
1313 3336 1480 3383 Attico

459 3414 608 3463 scribi
648 3412 817 3475 vellet3
852 3415 934 3462 hic
963 3426 1124 3463 autem
1155 3417 1255 3464 ait:
1281 3416 1323 3463 si
1357 3414 1479 3463 nihil

459 3494 548 3542 erit
564 3530 580 3554 ,
611 3492 665 3540 id
695 3495 856 3558 ipsum
896 3494 960 3542 ad
985 3510 1061 3542 me
1087 3493 1234 3544 velim
1261 3494 1471 3553 scribas,

459 3573 594 3637 quod
631 3575 852 3636 profecto
881 3573 934 3625 in
967 3574 1133 3622 endem
1163 3574 1247 3622 illa
1273 3573 1478 3639 epistola

457 3651 666 3700 scribere
689 3668 794 3701 non
814 3654 981 3717 potnit
1000 3677 1042 3702 a.
1069 3657 1167 3703 En.

526 3731 577 3778 6.
598 3732 901 3795 Longiorem.
917 3734 1041 3796 Quae
1060 3732 1327 3782 intercidit.
1348 3734 1473 3781 Nam

457 3828 536 3876 ep.
563 3826 583 3856 ι
615 3810 667 3857 h.
691 3810 728 3857 l.
753 3826 856 3859 non
879 3823 950 3859 est
967 3812 1142 3877 pridie,
1161 3812 1246 3861 sed
1265 3828 1330 3860 111
1353 3829 1474 3861 non.

453 3906 556 3953 apr.
577 3888 774 3953 scripta.
805 3891 898 3939 En.

531 3986 578 4028 7.
609 3972 668 4017 In
684 3969 988 4034 regiaNisus
1011 3988 1062 4019 es
1079 3974 1132 4019 in
1147 3972 1273 4035 regia
1287 4006 1302 4030 ,
1317 3971 1476 4035 publi-

455 4064 514 4096 co
531 4048 646 4097 loco
665 4084 678 4108 ‚
721 4064 872 4112 quum
891 4050 1050 4098 Caesar
1075 4052 1258 4099 Urbem
1279 4060 1481 4098 teneret.

1572 2545 1677 2595 Nec
1708 2544 2046 2611 reprehendo:
2084 2545 2314 2609 quoniam
2351 2544 2457 2607 ipse
2494 2558 2595 2592 non

1571 2626 1751 2671 veritus
1785 2626 1925 2672 istam
1954 2624 2376 2688 reprehensionem
2412 2622 2465 2669 in
2502 2638 2599 2686 pu-

1570 2703 1752 2751 blicum
1786 2719 1985 2768 quoqne
2014 2702 2229 2767 prodivi.
2264 2700 2598 2766 Reprehensio

1571 2793 1730 2831 autem
1759 2782 1859 2829 intr
1884 2792 2018 2845 erat,
2041 2781 2179 2845 quod
2206 2780 2292 2845 qui
2317 2782 2371 2829 in
2400 2774 2488 2828 illo
2514 2790 2597 2829 tu·

1570 2861 1727 2909 multu
1747 2876 1993 2909 armorum
2020 2876 2072 2909 se
2098 2861 2151 2907 in
2172 2860 2378 2925 publico
2398 2861 2597 2923 conspi-

1570 2941 1771 2989 ciendos
1814 2939 2095 3004 praebebant
2115 2974 2131 2999 ‚
2185 2938 2239 2986 hi
2284 2953 2387 2987 non
2436 2938 2601 2985 dolere

1570 3018 1919 3084 rempublicam
1938 3028 1989 3066 et
2012 3017 2285 3065 libertatem
2312 3031 2593 3081 oppressam

1571 3099 1875 3157 viderentur,
1921 3098 1975 3144 id
2020 3095 2157 3160 quod
2191 3094 2477 3160 Pompeiani
2517 3109 2601 3143 cn·

1570 3177 1945 3226 lumniabantnr.
1958 3176 2111 3239 Regia
2130 3174 2227 3223 fuit
2244 3175 2408 3223 fanum
2426 3174 2481 3221 in
2499 3188 2599 3237 quo

1570 3256 1843 3305 sacerdotes
1856 3265 1906 3303 et
1923 3252 2183 3319 pontifices
2202 3254 2465 3301 convocati
2482 3268 2600 3299 con-

1569 3336 1859 3397 veniebant,
1884 3346 1937 3383 et
1971 3350 2061 3381 rex
2088 3330 2389 3381 sacrificulus
2422 3332 2600 3380 solitus

1569 3432 1704 3465 sacra
1757 3416 1927 3463 facem.
1977 3416 2135 3461 Varro
2151 3449 2168 3477 ,
2232 3414 2402 3460 Festus
2422 3446 2438 3471 ,
2496 3421 2595 3460 etc.

1569 3498 1769 3543 Ponu.
1785 3521 1853 3531 —
1864 3492 1978 3543 Sch.
1996 3502 2140 3556 putat
2157 3490 2359 3542 Caesaris
2376 3490 2597 3549 domum,

1565 3576 1705 3640 quasi
1742 3574 1843 3636 jam
1892 3588 1979 3620 rex
2027 3582 2152 3619 esset
2174 3606 2192 3631 ‚
2227 3570 2471 3619 invidiose
2514 3564 2599 3616 hic

1567 3656 1747 3719 regiam
1774 3652 1961 3701 vocari.
1976 3650 2093 3699 Non
2112 3651 2233 3699 mihi
2250 3650 2467 3698 videtur.
2502 3650 2597 3697 En.

1643 3734 1697 3781 8.
1724 3734 1838 3781 Non
1867 3729 2107 3779 venerim.
2138 3732 2199 3777 In
2221 3738 2458 3777 senatum.

1642 3828 1691 3873 9.
1717 3812 1905 3859 Tullum
1923 3820 1973 3857 et
1993 3808 2226 3859 Servium.
2244 3812 2301 3857 L.
2315 3806 2603 3855 Volcatium

1570 3892 1767 3940 Tullum
1786 3926 1800 3948 ‚
1824 3900 1872 3938 et
1897 3888 2179 3951 Sulpitinm.

1650 3986 1727 4018 10.
1764 3969 1913 4018 Filios
1952 3966 2201 4016 mirificem.
2244 3968 2440 4015 Servius
2475 3974 2605 4013 certe

1574 4048 1792 4111 quidem.
1820 4051 1909 4112 Ep.
1940 4062 2001 4094 αι
2032 4056 2079 4092 et
2099 4045 2187 4095 ult.
2210 4046 2299 4094 lib.
2330 4048 2422 4094 IX.
2446 4046 2603 4093 Coun.
