3019 4681
560 420 705 470 210
1200 399 1298 470 M.
1351 403 1427 470 T.
1482 399 2043 476 CICERONIS

550 523 755 594 nullo
793 521 1017 620 ipsius
1056 519 1358 608 delicte,
1394 547 1674 595 summa
1717 525 1932 622 culpa
1971 535 2199 596 Μεθ’.
2241 527 2494 625 Itaque
2533 553 2573 600 a
2611 539 2685 602 te

546 659 787 732 neque
832 631 1397 703 consolationem
1430 635 1616 729 jam,
1657 659 1804 731 qua
1853 659 2119 734 cupere
2172 649 2246 707 te
2283 639 2392 707 uti
2427 639 2679 727 video,

545 770 679 816 nec
726 743 1145 829 consilium,
1200 743 1403 840 quod
1456 747 1612 842 capi
1650 744 1932 815 nullum
1976 758 2262 843 potest,
2301 763 2680 845 exspect03

540 870 761 952 teque
798 859 1045 925 omnia
1094 878 1321 951 quum
1368 855 1870 953 superioribus
1931 880 2120 954 saepe
2191 857 2414 930 literis
2442 913 2460 945 ‚
2517 875 2677 931 tum

538 967 883 1065 proximis
920 977 1228 1036 tentasse
1258 965 1604 1064 intelligo.
1657 971 1807 1064 Ego
1859 991 2028 1039 cum
2069 965 2444 1044 Sallustio-⁹·
2479 974 2676 1042 Cice·

532 1101 791 1147 ronem
810 1076 901 1147 ad
925 1079 1272 1148 Caesarem
1299 1078 1584 1146 mittere
1611 1076 2036 1175 cogitabam.
2064 1078 2366 1148 Tulliam
2397 1094 2673 1167 autem,

514 1217 685 1292 ⁴non
730 1190 1061 1263 videbam
1090 1213 1243 1261 esse
1276 1215 1562 1261 causam
1590 1246 1609 1277 ,
1658 1215 1784 1262 cur
1827 1191 2094 1262 diutius
2136 1216 2424 1263 mecum
2460 1207 2668 1266 tanto

527 1305 607 1372 in
643 1304 1009 1372 communi
1071 1324 1386 1370 moerore
1442 1302 1856 1372 retinerem.
1907 1307 2164 1398 Itaque
2208 1306 2420 1372 matri
2467 1325 2665 1394 eam,

527 1435 757 1507 quum
792 1414 1113 1508 primum
1159 1433 1291 1507 per
1338 1412 1568 1507 ipsam
1612 1411 1859 1482 liceret
1887 1461 1908 1496 ‚
1961 1435 2156 1482 eram
2213 1415 2665 1486 remissurus

529 1521 661 1588 Pro
682 1539 762 1588 ea
784 1573 804 1604 ,
828 1539 1047 1614 quam
1079 1516 1167 1587 ad
1188 1513 1487 1586 modum
1523 1517 1963 1587 consolantis
1991 1518 2369 1613 scripsisti,
2403 1521 2583 1588 ὣτὰν
2605 1515 2663 1608 ⁴,

522 1649 607 1696 ea
662 1640 919 1724 putato
984 1649 1102 1695 me
1164 1625 1574 1723 scripsisse,
1615 1651 1776 1724 quae
1829 1639 1911 1697 tu
1957 1626 2109 1724 ipse
2158 1625 2496 1724 intelligis
2543 1653 2658 1700 re-

520 1735 861 1833 sponderi
890 1737 1232 1833 potuisse.
1270 1735 1491 1827 Quod
1549 1737 1871 1834 Oppium
1932 1751 2178 1807 tecum
2245 1737 2498 1810 scribis
2560 1739 2659 1810 lo-

516 1861 869 1943 quutum,
898 1871 1049 1917 non
1095 1844 1436 1916 abhorret
1469 1869 1512 1915 a
1552 1867 1711 1915 mea
1745 1847 2156 1945 suspicione
2182 1846 2340 1943 ejus
2375 1851 2652 1919 oratio:

514 1955 645 2028 sed
702 1981 854 2030 non
911 1954 1211 2042 dubito,
1254 1957 1437 2053 quin
1485 1955 1640 2026 istis
1695 1955 2112 2054 persuaderi
2172 1954 2378 2028 nullo
2433 1957 2654 2028 modo

512 2069 776 2164 possit,
813 2091 929 2153 ea,
966 2092 1126 2164 quae
1170 2065 1470 2154 faciant,
1509 2064 1689 2135 mihi
1731 2064 2022 2164 probari
2053 2077 2301 2163 posse,
2339 2089 2652 2163 quoquo

510 2175 733 2246 modo
771 2177 1047 2273 loquar.
1086 2179 1240 2273 Ego
1272 2189 1517 2246 tamen
1558 2191 1718 2245 utar
1753 2173 2290 2262 moderatione,
2328 2199 2474 2271 qua
2513 2201 2648 2274 po-

510 2302 694 2359 tero.
727 2288 1187 2385 Quamquam
1206 2343 1226 2376 ,
1265 2286 1445 2383 quid
1473 2310 1635 2357 mea
1653 2287 1970 2374 intersit,
2000 2300 2084 2357 ut
2109 2310 2362 2357 eorum
2393 2284 2646 2359 odium

508 2395 889 2484 subeam⁵‚
927 2422 1076 2467 non
1106 2395 1447 2494 intelligo,
1489 2400 1592 2466 Te
1626 2398 1819 2492 justa
1845 2418 2056 2465 causa
2089 2393 2460 2493 impediri,
2494 2420 2644 2492 quo

506 2512 747 2577 minus
784 2507 874 2578 ad
912 2532 1048 2578 nos
1099 2508 1383 2593 veniaS,
1430 2505 1684 2594 vide03
1725 2503 1948 2603 idque
1993 2504 2174 2574 mihi
2225 2502 2429 2575 valde
2483 2529 2641 2576 mo·
2699 2523 2706 2529 ·

502 2614 765 2688 lestum
820 2630 946 2693 est.
1000 2612 1259 2687 Illum⁶
1306 2614 1398 2686 ab
1448 2614 1878 2686 Alexandria
1931 2614 2332 2687 discessisse
2358 2670 2376 2702 ,
2419 2637 2639 2687 nemo

1607 2826 1804 2881 ret‚‘ut
1841 2824 1892 2870 in
1937 2839 1992 2871 ea
2031 2822 2348 2886 responsione
2373 2821 2636 2873 desiderari

566 2839 619 2871 a.
647 2824 845 2871 Summa
869 2821 1017 2888 culpa
1030 2840 1159 2872 mea.
1176 2825 1275 2887 Qui
1292 2822 1522 2872 Dolabel·-

1605 2899 1728 2950 nihil
1745 2912 1925 2967 posset.
1949 2903 2174 2951 Ceterum
2194 2898 2453 2967 πραότατα.
2489 2904 2636 2953 attice

492 2898 553 2950 1ae
568 2902 816 2966 ingenim
828 2913 877 2950 et
888 2902 1222 2951 conditionem
1244 2901 1518 2951 accuratius

490 2981 791 3047 perscrutari
813 2982 1086 3030 debuissem
1103 3015 1119 3041 ,
1162 2992 1425 3046 autequam
1471 2980 1520 3029 ei

486 3058 638 3108 filiam
658 3060 1045 3124 despondissem.
1080 3064 1199 3109 Scis.

556 3142 586 3187 3
600 3174 615 3188 .
633 3140 749 3187 Cum
766 3140 1016 3189 Sallustio.
1038 3142 1132 3190 Cn.
1146 3140 1376 3189 Sallustio
1393 3135 1514 3188 ami-

482 3234 564 3267 co.
589 3222 706 3299 ⁵⁴3⁸·

555 3306 605 3354 4.
626 3295 786 3347 Ωτοὶν.
815 3300 981 3345 Locus
998 3298 1049 3344 in
1078 3296 1225 3345 codd.
1259 3296 1377 3343 mire
1395 3312 1511 3344 cor·

478 3388 671 3441 ruptus.
690 3376 869 3425 Olivet.
883 3394 943 3423 ex
968 3376 1117 3423 Bosio
1139 3376 1221 3424 dat
1236 3374 1509 3442 πραότατα,

476 3452 529 3502 id
543 3464 614 3502 est
628 3488 643 3513 ‚
660 3456 915 3503 lenissime.
928 3456 1047 3515 Ejus
1058 3488 1073 3513 ,
1087 3455 1247 3518 iuquit
1257 3490 1271 3513 ‚
1288 3455 1507 3518 epistolae

474 3532 616 3592 loco,
642 3550 791 3597 quam
818 3537 970 3583 instar
1007 3532 1306 3581 consolantis
1340 3533 1403 3581 ad
1426 3550 1505 3581 me

472 3614 709 3677 scripsisti
736 3614 1005 3673 lenissime,
1028 3624 1201 3677 putato
1224 3629 1277 3661 ea
1302 3629 1379 3660 me
1410 3613 1501 3661 tibi

470 3692 770 3754 rescripsisse
786 3728 801 3751 ,
822 3707 933 3756 qua
957 3704 1013 3741 tu
1033 3690 1264 3755 intelligis
1281 3692 1503 3756 potuisse

468 3770 771 3833 responderi.
800 3774 967 3835 Quum
1006 3772 1178 3820 Cicero
1214 3771 1350 3835 gravi
1378 3786 1500 3819 moe-

466 3864 577 3897 rore
603 3848 924 3899 conficeretur
947 3866 1043 3915 qua
1066 3850 1126 3897 de
1149 3852 1249 3899 suis
1262 3886 1276 3910 ‚
1316 3866 1411 3915 qua
1435 3851 1497 3899 de

464 3928 639 3975 Tuniae
658 3930 885 3988 miseriis,
900 3932 1093 3977 Atticus
1111 3946 1221 3978 eum
1234 3929 1493 3979 leuissimis

458 4006 615 4055 literis
640 4008 919 4057 consolatus
940 4010 1092 4057 fuerat
1106 4046 1123 4072 ,
1146 4010 1323 4074 quibus
1339 4026 1492 4074 quum

460 4085 634 4135 Cicero
654 4102 758 4135 uon
782 4087 1060 4136 rescriberet
1074 4123 1091 4150 ,
1126 4088 1373 4137 mandavit
1392 4092 1488 4137 At-

454 4168 613 4217 neoni
636 4198 654 4227 ,
689 4166 795 4233 ipse
818 4166 913 4215 sibi
938 4167 1007 4215 ita
1034 4182 1323 4231 responsum
1346 4179 1486 4231 puta-

1605 2982 1790 3029 dictum
1833 2992 1906 3029 est
1941 2995 2035 3045 pro
2062 2978 2365 3047 πραοτάτους.
2401 2980 2522 3031 Bos.
2561 3009 2632 3019 —

1605 3060 1731 3118 Sed,
1755 3060 1918 3125 inquit
1952 3058 2173 3107 Graevius
2192 3093 2207 3118 ,
2243 3056 2530 3106 Ciceronem
2557 3060 2631 3108 sic

1602 3138 1852 3204 scripsisse
1877 3136 1986 3203 qnia
2007 3136 2290 3201 pmubit?
2316 3136 2475 3185 Nemo
2495 3171 2512 3198 ,
2547 3138 2630 3186 iu·

1601 3236 1773 3283 quam,
1799 3234 1964 3267 sanus.
1986 3220 2220 3266 Ouv.—
2235 3216 2416 3263 Graevii
2433 3232 2629 3282 expres-

1599 3300 1750 3345 simus
1773 3298 2062 3355 lectionem,
2087 3294 2146 3342 ad
2171 3293 2398 3342 codicum
2427 3296 2626 3359 vestigia

1601 3377 1964 3424 conformatam.
1983 3375 2155 3423 Tri'nas
2181 3372 2410 3438 epistolas
2435 3373 2498 3421 ab
2533 3374 2626 3425 At-

1595 3456 1698 3503 tico
1724 3464 1976 3520 acceperat
2014 3454 2204 3504 Cicero.
2251 3454 2347 3499 Pro
2365 3458 2441 3501 ‘ea
2477 3469 2625 3517 quam

1591 3556 1618 3577 α
1633 3534 1698 3583 ad
1717 3534 1916 3583 modum
1941 3534 2238 3582 consolantis
2257 3554 2283 3573 n·
2321 3532 2581 3596 scripserat
2603 3570 2620 3597 ,

1589 3613 1692 3662 Cic.
1723 3615 1790 3661 ait
1808 3631 1860 3661 se
1879 3612 2000 3660 nibil
2021 3612 2198 3660 habere
2211 3648 2224 3669 ,
2259 3611 2399 3675 quod
2419 3627 2622 3676 respou-

1589 3692 1736 3742 deat:
1768 3694 1929 3756 itaque
1949 3700 2088 3755 rogat
2109 3690 2328 3739 Atticum
2342 3724 2358 3751 ,
2388 3700 2444 3737 ut
2467 3724 2485 3751 ,
2510 3707 2622 3754 quae

1587 3771 1692 3835 ipse
1721 3772 1958 3836 intelligat
1989 3773 2280 3822 Ciceronem
2323 3770 2620 3835 respondere

1587 3852 1874 3914 potuisse‚ea
1895 3868 1920 3899 a
1932 3868 1982 3897 se
2001 3866 2232 3916 responsa
2245 3865 2346 3896 esse
2357 3850 2615 3913 putet.Eu.

1657 3928 1686 3977 5
1698 3966 1710 3977 .
1726 3928 1954 3977 Subeam.
1974 3932 2118 3993 Lege,
2137 3951 2162 3971 ι
2177 3938 2233 3975 ut
2255 3940 2424 3975 eorum
2443 3926 2615 3977 odium

1580 4024 1682 4057 non
1708 4008 1904 4057 subeam
1920 4030 1960 4055 n.
1985 4008 2120 4069 Quid
2147 4005 2398 4072 proficiam
2418 4007 2615 4055 illorum

1581 4088 1899 4138 offensionem
1921 4085 2138 4134 vitando.
2165 4086 2216 4133 J.
2243 4086 2297 4133 F.
2327 4086 2574 4136 Gsoxov.

1647 4166 1696 4217 6.
1721 4166 1879 4216 Illum.
1905 4166 2154 4215 Caessrem.
2177 4164 2271 4213 En.
