3019 4681
589 409 1109 483 EPISTOLAE
1156 415 1299 484 AD
1347 414 1438 504 Q.
1492 415 2028 505 FRATREM,
2059 423 2220 508 111,
2254 421 2319 494 8.
2385 425 2529 512 643

392 532 695 606 alteram
724 559 1025 633 quoque
1055 549 1131 608 te
1162 534 1417 610 scribis
1444 534 1674 635 pridie
1701 535 2026 610 Labieno
2049 539 2328 618 dedisse
2353 572 2373 634 ;
2403 553 2532 646 qui

394 641 633 716 adhuc
667 668 821 718 non
850 661 1168 718 venerat.
1214 645 1499 719 Delevit
1537 648 1730 720 enim
1767 649 1948 720 mihi
1977 675 2273 725 omnem
2302 658 2530 729 mole-

394 753 603 824 stiam
636 755 999 828 recentior
1017 756 1336 854 epistola.
1356 761 1667 830 Tantum
1695 773 1764 830 te
1797 774 1870 832 et
1889 785 2192 851 mone0,
2219 781 2292 836 et
2307 791 2492 866 rogo
2511 823 2531 858 ‚

391 881 475 936 ut
506 867 585 936 in
628 865 781 938 istis
820 866 1202 957 molestiis»,
1232 881 1305 940 et
1341 866 1740 960 laboribus,
1777 885 1850 942 et
1883 870 2254 946 desideriis
2282 900 2530 948 recor-

392 974 599 1066 dere,
638 975 1021 1050 consilium
1054 993 1387 1049 nostrum
1407 978 1611 1076 quod
1637 976 1858 1050 fuerit
1876 979 2342 1078 profectionis
2361 999 2526 1056 tuae.

391 1088 553 1157 Non
608 1090 805 1158 enim
861 1087 1243 1161 commoda
1296 1087 1630 1186 quaedam
1671 1088 2157 1186 sequebamur
2195 1114 2416 1189 parva
2449 1117 2534 1166 ac

390 1195 805 1268 mediocria.
870 1197 1067 1288 Quid
1119 1199 1313 1270 enim
1376 1213 1532 1270 erat
1558 1253 1578 1288 ‚
1635 1198 1840 1296 quod
1901 1199 2215 1272 discessu
2279 1217 2536 1278 nostro

390 1306 785 1380 emendum
822 1308 1296 1406 putaremus?
1340 1307 1758 1381 Praesidium
1789 1307 2284 1380 firmissimum
2329 1325 2537 1409 pete-

390 1415 649 1490 bamus
691 1444 783 1493 ex
824 1419 1084 1517 optimi
1132 1433 1207 1489 et
1244 1420 1724 1517 potentissimi
1747 1420 1886 1490 viri
1914 1418 2402 1494 benivolentia
2441 1420 2536 1492 ad

387 1553 686 1600 omnem
734 1543 999 1606 statum
1046 1542 1306 1600 nostrae
1348 1527 1736 1625 dignitatis.
1777 1530 1994 1600 Plura
2035 1544 2418 1628 ponuntur
2455 1535 2534 1601 in

386 1664 551 1737 spe,
572 1664 795 1736 quam
818 1650 838 1683 ¹
872 1644 949 1710 in
986 1641 1361 1737 pecuniis:
1390 1637 1718 1736 reliqua²
1757 1637 1847 1710 ad
1870 1639 2226 1734 jacturam
2252 1655 2534 1714 struen-

386 1764 531 1821 tur.
570 1753 813 1840 Quare
853 1753 913 1822 si
958 1749 1215 1826 crebro
1254 1747 1522 1822 referes
1567 1749 1888 1823 animum
1937 1762 2150 1820 tuum
2187 1750 2278 1822 ad
2310 1753 2530 1823 ratio-

388 1885 560 1932 nem
595 1877 671 1933 et
710 1862 973 1933 veteris
1014 1861 1301 1934 consilii
1354 1861 1633 1948 nostri,
1684 1875 1764 1930 et
1797 1861 1994 1956 spei,
2043 1857 2322 1933 facilius
2355 1863 2532 1934 istos

388 1969 657 2040 militiae
682 1969 1009 2058 labores»,
1058 1984 1481 2068 ceteraque,
1517 1993 1678 2068 quae
1717 1983 1788 2040 te
1829 1966 2214 2042 offendunt
2243 2023 2262 2056 ,
2301 1969 2530 2042 feres:

388 2093 465 2150 et
494 2091 772 2166 tamen,
808 2103 1041 2176 quum
1090 2078 1323 2166 voles,
1384 2077 1728 2176 depones.
1769 2076 1910 2150 Sed
1947 2078 2106 2173 ejus
2143 2081 2252 2151 rei
2293 2087 2531 2152 matu-

386 2191 561 2260 ritas
598 2188 1021 2285 nequedum
1073 2192 1312 2277 venit‚
1364 2203 1439 2260 et
1487 2203 1730 2260 tamen
1773 2189 1922 2282 jam
1973 2191 2532 2287 appropinquat.

384 2299 621 2371 Etiam
666 2296 848 2371 illud
892 2313 964 2371 te
1004 2297 1369 2373 admoneo
1399 2352 1420 2387 ,
1478 2321 1572 2371 ne
1631 2295 1810 2395 quid
1849 2295 2015 2371 ullis
2053 2297 2280 2371 literis
2329 2291 2528 2371 com-

384 2410 657 2498 mittas,
686 2409 887 2507 quod
918 2411 979 2480 si
1012 2410 1377 2508 prolatum
1416 2411 1507 2481 sit
1527 2462 1548 2497 ,
1588 2408 1890 2481 moleste
1929 2390 2266 2481 feramus.
2299 2409 2532 2482 Multa

388 2534 594 2610 sunt,
632 2545 793 2618 quae
830 2544 969 2619 ego
1005 2523 1283 2594 nescire
1320 2519 1554 2608 malo,
1595 2544 1814 2617 quam
1853 2544 2024 2591 cum
2065 2519 2308 2617 aliquo
2346 2521 2529 2617 peri-

386 2632 555 2703 culo
588 2628 747 2703 fieri
782 2632 1067 2703 certior.
1110 2631 1324 2703 Plura
1376 2628 1469 2703 ad
1515 2644 1586 2703 te
1628 2654 1858 2702 vacuo
1893 2630 2139 2701 animo
2176 2628 2488 2701 scribam
2512 2684 2533 2716 ‚

388 2764 619 2837 quum
648 2739 677 2837 (
705 2754 787 2811 ut
820 2741 1089 2839 spero)
1140 2765 1218 2811 se
1266 2741 1520 2813 Cicero
1565 2763 1773 2811 meus
1817 2737 2009 2811 belle
2062 2734 2380 2809 habebit.
2422 2743 2534 2809 Tu

387 2851 604 2922 velim
654 2875 864 2922 cures
892 2904 911 2940 ,
964 2866 1049 2923 ut
1098 2854 1315 2923 sciam
1348 2904 1368 2938 ,
1443 2848 1716 2948 quibus
1769 2873 1904 2923 nos
1965 2846 2136 2921 dare
2197 2860 2532 2945 oporteat

385 2984 548 3047 eas,
591 2984 773 3058 quas
812 2960 903 3033 ad
940 2975 1011 3033 te
1060 2960 1328 3033 deinde
1369 2961 1614 3033 literas
1666 2961 2040 3031 mittemus
2087 2985 2103 3028 :
2143 2959 2532 3029 Caesarisne

390 3069 814 3161 tabellariis,
860 3085 945 3142 ut
984 3072 1045 3141 is
1088 3068 1180 3139 ad
1234 3085 1308 3141 te
1347 3071 1683 3166 protinus
1715 3070 2004 3154 mittat3
2063 3092 2155 3137 an
2205 3064 2529 3137 Labieni.

388 3180 535 3252 Ubi
584 3186 781 3253 enim
846 3180 965 3253 isti
1014 3181 1159 3253 sint
1212 3176 1501 3252 Nervii-³
1536 3233 1558 3268 ,
1599 3192 1676 3251 et
1719 3203 1941 3275 quam
1987 3177 2202 3274 longe
2255 3174 2528 3261 absint,

394 3292 661 3362 nescio.
1783 3316 1788 3319 ·

486 3406 596 3473 De
650 3403 915 3477 virtute
966 3416 1041 3474 et
1080 3401 1423 3499 gravitate
1472 3400 1766 3473 Caesaris
1782 3451 1804 3486 ,
1849 3422 2070 3496 quam
2115 3397 2194 3465 in
2245 3418 2531 3466 summo

466 3629 489 3661 t
502 3649 513 3660 .
547 3614 706 3676 Quam
740 3611 848 3663 in...
876 3612 1130 3679 reliqna...
1149 3622 1411 3661 ementur.
1501 3609 1744 3673 ejusmodi
1762 3619 1934 3666 erunt,
1953 3616 2012 3655 nt
2035 3604 2224 3668 aliquid
2247 3620 2312 3653 a
2329 3603 2394 3653 iis
2410 3620 2534 3668 quo-

390 3691 588 3742 Lnllem.
630 3708 659 3740 e
704 3694 831 3741 Mss
878 3708 983 3759 reg.
1046 3714 1072 3735 α-
1090 3708 1236 3758 quam
1281 3691 1413 3757 peti-
1500 3690 1630 3738 tidie
1650 3689 1812 3755 pouit
1835 3687 2071 3735 amittes-e.
2089 3686 2158 3733 At
2173 3684 2376 3733 Cauris
2397 3700 2528 3749 prn-

392 3787 561 3831 m¹¹⁸”3
591 3788 649 3820 ac
676 3772 854 3821 deinde
871 3806 888 3835 ,
913 3796 939 3817 α
956 3774 1145 3838 reliqua
1166 3773 1230 3821 ad
1250 3774 1415 3835 jactu·
1500 3769 1680 3819 sidium
1703 3771 1796 3817 erit
1815 3766 2144 3816 firmia-imum
2167 3777 2183 3812 τ
2211 3762 2362 3826 idque
2393 3764 2532 3827 petii-

389 3866 491 3899 [ιω
519 3863 823 3901 reserventur
834 3874 877 3901 ι.
895 3854 928 3901 J
932 3854 1019 3902 .V.
1041 3855 1101 3903 L.
1504 3864 1617 3897 mm
1639 3848 1702 3897 nd
1727 3863 1921 3897 omnem
1948 3855 2126 3895 nutum
2155 3852 2336 3893 notua
2365 3842 2531 3907 digni-

463 3947 511 3981 ².
530 3931 756 3998 Reliqua.
776 3934 955 3981 Praeter
972 3948 1134 3996 spem,
1152 3941 1261 3989 aut,
1282 3946 1417 3995 με·
1506 3928 1638 3977 tatis.
1665 3929 1812 3975 Mu.

390 4022 465 4059 ter
506 4026 592 4072 ea,
632 4028 741 4077 (με
769 4012 872 4073 jam
908 4010 1168 4069 habemus,
1208 4026 1237 4056 ι
1271 4008 1416 4057 nobis
1579 4008 1628 4055 3.
1659 4004 1844 4054 Nervii.
1869 4003 1970 4052 Ubi
1999 4018 2132 4053 nunc
2157 4000 2384 4051 hibema-
2416 4014 2528 4047 cum

390 4090 511 4153 ipsit
566 4102 719 4154 parta.
787 4092 1120 4153 Quaecnmque
1138 4123 1153 4145 ‚
1207 4087 1369 4151 inquit
1398 4124 1417 4151 ‚
1502 4086 1714 4149 legions.
1751 4085 1910 4133 Cau·
1937 4084 2127 4133 Comm-
2157 4080 2222 4129 de
2247 4078 2372 4127 Bou.
2399 4076 2527 4125 Gau.

389 4179 565 4225 struas,
592 4168 655 4215 nd
678 4169 913 4227 jacturam
942 4177 1189 4216 stt-nentur
1207 4180 1221 4215 ε
1238 4166 1291 4213 id
1318 4176 1412 4228 est,
1504 4164 1592 4215 lib.
1611 4164 1678 4223 V,
1715 4180 1824 4227 esp.
1851 4165 1938 4221 αξ.

2130 4248 2247 4327 [μ.
