3019 4681
507 391 641 490 ¹78
1147 391 1244 460 M.
1295 391 1372 460 T.
1427 387 1990 462 CICERONIS

494 516 724 586 multa
767 526 978 594 sunt,
1023 535 1188 609 quae
1231 524 1312 581 tu
1351 509 1683 610 profecto
1724 509 1963 598 vides,
2009 525 2093 582 ut
2130 528 2338 601 sunt,
2372 529 2445 586 et
2474 539 2635 614 gra-

495 629 778 698 vissima
819 647 973 695 esse
1001 677 1020 711 ‚
1074 635 1147 693 et
1191 646 1310 693 me
1349 620 1697 710 facillime,
1722 623 1948 693 vitare
1992 626 2359 721 potuisse:
2405 650 2489 697 ea
2528 641 2636 698 ta-

493 762 660 809 men
714 748 930 807 erunt
974 733 1287 819 minora,
1329 735 1430 819 si,
1476 747 1560 803 ut
1604 730 1843 803 adhuc
1898 729 2171 804 factum
2222 749 2363 826 est,
2416 734 2639 806 admi-

493 847 915 918 nistratione
993 841 1508 939 diligentiaque
1580 857 1706 912 tua
1780 841 2241 914 levabantur.
2319 847 2637 916 Pecunia

489 957 688 1057 apud
731 954 1116 1054 Egnatium
1167 967 1297 1024 est.
1350 949 1499 1022 sit⁶
1545 971 1585 1023 a
1632 973 1788 1040 me,
1842 967 1922 1023 ut
1969 967 2099 1023 est.
2138 955 2393 1052 Neque
2438 957 2635 1026 enim

488 1066 671 1154 hoc,
711 1063 912 1163 quod
961 1063 1218 1160 agitur,
1263 1062 1552 1133 videtur
1596 1061 2031 1134 diuturnum
2070 1085 2221 1134 esse
2256 1087 2511 1160 posse3
2553 1081 2639 1136 ut

487 1181 670 1249 scire
717 1179 864 1271 jam
920 1174 1227 1271 possim,
1272 1171 1454 1270 quid
1512 1174 1823 1244 maxime
1870 1199 2059 1273 opus
2102 1177 2240 1246 sit:
2285 1177 2413 1246 etsi
2458 1201 2635 1273 egeo

489 1287 707 1360 rebus
752 1284 1133 1372 omnibus3
1189 1282 1392 1381 quod
1443 1284 1504 1355 is
1552 1295 1899 1382 quoque⁷
1952 1288 2029 1356 in
2084 1288 2433 1383 angustiis
2490 1302 2633 1370 est,

486 1399 787 1496 quicum
832 1418 1123 1483 sumus;
1164 1395 1282 1465 cui
1321 1417 1660 1491 magnam
1701 1393 2036 1466 dedimus
2061 1397 2444 1495 pecuniam
2472 1422 2635 1468 mu-

489 1523 684 1579 tuam
712 1508 754 1594 ;'
773 1507 1161 1601 opinantes
1177 1500 1237 1594 ⁸,
1269 1503 1521 1592 nobis,
1564 1507 1975 1577 constitutis
2006 1503 2263 1596 rebu5‚
2294 1532 2451 1578 eam
2478 1531 2631 1579 rem

489 1620 706 1691 etiam
733 1616 1001 1688 honori
1035 1613 1212 1686 fore.
1255 1617 1364 1685 Tu
1389 1670 1408 1703 ‚
1447 1630 1530 1685 ut
1561 1630 1772 1687 antea
1809 1614 2042 1688 fecisti
2068 1672 2086 1704 ,
2123 1617 2376 1706 velim,
2408 1619 2469 1689 si
2506 1621 2637 1715 qui

486 1743 741 1816 erunt,
787 1725 879 1798 ad
930 1749 1118 1822 quos
1164 1723 1438 1823 aliquid
1488 1725 1952 1797 scribendum
1994 1749 2035 1797 a
2075 1751 2194 1798 me
2234 1729 2635 1812 existimeS,

487 1844 642 1940 ipse
687 1836 1048 1911 conficias.
1105 1837 1276 1938 Tuis
1327 1835 1631 1909 salutem
1676 1836 1812 1908 dic.
1850 1840 2076 1925 Cura,
2118 1852 2201 1908 ut
2242 1837 2499 1909 valeas.
2546 1843 2635 1908 In

483 1950 738 2051 primis
778 1946 849 2018 id
872 2000 891 2035 ,
928 1945 1130 2044 quod
1168 1945 1465 2034 scribis,
1504 1946 1849 2018 omnibus
1890 1947 2113 2020 rebus
2150 1971 2323 2019 cura
2361 1963 2432 2019 et
2459 1971 2626 2046 pro·

482 2061 681 2146 vide,
717 2085 813 2130 ne
846 2057 1025 2154 quid
1071 2058 1186 2128 ei9
1228 2055 1413 2128 desit
1435 2109 1454 2144 ‚
1490 2055 1582 2127 de
1618 2081 1764 2153 qua
1807 2059 1945 2129 scis
1980 2078 2099 2129 me
2143 2057 2627 2128 miserrimum

488 2195 666 2245 esse.
702 2167 958 2241 Idibus
991 2169 1148 2264 jun.
1186 2193 1276 2240 ex
1309 2170 1577 2240 castris,

483 2325 656 2376 eadem
691 2323 755 2373 sit
787 2319 987 2386 antiqua
1003 2357 1019 2381 ,
1055 2316 1171 2370 ferri
1215 2331 1378 2370 tamen
1414 2337 1518 2370 non
1606 2319 1747 2387 quasi
1770 2337 1882 2371 meo
1908 2321 2155 2388 periculo,
2172 2333 2228 2372 ut
2254 2339 2335 2389 ep.
2358 2339 2383 2385 7
2402 2358 2417 2381 ‚
2444 2323 2531 2375 lib.
2546 2325 2617 2372 Π
2620 2358 2632 2373 .

485 2415 666 2471 potest.
689 2404 858 2451 Lnn.
873 2424 938 2439 -·-
954 2398 1249 2450 Prnivernnt
1271 2398 1519 2449 Corn-adm
1680 2413 1731 2463 ⁶7.
1759 2405 1809 2450 Is
1831 2418 2043 2467 quoqne.
2069 2402 2347 2467 Pompeius.
2364 2402 2529 2452 Coun.

487 2495 539 2533 et
563 2482 851 2547 malaspina.
1692 2482 1741 2529 8.
1760 2482 1841 2529 Al.
1862 2482 2059 2545 opinor.
2080 2480 2131 2532 J.
2144 2486 2208 2532 V.
2228 2484 2282 2531 L.

559 2562 614 2613 6.
643 2561 732 2611 Sit.
751 2560 1076 2625 Relinqmtur
1089 2576 1200 2609 meo
1219 2560 1418 2609 nomine
1433 2594 1452 2621 ‚
1467 2570 1518 2609 et
1678 2576 1729 2623 9.
1749 2561 1832 2611 Ei.
1858 2562 2048 2611 Tullia.
2064 2563 2226 2612 Coun.

487 2715 2621 2749 mmmmmwmmmmmmmmmm

1141 2864 1760 2949 EPISTOLA
1826 2866 1974 2951 IV.

523 3051 787 3111 Breviter
811 3047 1133 3127 respondet
1156 3047 1336 3106 Attici
1361 3047 1543 3106 literis
1573 3048 1647 3107 ab
1676 3048 1907 3107 Isidoro
1946 3051 2215 3129 acceptis.
2254 3055 2362 3123 (In
2389 3052 2605 3111 Castris

853 3146 1157 3224 Pompeii,
1199 3164 1354 3203 anno
1382 3144 1460 3205 U.
1484 3145 1553 3207 C.
1583 3144 1725 3219 705,
1762 3166 1957 3205 mense
1980 3146 2265 3225 quintili.)

1167 3298 1479 3366 CICERO
1529 3294 1848 3364 ATTICO
1894 3298 1959 3365 S.

581 3450 846 3519 Accnm
887 3443 980 3515 ab
1015 3440 1298 3514 Isidoro
1336 3440 1613 3529 literas,
1652 3458 1727 3513 et
1759 3457 2010 3540 postea
2042 3440 2243 3514 datas
2273 3440 2497 3515 binas,
2528 3448 2633 3515 Ex

483 3558 832 3658 proximis
874 3554 1182 3652 cognovi
1219 3552 1484 3651 praedia
1519 3577 1671 3623 non
1696 3562 1719 3596 ¹
1764 3554 2069 3625 venisse.
2100 3553 2393 3625 Videbis
2420 3579 2631 3652 erg0,

483 3684 566 3740 ut
598 3674 1096 3739 sustentetur²
1135 3686 1267 3761 per
1309 3677 1400 3735 te.
1439 3667 1549 3734 De
1587 3659 2017 3752 Frusinati³‚
2046 3663 2103 3736 si
2143 3664 2367 3737 modo
2404 3664 2635 3736 futuri

557 3850 579 3879 1
592 3868 606 3883 .
643 3828 837 3878 Proedia
880 3844 981 3877 non
1019 3828 1227 3879 venisse.
1266 3831 1337 3878 Ut
1374 3830 1508 3881 vole-
1671 3831 1721 3879 3.
1752 3832 1829 3878 De
1861 3830 2125 3880 Frusinati.
2156 3830 2380 3879 Fundam
2404 3832 2633 3881 Frusin-

481 3914 591 3963 bam
611 3946 627 3971 ‚
660 3924 762 3973 quo
785 3908 958 3957 Tullia
981 3908 1108 3957 nihil
1129 3908 1336 3959 deesset.
1361 3910 1454 3976 Ep.
1473 3926 1502 3959 ι
1596 3921 1694 3959 tem
1711 3910 1765 3958 in
1790 3911 1867 3959 vie
1898 3912 2063 3960 Latine
2098 3912 2274 3962 Cicero
2308 3910 2592 3961 vendiderat
2614 3948 2633 3972 ‚

479 3996 627 4056 hans
650 3989 783 4039 libri.
811 3988 974 4039 Coun.
1596 3991 1689 4039 hae
1726 3990 1860 4055 lege,
1884 4000 1941 4039 nt
1980 3990 2219 4039 redimere
2254 4000 2440 4056 posset.
2476 3994 2551 4041 De
2576 4008 2633 4041 ea

553 4090 602 4122 ιι.
627 4074 941 4119 Susememr.
966 4068 1162 4119 scilieet
1179 4070 1358 4119 Tullia.
1379 4069 1501 4120 vid.
1596 4068 1933 4133 redemptione
1960 4072 2218 4134 quaesierat
2254 4071 2451 4120 Atticus
2465 4106 2482 4133 ,
2510 4072 2633 4135 quid

479 4155 622 4219 epist.
649 4166 761 4216 sup.
791 4149 882 4197 En.
1594 4150 1857 4214 cogitaret,
1887 4160 2053 4199 utrum
2095 4167 2199 4200 eam
2228 4151 2495 4217 aliquando
2523 4150 2632 4200 fieri
