3019 4681
485 381 626 471 334
1131 387 1229 454 Μ.
1282 388 1359 455 Τ.
1412 387 1966 459 CICERONIS

476 581 1303 605 mmmmm
1308 581 1395 601 m
1403 581 1954 602 mmmm
1957 580 2324 604 mmm
2327 585 2505 605 mm
2509 585 2602 605 m

1078 774 1686 864 EPISTOLA
1751 775 2021 856 XXV.

477 955 795 1018 Adduntur
816 973 1003 1034 pauca
1028 951 1103 1012 ad
1129 972 1206 1012 ea
1230 972 1361 1032 quae
1389 951 1555 1031 epist.
1585 953 1658 1012 23
1689 951 1764 1010 de
1794 954 2118 1014 retentione
2149 997 2165 1022 ‚
2197 967 2255 1012 et
2284 965 2358 1025 al.
2391 957 2465 1016 de
2485 961 2612 1016 An-

558 1053 838 1112 dromene
868 1052 1212 1129 scripseram
1254 1049 1328 1108 de
1350 1053 1534 1108 Bruto
1556 1049 1986 1120 conveniend03
2019 1050 2092 1109 de
2115 1049 2280 1112 libris
2301 1053 2374 1113 ad
2401 1061 2619 1114 Varro·-

560 1166 723 1223 nem,
744 1161 803 1207 et
826 1147 901 1207 de
928 1148 1173 1228 epistola
1198 1145 1271 1206 ad
1294 1165 1427 1206 eum
1448 1147 1638 1207 missa.
1663 1146 1768 1227 (In
1791 1147 2090 1226 Arpinati,
2115 1167 2267 1208 anno
2286 1155 2363 1211 U.
2383 1155 2450 1212 C.
2477 1152 2615 1224 708,

560 1267 756 1306 mense
786 1243 1039 1324 sextili.)

1105 1357 1111 1364 ’
1150 1386 1459 1451 CICERO
1502 1385 1835 1450 AT'rlco
1881 1388 1943 1452 s.

573 1534 685 1602 DE
723 1533 1215 1616 retentionem,
1248 1528 1585 1626 rescripsi
1621 1525 1712 1597 ad
1750 1541 1908 1598 tuas
1951 1543 2281 1599 accurate
2317 1530 2614 1627 scriptas

480 1643 740 1714 literas.
794 1637 1148 1712 Conficie‘s
1188 1639 1443 1734 igitur,
1490 1653 1566 1708 et
1609 1635 1901 1733 quidem
1951 1639 2106 1708 sine
2142 1637 2287 1709 ulla
2322 1637 2612 1711 dubita-

475 1755 713 1839 tione,
748 1764 873 1821 aut
902 1750 1430 1820 retractatione.
1467 1752 1623 1818 Hoc
1654 1745 1812 1818 fieri
1845 1761 1917 1818 et
1949 1763 2280 1845 oportet,
2323 1764 2396 1820 et
2425 1773 2612 1848 opus

478 1876 610 1936 est.
645 1864 755 1932 De
793 1857 1255 1930 Andromene
1284 1912 1304 1947 ,
1352 1871 1437 1928 ut
1477 1855 1772 1948 scribis,
1818 1862 1918 1928 ita
1961 1858 2312 1957 putaram.
2352 1862 2613 1933 Scisses

478 1973 708 2058 enim,
756 1967 1085 2067 mihique
1125 1965 1443 2038 dixisses.
1482 1969 1594 2037 Tu
1631 1979 1873 2037 tamen
1910 1968 2008 2038 ita
2043 1967 2223 2038 mihi
2260 1968 2352 2040 de
2387 1975 2611 2042 Bruto

476 2079 760 2168 scribiS,
801 2093 883 2149 ut
924 2076 1017 2148 de
1061 2091 1133 2148 te
1171 2075 1373 2147 nihil.
1416 2074 1734 2165 Quando
1777 2089 2019 2148 autem
2064 2076 2315 2149 illum²
2359 2082 2612 2178 putas?

474 2195 659 2266 Nam
702 2214 836 2286 ego
883 2191 1187 2258 Romam
1233 2185 1465 2284 pridie
1503 2187 1688 2257 idus.
1738 2191 1963 2259 Bruto
2003 2189 2100 2259 ita
2147 2187 2397 2261 volui3
2436 2193 2610 2263 scri-

473 2299 652 2373 bere
686 2297 841 2396 (sed
884 2299 1229 2395 quoniam
1268 2310 1354 2367 tu
1389 2311 1462 2368 te
1503 2294 1755 2395 legisse
1793 2295 2123 2387 scribis⁴‚
2170 2297 2275 2371 fui
2311 2298 2610 2375 fortasse

472 2398 1007 2501 ἀσαφέστερος5),
1066 2427 1185 2473 me
1244 2427 1331 2473 ex
1392 2402 1536 2473 tuis
1600 2403 1824 2476 literis
1887 2402 2356 2495 intellexisse,
2413 2408 2610 2480 nolle

473 2541 641 2588 eum
686 2539 803 2586 me
841 2514 1050 2612 quasi
1090 2511 1587 2611 prosequendi
1635 2516 1746 2585 sui
1807 2538 2019 2586 causa
2061 2518 2365 2589 Romam
2411 2542 2610 2591 nunc

470 2627 737 2699 venire.
783 2622 925 2697 Sed
971 2624 1317 2721 quoniam
1348 2622 1493 2719 jam
1542 2621 1744 2697 adest
1786 2648 1993 2697 meus
2030 2624 2423 2716 adventuS,
2463 2627 2608 2719 fac,

472 2721 719 2835 quaeso
741 2789 761 2823 ,
795 2758 892 2806 ne
927 2732 1109 2833 quid
1145 2758 1311 2805 eum
1350 2733 1514 2807 idus
1539 2732 1978 2833 impediant,
2013 2762 2166 2834 quo
2199 2742 2441 2811 minus
2473 2764 2610 2811 suo

475 2842 863 2919 commodo
920 2846 994 2914 in
1050 2843 1458 2939 Tusculano
1497 2848 1610 2918 sit.
1653 2848 1804 2918 Nec
1857 2848 2048 2919 enim
2104 2846 2242 2920 ad⁶
2287 2848 2606 2921 tabulam

472 2982 643 3031 eum
680 2946 1217 3028 desideraturus
1263 2979 1483 3028 eram.
1522 2962 1606 3029 In
1645 2956 1770 3027 tali
1801 2958 1997 3028 enim
2029 2960 2324 3057 negotio
2360 2985 2494 3031 cur
2525 2972 2608 3031 tu

470 3091 665 3138 unus
706 3091 861 3137 non
904 3070 1073 3136 satis
1120 3064 1245 3138 es?
1292 3058 1436 3138 Sed
1477 3065 1569 3139 ad
1617 3080 2128 3140 testamentum
2151 3082 2178 3125 ⁷
2225 3068 2603 3141 volebam:

470 3175 671 3275 quod
704 3166 849 3273 ‘jam
884 3174 1074 3246 malo
1118 3174 1453 3266 alio-die3
1504 3201 1600 3249 ne
1637 3174 1735 3247 ob
1779 3202 1937 3249 eam
1977 3203 2260 3252 causam
2300 3184 2603 3252 Romam

546 3356 591 3388 1.
616 3336 912 3386 Retentione.
930 3338 1112 3401 Supra,
1130 3352 1209 3401 ep.
1238 3332 1323 3385 23.
1579 3338 1830 3403 cupiebam
1859 3338 2025 3388 idibus
2059 3356 2161 3389 esee
2188 3344 2359 3390 Romae
2375 3378 2390 3402 ,
2419 3358 2522 3391 non
2549 3354 2604 3391 ut

539 3433 589 3466 α.
628 3416 792 3465 Illum.
839 3416 899 3462 In
938 3412 1265 3464 'I‘uscuhnum
1304 3412 1490 3464 uciiioet
1577 3416 1796 3465 eucu'oni
1833 3418 2112 3478 interesset,
2153 3420 2242 3468 secl
2279 3431 2338 3469 ut
2369 3419 2432 3470 ad
2472 3422 2602 3471 obsi-

466 3498 727 3547 exiturum.
753 3497 898 3544 Mur.
1578 3495 1825 3561 gnandum
1861 3508 2199 3549 testamentum
2227 3500 2461 3550 adhibere
2489 3515 2606 3567 pos·

539 3578 587 3625 3.
608 3574 689 3623 Ita
702 3572 860 3623 votui.
878 3570 1091 3622 sednon
1104 3569 1274 3622 videor
1285 3572 1489 3623 fortasse
1578 3592 1698 3625 sem.
1731 3578 1879 3626 Mu.

465 3654 535 3704 ita
580 3654 851 3719 scripsisse,
894 3652 1008 3717 quin
1048 3652 1257 3702 obscure
1294 3652 1486 3719 scripsi.
1647 3668 1701 3717 '7-
1738 3655 1827 3704 Ad
1857 3668 2208 3709 testamentum,
2244 3660 2446 3709 Veteres
2473 3662 2603 3711 ficto

466 3734 630 3783 Con.
1575 3744 1867 3783 tentamento
1893 3735 2226 3801 obsignatores
2250 3755 2310 3788 ex
2335 3738 2444 3804 lege
2468 3740 2604 3788 adhi-

539 3808 881 3873 sphi-lupina
904 3808 1264 3873 corrigebat«,
1237 3824 1420 3859 «neem
1436 3818 1486 3859 te
1572 3812 1757 3862 hebent
1772 3829 1787 3863 t
1805 3812 2101 3865 adhibebant
2113 3829 2273 3867 autem
2293 3820 2477 3867 amicos
2487 3820 2604 3879 fere,

464 3890 635 3957 legisse
654 3888 875 3939 scribis»
880 3890 975 3938 ..J
996 3890 1060 3936 V.
1090 3890 1146 3936 1..
1574 3904 1660 3941 aut
1693 3893 1917 3943 homine·
1955 3898 2245 3947 anctoritate
2279 3909 2589 3962 praestanteet

538 3966 589 4020 5.
620 3956 939 4035 Ᾰσαφέςιρος.
965 3967 1093 4015 Fieri
1114 3968 1281 4033 potuit
1296 3980 1354 4017 nt
1375 3984 1484 4017 ver-
1574 3987 1678 4036 qno
1705 3974 1858 4037 magis
1884 3984 2042 4023 ratum
2067 3974 2324 4025 habentur
2348 3976 2433 4038 id,
2465 3977 2601 4043 quod

468 4048 545 4100 bi·
568 4064 669 4097 non
699 4046 815 4095 nti·
844 4044 1073 4095 dilucidis
1094 4062 1210 4095 uem
1234 4047 1343 4095 eim.
1370 4049 1485 4096 Seu.
1573 4050 1764 4107 annulis
1791 4052 2033 4101 clarorum
2067 4055 2285 4104 virorum
2316 4068 2440 4105 esset
2473 4058 2602 4106 obei-

534 4129 585 4179 6.
628 4126 727 4176 Nee
754 4122 883 4174 enim
907 4123 982 4172 ad
1012 4124 1249 4189 tabulam.
1281 4126 1485 4175 Brutum
1575 4140 1792 4195 gnatum.
1813 4131 1944 4181 vide
1965 4148 2047 4197 ep.
2071 4148 2100 4182 a
2121 4169 2138 4199 ,
2162 4132 2252 4185 lib.
2276 4138 2418 4188 vm.
2443 4138 2596 4187 Innt.
