3019 4681
550 378 694 454 606
1171 382 1280 456 Μ.
1333 384 1408 451 Τ.
1463 383 2049 455 CICERONIS

548 524 814 599 sequar
865 498 1250 598 diligenter
1277 556 1298 589 ,
1373 516 1446 573 et
1499 500 1981 599 adjungendis
2000 510 2031 545 ²
2090 502 2515 583 hominibus
2540 560 2563 593 ,
2612 525 2694 581 et

547 609 982 712 quibusdam
1031 636 1184 684 non
1225 612 1645 687 alienandis.
1679 616 2005 685 Maxima&
2052 614 2235 687 mihi
2274 640 2447 691 vero
2494 642 2691 699 curae

549 724 720 811 erit,
755 737 840 793 ut
875 722 1293 795 Ciceronem
1323 736 1533 795 tuum
1554 737 2035 820 nostrumque
2058 724 2337 799 videam
2359 780 2379 813 ‚
2408 727 2689 801 scilicet

548 830 914 930 quotidie3
958 830 1084 905 sed
1103 833 1476 929 inspiciam
1503 832 1685 929 quid
1717 832 1977 921 discat,
2003 858 2223 931 quam
2250 840 2635 935 saepissime
2667 868 2685 908 :

546 958 656 1031 et,
699 944 834 1015 nisi
861 941 982 1015 ille
1022 957 1462 1016 comtemnet
1485 997 1507 1027 ,
1543 948 1759 1018 etiam
1793 948 2213 1042 magistrum
2242 970 2357 1019 me
2402 949 2473 1019 ei
2508 972 2685 1046 pro·-

542 1050 845 1141 fitebor3
894 1052 1100 1145 cujus
1147 1056 1256 1123 rei
1299 1053 1728 1124 nonnullam
1782 1055 2381 1127 consuetudinem
2424 1072 2683 1129 nactus

543 1158 703 1233 sum
765 1162 841 1233 in
897 1160 1042 1232 hoc
1084 1160 1350 1234 horum
1407 1162 1687 1235 dierum
1754 1166 1905 1237 otio
1930 1220 1951 1255 ,
2010 1170 2361 1239 Cicerone
2424 1182 2679 1241 nostro

543 1276 825 1343 minore
849 1268 878 1315 ³
920 1271 1397 1369 producendo
1418 1276 1472 1344 4.
1521 1277 1669 1359 Tu,
1728 1275 2349 1371 quemadmodum
2390 1276 2680 1363 scrihiS,

543 1380 744 1481 quod
787 1382 1062 1453 etiamsi
1118 1407 1269 1454 non
1311 1382 1664 1457 scriberes
1687 1438 1706 1472 ,
1752 1382 1981 1456 facere
2021 1398 2095 1457 te
2134 1385 2675 1484 diligentissime

541 1507 790 1565 tamen
816 1489 1168 1581 sciebam,
1204 1490 1462 1575 facies,
1503 1492 1809 1580 scilicet,
1862 1508 1947 1565 ut
1980 1518 2142 1568 mea
2181 1495 2517 1567 mandata
2562 1493 2677 1567 di-

539 1626 774 1701 geraS,
817 1608 1283 1702 persequare,
1319 1600 1682 1675 conficias.
1716 1608 1908 1701 Ege,
1946 1629 2175 1703 quum
2212 1609 2513 1681 Romam
2550 1630 2675 1677 ve·-

539 1740 760 1806 nem,
795 1714 1078 1790 nullum
1115 1716 1657 1812 praetermittam
1688 1718 1981 1787 Caesaris
2024 1713 2476 1787 tabellarium
2497 1770 2516 1804 ,
2555 1718 2674 1786 cui

541 1824 782 1897 literas
825 1825 914 1896 ad
951 1839 1022 1897 te
1064 1850 1218 1896 non
1256 1823 1444 1896 dem.
1477 1826 1603 1895 His
1636 1822 1893 1896 diebus
1922 1826 2379 1923 (ignosces),
2412 1824 2530 1897 cui
2553 1822 2675 1896 da-

537 1958 724 2023 rem,
757 1932 893 2005 fuit
921 1958 1138 2005 nemo
1167 1948 1336 2005 ante
1361 1934 1563 2003 hunc
1592 1937 1690 2003 M.
1719 1932 1999 2004 Orfium
2018 1986 2039 2019 ,
2084 1936 2407 2030 equitem
2431 1959 2669 2006 roma-

535 2070 757 2133 num,
809 2058 1136 2116 nostrum
1195 2056 1269 2113 et
1343 2046 1957 2140 pernecessarium
1984 2096 2003 2129 ‚
2054 2056 2127 2113 et
2178 2042 2381 2138 quod
2434 2057 2541 2113 est
2580 2068 2669 2114 ex

537 2155 933 2252 municipio
971 2152 1353 2240 Atellan03
1423 2149 1629 2248 quod
1687 2152 1824 2223 scis
1886 2176 2041 2223 esse
2080 2153 2159 2222 in
2202 2148 2346 2223 fide
2390 2166 2665 2223 nostra.

529 2266 790 2360 Itaque
831 2286 994 2333 eum
1033 2260 1169 2331 tibi
1207 2259 1644 2331 commendo
1672 2262 1748 2330 in
1785 2261 2132 2358 majorem
2173 2260 2500 2348 modum,
2528 2260 2667 2333 ho-

529 2375 802 2446 minem
839 2372 1039 2444 domi
1081 2369 1544 2470 splendidum
1565 2425 1587 2460 ,
1614 2371 2007 2470 gratiosum
2044 2372 2259 2444 etiam
2292 2389 2494 2444 extra
2532 2371 2665 2444 do·

533 2507 732 2553 mum
787 2511 802 2552 :
845 2507 1062 2579 quem
1108 2479 1222 2553 fac
1261 2497 1345 2552 ut
1390 2496 1513 2553 tua
1551 2481 1976 2554 liberalitate
2027 2481 2159 2554 tibi
2204 2480 2497 2582 obliges.
2542 2487 2663 2554 Est

531 2591 869 2700 tribunus
905 2591 1212 2662 militum
1241 2593 1316 2661 in
1360 2595 1681 2664 exercitu
1715 2607 1965 2665 nostro
1983 2590 2037 2664 ⁵.
2075 2597 2380 2665 Gratum
2430 2593 2661 2666 homi-

531 2727 738 2789 nem,
767 2699 1419 2798 observantemque
1449 2726 1857 2800 cognosces.
1886 2701 2299 2776 Trebatium
2344 2719 2425 2774 ut
2458 2703 2662 2774 valde

531 2837 760 2899 ameS,
801 2810 1268 2885 vehementer
1295 2825 1368 2886 te
1395 2837 1601 2910 rogo.
1632 2813 1833 2888 Vale.

601 3011 651 3046 a.
687 2997 752 3044 Ec
775 2992 1122 3062 adjungendis.
1165 2994 1246 3043 Ad
1272 2995 1548 3044 amicitiam.
1637 2994 1879 3058 distinxit,
1895 3009 2047 3058 quum
2070 2994 2132 3042 de
2156 3011 2249 3044 suo
2278 2994 2430 3055 dixit,
2462 3007 2658 3053 notu-o,-

527 3077 742 3125 ffimrr.
1636 3073 1700 3122 de
1724 3073 1837 3132 ino,
1860 3077 2032 3121 tuum?
2050 3075 2203 3124 lunt.

599 3159 650 3207 3.
671 3154 876 3205 Minore.
895 3155 1104 3204 Moveor
1113 3154 1398 3220 suspicione
1417 3169 1548 3202 non·
1713 3162 1763 3210 4.
1794 3153 1897 3202 Alii
1944 3153 2075 3204 sorte
2115 3153 2293 3202 rectius
2354 3152 2658 3218 «perdocen-

529 3235 658 3284 nulla
684 3269 700 3296 ,
744 3251 808 3283 ne
833 3235 1066 3300 glossema
1104 3235 1278 3291 suerit,
1321 3233 1551 3282 additum
1638 3231 1706 3280 do
1725 3253 1768 3282 n.
1793 3234 1826 3281 J
1834 3233 1926 3280 .V.
1942 3233 1996 3279 L.
2024 3258 2095 3268 —
2119 3230 2456 3278 Pmducendo.
2474 3231 2536 3280 ld
2560 3244 2658 3293 est,

528 3316 593 3364 ad
614 3314 740 3362 illud
756 3348 770 3373 ,
789 3327 972 3363 nostro.
993 3313 1094 3363 Cur
1115 3313 1272 3373 enim,
1301 3328 1454 3376 quum
1481 3309 1547 3358 ad
1634 3309 1791 3358 filium
1814 3325 1975 3358 meum
2000 3309 2063 3358 ad
2090 3325 2166 3358 me
2186 3309 2415 3359 vocando
2430 3343 2446 3370 ,
2469 3321 2528 3360 ut
2546 3327 2656 3359 eum

529 3395 724 3444 snm
763 3395 971 3452 scrib-t,
1015 3393 1274 3458 adiungat,
1317 3391 1546 3438 mahom?
1632 3391 1739 3456 ipse
1764 3391 2083 3440 instituerem.
2108 3390 2201 3438 En.

525 3489 687 3526 nonne
713 3474 829 3522 satis
849 3471 1004 3524 fllium
1031 3487 1174 3522 suum
1197 3471 1261 3520 ah
1283 3470 1416 3520 illins
1435 3468 1541 3520 filio
1705 3471 1757 3520 5.
1785 3471 1911 3520 MSS
1932 3485 2033 3536 teg.
2055 3481 2239 3520 vetem.
2263 3471 2296 3519 J
2303 3505 2315 3518 .
2331 3470 2396 3515 V.
2426 3470 2480 3516 1..
