3019 4681
669 387 1184 458 EPISTOLAE
1231 387 1370 456 AD
1419 381 1931 477 ATTICUM‚
1979 391 2111 480 lx,
2169 415 2277 464 11.
2438 397 2535 494 93

411 511 635 610 magis
669 509 1050 596 idoneum,
1090 533 1308 606 quam
1339 533 1471 608 ego
1505 534 1662 581 sum
1684 565 1703 598 ,
1734 511 1823 582 ad
1856 536 2015 583 eam
2052 537 2337 587 causam
2368 539 2538 615 pro-

397 619 602 702 ,fecto
628 619 944 718 reperies
971 620 1335 690 neminem
1364 647 1378 688 ε
1411 621 1541 715 qui
1568 636 1639 691 et
1668 621 1771 690 illi
1798 645 2106 719 semper,
2136 636 2207 694 et
2234 629 2537 716 senatui,

413 753 654 826 quum
676 732 992 827 primum
1029 733 1277 826 potui,
1317 729 1508 827 pacis
1544 744 1803 801 auctor
1833 728 1979 817 fui3
2024 755 2198 819 nec,
2237 737 2542 834 sumptis

415 841 629 911 armis
652 893 672 927 ,
730 838 906 913 belli
969 839 1190 910 ullam
1249 854 1530 937 partem
1590 841 1838 938 attigi;
1889 841 2345 942 judicavique
2374 899 2394 934 ,
2452 870 2541 918 eo

413 948 610 1021 bello
655 965 726 1021 te
779 950 1030 1021 violari
1054 1002 1073 1037 ,
1132 964 1385 1021 contra
1438 951 1643 1044 cujus
1695 949 2054 1021 honorem
2076 1005 2095 1040 ,
2135 953 2389 1051 populi
2431 979 2544 1027 ro-

415 1062 610 1132 mani
644 1057 1002 1133 beneficio
1043 1083 1505 1149 eoncessum,
1538 1061 1809 1130 inimici
1850 1075 2069 1158 atque
2108 1063 2333 1134 invidi
2368 1067 2543 1136 nite·

415 1184 690 1242 rentur.
749 1169 887 1241 Sed
935 1185 1020 1240 ut
1067 1194 1156 1241 eo
1209 1184 1541 1267 tempore
1595 1195 1745 1240 non
1788 1170 2011 1242 modo
2058 1173 2213 1270 ipse
2258 1171 2540 1245 fautor²

418 1280 784 1378 dignitatis
825 1295 966 1351 tuae
1004 1277 1109 1351 fui
1131 1335 1150 1370 ,
1194 1305 1446 1351 verum
1487 1281 1703 1350 etiam
1750 1283 2007 1353 ceteris
2056 1296 2309 1353 auctor
2340 1281 2433 1353 ad
2467 1297 2542 1355 te

418 1389 902 1485 adjuvandum
933 1416 952 1477 3
1011 1391 1112 1460 sic
1176 1413 1292 1459 me
1351 1413 1549 1460 nunc
1610 1391 1933 1487 Pompeii
1970 1389 2279 1488 dignitas
2330 1391 2545 1464 vehe-

419 1514 702 1571 menter
761 1514 1026 1570 movet.
1080 1497 1378 1595 Aliquot
1425 1501 1617 1569 enim
1672 1513 1844 1571 sunt
1891 1502 2102 1588 anni,
2141 1526 2371 1598 quum
2416 1526 2549 1574 vos

421 1607 568 1681 duo
595 1609 857 1708 delegi,
892 1633 1080 1706 quos
1107 1611 1468 1707 praecipue
1497 1608 1810 1680 colerem
1829 1665 1848 1697 ,
1878 1625 1953 1681 et
1980 1609 2250 1708 quibus
2278 1619 2509 1684 essem
2529 1667 2549 1700 ‚

421 1721 606 1793 sicut
657 1743 814 1792 sum
837 1773 856 1806 ,
919 1721 1408 1790 amicissimus.
1467 1717 1959 1808 Quamobrem
2002 1745 2043 1791 a
2082 1735 2151 1792 te
2188 1735 2397 1819 pet0,
2432 1721 2549 1794 vel

423 1833 666 1929 potius
711 1828 1050 1902 omnibus
1101 1828 1440 1927 precibus
1477 1853 1609 1899 oro
1647 1843 1719 1900 et
1756 1829 2104 1918 obtestor,
2145 1844 2228 1902 ut
2274 1834 2367 1901 in·
2400 1833 2547 1903 tuis

423 1941 748 2012 maximis
790 1941 978 2011 curis
1027 1939 1297 2035 aliquid
1347 1939 1711 2036 impertias
1756 1940 2099 2035 temporis
2147 1939 2319 2011 huic
2355 1966 2545 2040 quo·

425 2075 572 2148 que
608 2051 1064 2147 cogitationi,
1105 2064 1188 2120 ut
1239 2063 1367 2120 tuo
1416 2046 1777 2120 beneficio
1813 2048 2055 2120 bonus
2100 2051 2228 2134 vir,
2264 2067 2550 2148 gratuS,

426 2163 592 2261 pius
628 2162 944 2259 denique
987 2183 1141 2232 esse
1185 2163 1260 2230 in
1306 2161 1595 2264 maximi
1644 2155 1974 2231 beneficii
2008 2163 2356 2232 memoria
2388 2182 2549 2260 pos-

428 2276 580 2345 sim.
615 2276 792 2366 Quae
829 2273 888 2343 si
919 2286 1200 2343 tantum
1235 2269 1322 2343 ad
1359 2295 1476 2345 me
1512 2271 1753 2369 ipsum
1786 2271 2270 2369 pertinerent,
2314 2295 2551 2369 spera-

429 2408 580 2455 rem
627 2407 745 2454 me
781 2408 820 2453 a
857 2398 928 2453 te
961 2397 1200 2453 tamen
1239 2382 1791 2479 impetraturum
1822 2406 1837 2449 ε
1874 2379 1999 2450 sed
2022 2434 2041 2467 ,
2088 2394 2169 2450 ut
2216 2378 2551 2470 arbitror,

429 2509 502 2566 et
537 2493 627 2564 ad
669 2507 866 2564 tuam
894 2488 1113 2564 fidem
1136 2545 1155 2576 ,
1191 2506 1263 2563 et
1298 2491 1389 2562 ad
1426 2489 1945 2588 rempublicam
1980 2492 2331 2588 pertinet,
2360 2514 2475 2561 me
2509 2516 2551 2563 e

429 2603 712 2701 paucis,
759 2616 834 2673 et
874 2601 962 2672 ad
1015 2603 1396 2699 utriusque
1443 2614 1797 2685 vestrum,
1843 2614 1918 2671 et
1958 2599 2347 2672 ad·civium
2383 2625 2553 2672 con·

433 2713 748 2784 cordiam
768 2767 788 2799 ,
828 2736 958 2810 per
985 2725 1094 2801 te,
1129 2736 1344 2809 quam
1378 2708 2235 2799 accommodatissimum,
2269 2734 2555 2782 conser-

431 2823 603 2894 vari.
638 2826 788 2919 Ego
816 2846 1046 2919 quum
1075 2835 1284 2893 antea
1310 2820 1439 2891 tihi
1475 2820 1565 2891 de
1589 2819 1897 2891 Lentulo
1927 2822 2183 2917 gratias
2216 2821 2515 2918 egissem
2534 2874 2555 2906 ,

433 2958 661 3031 quum
686 2936 752 3004 ei
771 2932 1030 3020 saluti‚.
1050 2932 1176 3030 qui
1202 2931 1380 3001 mihi
1408 2929 1664 3019 fuerat,
1692 2927 2013 3001 fuisses³t
2047 2943 2320 3019 tamen,
2351 2930 2556 3002 lectis

436 3044 592 3139 ejus
623 3042 883 3129 literis,
917 3066 1097 3138 quas
1137 3041 1228 3113 ad
1259 3066 1375 3112 me
1413 3041 1812 3137 gratissimo
1845 3041 2090 3111 animo
2120 3040 2209 3111 de
2238 3054 2363 3111 tua
2389 3039 2560 3112 lihe-

435 3153 712 3223 ralitate
748 3150 1252 3246 beneficioque
1287 3152 1515 3237 misit,
1551 3148 1872 3221 eamdem
1912 3170 2029 3219 me
2071 3148 2375 3220 salutem
2412 3172 2451 3219 a
2486 3162 2561 3221 te

438 3262 794 3359 accepisse
829 3262 1116 3359 putavi,
1157 3284 1372 3358 quam
1413 3260 1571 3345 ille;
1614 3262 1693 3329 in
1732 3282 1952 3357 quem
1988 3259 2048 3329 si
2082 3280 2198 3328 me
2226 3257 2562 3355 intelligis

439 3396 592 3444 esse
623 3386 908 3469 gratum
923 3374 978 3458 ⁴,
1014 3396 1220 3461 cura,
1265 3371 1571 3443 obsecro
1591 3426 1612 3457 ,
1649 3384 1733 3441 ut
1768 3370 1978 3440 etiam
2023 3369 2098 3438 in
2138 3368 2561 3465 Pompeium

441 3506 593 3554 esse
628 3483 919 3581 possim.

513 3674 565 3706 a.
587 3656 670 3706 Al.
693 3658 908 3726 adjutor.
935 3656 984 3704 J.
1005 3658 1072 3708 V.
1099 3658 1154 3705 1..
1620 3664 1671 3712 4.
1704 3656 1926 3703 Gratum.
1961 3654 2041 3702 Ob
2064 3668 2248 3703 summ·
2275 3654 2379 3715 eius
2406 3653 2565 3703 studia

513 3738 562 3785 3.
591 3736 770 3785 Saluti.
792 3774 805 3785 .
828 3770 839 3783 .
859 3735 1061 3799 fidsses.
1097 3738 1224 3785 Eum
1265 3746 1458 3799 captum
1547 3738 1599 3782 in
1624 3752 1700 3784 me
1727 3733 1889 3783 exsule
1916 3733 2213 3782 restituendo
2233 3732 2415 3799 posita.
2437 3732 2568 3780 Vide

445 3816 603 3865 Caeur
633 3818 928 3867 ineolumem
966 3815 1224 3867 dimiserat.
1263 3818 1355 3865 En.
1550 3814 1612 3862 nd
1632 3814 1747 3862 Div.
1776 3812 1863 3861 lib.
1886 3814 1925 3860 1.
1952 3814 2046 3861 En.
