3019 4681
1555 191 1578 220 Ι

420 387 561 461 236
1040 397 1139 465 M.
1186 399 1265 465 T.
1332 399 1917 472 CICERONIS

412 547 584 592 τυπα
616 511 957 609 fugienda
977 571 997 604 ‚
1020 515 1631 618 conficiendaeque
1659 521 1922 592 tabulae
1943 515 2049 608 ²⁵3
2073 518 2256 590 nihil
2303 533 2545 589 tamen

412 633 629 718 tanti,
670 643 753 700 ut
785 652 828 698 a
860 641 935 698 te
978 626 1296 701 abessem
1318 684 1336 719 ‚
1378 627 1540 702 fuit.
1577 629 1825 722 Qimm
1881 635 2125 702 Romae
2173 654 2438 716 essem,
2475 643 2548 700 et

387 757 484 816 ,te
502 741 653 836 jam
688 738 986 835 jamque
1022 740 1349 811 visurum
1379 765 1497 812 me
1527 755 1861 841 putarem
1889 796 1908 830 ‚
1954 738 2278 838 quotidie
2306 753 2550 810 tamen
2649 777 2658 784 ·

414 850 612 922 horae
628 904 647 937 ,
670 848 941 946 quibus
960 848 1499 946 exspectabam,
1516 851 1747 948 longae
1768 849 2224 922 videbantur.
2255 849 2404 918 Scis
2433 871 2548 917 me

416 962 715 1031 minime
748 983 904 1030 esse
927 957 1279 1031 blandum
1320 987 1335 1026 :
1372 961 1614 1058 itaque
1654 963 1896 1032 minus
1921 956 2312 1057 aliquando
2354 955 2548 1042 dico,

408 1095 631 1169 quam
672 1073 927 1142 sentio.

484 1235 569 1288 25.
630 1227 1051 1304 Confieiendaeque
1109 1237 1307 1286 tabulae.
1360 1239 1435 1286 De
1525 1254 1647 1302 qnae
1662 1235 1868 1302 quilibet
1885 1235 2226 1302 paterfamiliae
2246 1231 2548 1282 conficiebat.

415 1316 595 1366 tabulis
633 1316 854 1382 loquitur
895 1319 1083 1382 accepti
1128 1327 1177 1365 et
1214 1319 1437 1382 expensi,
1523 1320 1575 1368 J.
1601 1322 1656 1366 F.
1680 1317 1917 1367 θεοισν.

411 1478 875 1499 mmmmm
880 1479 973 1498 m
979 1479 1251 1499 mmm
1991 1475 2542 1499 mmmm

1529 1480 1712 1500 mm

1090 1613 1698 1732 EpisToLA
1750 1615 1896 1694 vl.

418 1787 507 1842 De
545 1801 689 1841 auro
726 1803 760 1842 a
795 1785 975 1842 Coelio
1010 1784 1416 1862 permutandm
1458 1784 1532 1843 de
1561 1784 1948 1863 Tyrannionis
1985 1755 2142 1842 libro
2181 1781 2254 1841 ad
2297 1781 2552 1841 Atticum

494 1881 705 1966 miss93
748 1880 821 1939 de
847 1882 978 1940 loco
1009 1883 1069 1938 in
1099 1883 1394 1941 Ciceronis
1426 1888 1678 1943 Oratore
1706 1880 2084 1959 corrigend03
2115 1879 2187 1938 de
2220 1881 2458 1938 Caesaris
2479 1877 2552 1936 ad

496 1975 754 2035 Atticum
785 1977 998 2049 literis;
1050 1977 1124 2036 de
1157 1978 1365 2036 Atticae
1406 1978 1816 2038 invaletudine.
1864 1979 1970 2058 (In
2013 1977 2371 2047 Tusculano,
2403 1994 2552 2034 anno

498 2077 570 2132 U.
596 2077 661 2134 C.
690 2093 801 2146 707
824 2115 841 2146 ,
874 2093 1071 2132 mense
1100 2073 1392 2152 quintili.)

1094 2241 1404 2305 CICERO
1454 2241 1768 2305 ATTICO
1815 2243 1876 2306 S.
1977 2330 1984 2340 ¹

522 2376 632 2443 DE
656 2374 885 2445 Coelio
907 2428 925 2461 ,
951 2374 1114 2445 vide
1137 2429 1155 2462 ‚
1194 2399 1470 2473 quaesQ
1492 2400 1586 2447 ne
1620 2400 1764 2473 qua
1795 2376 2051 2448 lacuna
2075 2388 2096 2418 ¹
2133 2378 2322 2449 sitin
2351 2400 2552 2447 auro.

422 2488 573 2581 Ego
637 2487 771 2555 ista
812 2486 1054 2555 novi2.
1106 2485 1247 2557 Sed
1284 2498 1477 2557 certe
1534 2489 1608 2556 in
1657 2486 1944 2583 collybo
1999 2502 2106 2558 est
2143 2486 2552 2557 detrimenti
2645 2558 2657 2569 ,

422 2596 614 2665 satis.
652 2600 807 2666 Huc
840 2620 1093 2667 aurum
1133 2598 1193 2667 si
1231 2595 1594 2667 accedit...
1632 2596 1772 2669 Sed
1807 2598 1983 2695 quid
2019 2578 2326 2696 loquor?
2353 2613 2432 2669 tu
2459 2598 2558 2667 vi-

425 2702 649 2775 debis.
704 2704 939 2777 Habes
986 2708 1303 2802 Hegesiae
1335 2703 1363 2750 ³
1408 2730 1636 2803 genus
1665 2761 1683 2794 ‚
1756 2707 1958 2805 quod
2011 2713 2242 2780 Varro
2293 2706 2552 2778 laudat.

426 2815 660 2885 Venio
713 2814 805 2885 ad
860 2817 1420 2913 Tyrannionem.
1470 2816 1628 2887 Ain’
1668 2817 1805 2887 tu?
1849 2841 2103 2889 verum
2162 2817 2305 2889 hoc
2365 2816 2558 2889 fuit?
2605 2842 2614 2857 ·

422 2925 580 2995 sine
615 2930 779 2997 me4
806 2927 834 2996 Ξ)
866 2930 960 2996 At
985 2951 1120 3024 ego
1140 2930 1464 3023 quoties,
1508 2951 1743 3027 quum·
1773 2952 2006 2999 essem
2044 2929 2320 3000 otiosus
2341 2983 2359 3016 ‚
2405 2930 2556 3000 sine

424 3050 499 3105 te
528 3050 769 3107 tamen
799 3036 1050 3108 nolui?
1078 3040 1245 3127 Quo
1270 3035 1492 3106 modo
1507 3035 1652 3107 hoc
1677 3061 1850 3136 ergo
1877 3038 2071 3109 lues?
2095 3063 2247 3109 uno
2267 3038 2554 3121 scilicet,

426 3148 484 3217 si
521 3146 699 3218 mihi
743 3147 1011 3219 librum
1053 3147 1373 3232 miseris;
1424 3147 1622 3243 quod
1663 3162 1746 3218 ut
1789 3146 2043 3238 facia5‚
2089 3150 2300 3221 etiam
2337 3163 2556 3246 atque

504 3342 547 3376 1.
582 3330 805 3377 Lacuna.
835 3330 1025 3375 houna
1058 3327 1239 3375 dicitur
1265 3344 1369 3376 esne
1397 3330 1449 3376 in

426 3423 549 3457 auro
568 3442 584 3467 ,
614 3424 767 3471 quum
805 3409 859 3455 in
894 3422 1094 3455 nummo
1112 3442 1129 3468 ‚
1164 3406 1250 3469 qui
1276 3423 1449 3455 aureus

430 3488 638 3545 videtur,
661 3487 849 3551 aliquid
870 3497 943 3534 est
958 3520 973 3545 ‚
1000 3485 1135 3549 quod
1153 3502 1324 3533 aurum
1346 3504 1448 3535 non

427 3568 509 3617 sit.
536 3569 688 3631 Quasi
711 3569 841 3616 enim
860 3568 1031 3615 lacuna
1058 3580 1130 3615 est
1154 3569 1205 3615 in
1227 3584 1286 3616 eo
1305 3566 1447 3631 loco,

425 3648 514 3695 ubi
535 3664 707 3695 aurum
730 3664 835 3696 non
859 3658 933 3695 eet
952 3664 963 3695 :
992 3646 1302 3695 translatione
1320 3663 1451 3695 sum-

427 3737 513 3791 pta
539 3741 568 3773 a
595 3726 760 3773 fundis
777 3764 792 3786 ‚
824 3743 950 3791 quos
975 3726 1161 3775 lacunae
1188 3726 1449 3775 deta-lorea

424 3805 628 3852 faciunt.
658 3806 795 3854 Mu«.

501 3898 553 3931 2.
577 3886 693 3930 Fere
713 3899 879 3933 omnes
896 3894 1007 3948 post
1030 3883 1301 3932 Munatium
1314 3918 1329 3943 ‚
1350 3900 1449 3931 non

428 3960 549 4010 Ιιονί.
576 3964 627 4011 J.
647 3965 708 4009 V.
737 3965 791 4013 L.

506 4039 555 4090 3.
598 4040 757 4089 Habes
802 4041 1016 4107 Hegesia·
1060 4057 1215 4106 genus
1236 4078 1251 4099 ‚
1320 4043 1455 4105 quod

438 4123 596 4168 Varro
636 4121 830 4171 laudat.
871 4122 1001 4183 Quin
1044 4121 1263 4185 proxima
1304 4121 1447 4170 verba

1535 3327 1808 3375 minutatim
1865 3327 2105 3375 inciderat
2125 3362 2140 3385 ‚
2195 3327 2364 3375 scribit
2407 3344 2458 3375 se
2505 3327 2557 3375 id

1535 3406 1704 3453 fecisse
1717 3407 1940 3471 exemplo
1961 3406 2194 3470 Hegesiae,
2210 3408 2347 3473 cuins
2366 3406 2558 3455 dicendi

1537 3501 1686 3548 genus
1714 3486 1917 3534 fractum
1940 3496 2064 3545 erat,
2095 3498 2144 3535 et
2171 3488 2301 3534 velut
2327 3487 2380 3533 in
2401 3485 2558 3549 parti·

1538 3564 1670 3612 culus
1695 3565 1901 3612 incisum
1917 3599 1932 3623 ‚
1957 3576 2015 3613 ut
2038 3564 2167 3612 idem
2195 3566 2340 3613 refert
2359 3566 2412 3613 In
2439 3567 2560 3613 Orn-

1539 3654 1660 3703 tore,
1674 3644 1736 3705 67
1758 3659 1769 3691 :
1786 3668 1812 3686 «ι
1826 3643 1992 3703 Saltat,
2009 3644 2228 3693 incidens
2241 3644 2504 3709 particulas
2515 3666 2557 3690 υ.

1537 3724 1600 3771 Et
1621 3726 1676 3771 in
1695 3727 1847 3773 Bruto
1867 3740 1880 3775 :
1907 3747 1932 3766 κ
1950 3724 2069 3788 qnid
2093 3736 2191 3773 tam
2209 3725 2440 3781 fractum,
2461 3736 2558 3772 tam

1537 3803 1808 3852 minutum?
1828 3810 1852 3845 i·
1874 3804 2036 3851 Habes
2051 3837 2065 3862 ‚
2087 3804 2271 3867 inquit,
2290 3804 2386 3850 hoc
2404 3820 2562 3851 exem·

1537 3882 1621 3946 plo
1650 3898 1803 3945 genus
1825 3881 2023 3929 dicendi
2044 3884 2277 3945 Hegesiae.
2306 3884 2507 3931 Bonus.

1609 3968 1658 4016 4.
1679 3963 1858 4007 Verum
1876 3958 2092 4025 hoc-fuit,
2115 3960 2216 4007 sine
2233 3945 2349 4008 md?
2371 3960 2560 4009 Suban-

1540 4042 1618 4101 di,
1648 4050 1696 4087 te
1721 4039 1878 4103 legere
1911 4037 2240 4103 Tyrannionis
2269 4038 2468 4089 librum.
2499 4042 2560 4088 Et

1539 4121 1663 4169 dixit
1683 4154 1700 4179 ‚
1724 4135 1893 4167 verum
1909 4154 1924 4180 ,
1940 4134 2032 4181 pro
2053 4133 2264 4181 aequum.
2289 4120 2433 4169 Mur.
