3019 4681
521 318 616 455 δὲ
1165 386 1264 453 Μ.
1317 386 1395 452 Τ.
1453 385 2011 454 CICERONIS

509 532 672 607 quae
721 511 810 579 D.
865 504 1128 577 Laelio²
1158 504 1250 576 ad
1285 506 1615 577 consules
1648 504 1945 577 dederas
1972 561 1991 592 ,
2032 506 2299 577 certior
2332 508 2436 577 tui
2476 532 2650 581 con—

509 619 644 690 silii
668 616 932 705 factus,
966 640 1118 685 non
1152 621 1595 713 exspectavi,
1634 616 1808 687 dum
1842 615 2019 686 mihi
2053 638 2095 687 a
2131 633 2199 689 te
2237 617 2457 689 literae
2486 619 2651 693 red-

505 728 888 814 derentur,
939 722 1468 822 confestimque
1509 751 1679 799 cum
1720 729 1999 816 Quinto
2044 726 2261 798 fratre
2285 782 2304 815 ,
2367 743 2440 799 et
2480 754 2647 802 cum

505 839 749 910 liberis
777 838 1042 909 nostris
1069 838 1205 907 iter
1233 835 1321 907 ad
1344 849 1415 907 te
1445 841 1521 906 in
1550 837 1883 934 Apuliam
1912 836 2143 909 facere
2162 840 2369 936 coepi.
2399 843 2647 930 Quum

501 956 823 1023 Teanum
875 946 1269 1019 Sidicinum
1307 950 1661 1017 venissem
1688 1001 1707 1035 ,
1749 951 1828 1017 C.
1893 948 2237 1036 Messius,
2283 946 2662 1019 familiaris

500 1080 713 1145 tuus,
754 1058 932 1130 mihi
985 1057 1196 1145 dixit,
1253 1055 1520 1155 aliique
1593 1057 2041 1156 complures,
2091 1062 2441 1129 Caesarem
2504 1062 2645 1131 iter
2710 1110 2727 1123 .

501 1172 772 1243 habere
810 1174 1158 1267 Capuam,
1195 1182 1264 1238 et
1299 1192 1388 1238 eo
1417 1169 1577 1264 ipso
1616 1166 1732 1239 die
1768 1192 2195 1238 mansurum
2233 1193 2386 1239 esse
2412 1172 2642 1241 AEser-

502 1286 636 1353 niae
658 1280 711 1351 3.
758 1282 941 1350 Sane
986 1304 1144 1349 sum
1178 1292 1635 1364 commotus;
1695 1278 1936 1377 quod,
1984 1279 2043 1349 si
2090 1281 2189 1349 ita
2222 1293 2447 1368 esset,
2489 1305 2641 1351 non

502 1389 725 1461 modo
774 1391 910 1459 iter
955 1412 1201 1458 meum
1246 1386 1753 1477 interclusum,
1792 1388 1919 1460 sed
1962 1412 2081 1459 me
2129 1390 2367 1485 ipsum
2426 1391 2639 1488 plane

502 1514 882 1599 exceptum
910 1495 1278 1596 putabam.
1312 1502 1566 1595 Itaque
1602 1514 1756 1570 tum
1796 1500 2001 1572 Cales
2032 1502 2387 1598 processi,
2424 1516 2507 1570 ut
2534 1500 2639 1572 ibi

498 1610 957 1710 potissimum
987 1608 1448 1679 consisterem
1469 1664 1488 1697 ,
1528 1608 1704 1681 dum
1734 1624 2009 1681 certum
2038 1607 2251 1680 nobis
2283 1608 2375 1680 ab
2412 1614 2639 1683 AEser-
2702 1656 2715 1665 -

491 1726 614 1795 nia
639 1721 734 1793 de
771 1744 892 1804 e0,
933 1717 1136 1815 quod
1163 1719 1564 1807 audieram,
1592 1719 2005 1792 referretur.
2042 1726 2131 1791 -At
2152 1721 2369 1807 mihi,
2406 1747 2634 1818 quum

491 1832 786 1906 Calibus
819 1853 1048 1901 essem
1069 1882 1088 1915 ,
1122 1826 1420 1899 affertur
1459 1830 1832 1901 literarum
1857 1846 2143 1903 tuarum
2174 1831 2587 1930 exemplum
2610 1887 2631 1919 ,

485 1968 670 2042 quas
724 1956 806 2012 tu
847 1938 936 2009 ad
971 1940 1365 2011 Lentulum
1409 1942 1785 2012 consulem
1822 1942 2150 2019 misisses.
2197 1946 2323 2011 Hae
2352 1942 2632 2039 scriptae

481 2058 589 2127 -sic
625 2066 827 2125 erant
865 2078 881 2121 ε
915 2051 1186 2121 Literas
1228 2049 1365 2122 tihi
1405 2076 1448 2121 a
1490 2054 1569 2121 L.
1605 2053 1927 2122 Domitio
1952 2077 2023 2137 a.
2064 2052 2134 2123 d.
2174 2078 2306 2123 1111
2342 2052 2622 2124 kalend.

489 2179 698 2237 mart.
751 2163 994 2233 allatas
1031 2186 1182 2232 esse
1218 2169 1669 2259 (earumque
1720 2162 2133 2260 exemplum
2173 2162 2631 2262 ,subscripse-

483 2281 676 2372 ras),
703 2274 1092 2371 magnique
1114 2277 1455 2346 interesse
1481 2271 1895 2370 reipublicae
1924 2273 2340 2372 scripseraS,
2372 2298 2625 2346 omnes

483 2389 724 2485 copias
769 2386 1006 2482 primo
1052 2408 1352 2480 quoque
1395 2399 1726 2482 tempore
1770 2387 1847 2455 in
1890 2407 2120 2456 unum
2166 2385 2411 2456 locum
2446 2411 2623 2458 con-

479 2501 764 2582 venire3
802 2510 873 2565 et
914 2508 1026 2577 ut,
1069 2493 1372 2592 praesidii
1402 2493 1607 2589 quod
1642 2497 1808 2567 satis
1840 2511 2063 2583 esset,
2108 2500 2373 2593 Capuae
2406 2496 2623 2568 relin-

479 2620 754 2705 queret.
786 2609 910 2675 His
947 2628 1082 2700 ego
1134 2604 1357 2675 literis
1391 2603 1631 2694 lectis,
1668 2610 1741 2676 in
1782 2606 2032 2679 eadem
2078 2611 2431 2706 opinione
2469 2606 2574 2677 fui
2599 2662 2618 2691 ,

477 2744 623 2816 qua
659 2715 923 2811 reliqui
961 2737 1252 2800 omneS,
1293 2729 1362 2785 te
1407 2730 1575 2786 cum
1610 2718 1949 2788 omnibus
1993 2721 2219 2816 copiis
2256 2716 2348 2788 ad
2382 2717 2616 2788 Corfi-

475 2835 680 2900 nium
724 2850 878 2896 esse
914 2838 1308 2894 venturum
1339 2853 1354 2897 ε
1403 2852 1555 2923 quo
1590 2827 1766 2898 mihi
1789 2884 1808 2916 ,
1847 2855 2078 2926 quum
2113 2834 2344 2900 Caesar
2373 2828 2464 2898 ad
2490 2853 2619 2927 op-

470 2940 724 3037 pidum
748 2950 976 3006 castra
1007 2932 1343 3022 haberet,
1381 2949 1621 3008 tutum
1645 2942 1781 3010 iter
1808 2964 1960 3010 esse
1996 2962 2150 3009 non
2190 2937 2609 3008 arbitrabar.

471 3055 719 3140 Quum
761 3071 874 3116 res
917 3047 994 3114 in
1043 3069 1322 3116 summa
1364 3053 1899 3146 exspectatione
1949 3064 2174 3135 esset,
2217 3065 2611 3144 utrumque

467 3160 680 3232 simul
716 3156 1082 3240 audimus,
1118 3170 1189 3224 et
1237 3181 1395 3253 quae
1440 3157 1741 3230 Corfinii
1778 3175 1934 3230 acta
1962 3175 2232 3244 essent,
2276 3174 2348 3228 et
2375 3173 2446 3229 te
2473 3160 2611 3228 iter

469 3267 934 3343 Brundisium
973 3263 1202 3335 facere
1230 3270 1535 3365 coepisse
1573 3295 1590 3337 z
1634 3295 2015 3366 quumque
2046 3268 2429 3355 necmihi,
2472 3294 2608 3339 nec

463 3382 666 3454 fratri
719 3402 880 3447 meo
923 3373 1227 3446 dubium
1285 3393 1511 3466 esset,
1566 3383 1747 3476 quin
1788 3381 2253 3452 Brund-isium
2300 3396 2606 3451 conten-

465 3495 835 3572 ‹leremu53
885 3511 926 3557 a
965 3487 1212 3558 multis
1237 3541 1256 3576 ,
1298 3489 1498 3585 quie
1542 3494 1833 3562 Samnio
1892 3493 2297 3588 Apuliaque
2366 3495 2602 3561 venie·

379 3651 389 3664 -
461 3605 669 3687 bant,
697 3599 1046 3669 admoniti
1075 3623 1360 3684 sumus,
1393 3614 1477 3670 ut
1500 3625 1916 3703 caveremus
1939 3656 1957 3688 ,
1987 3627 2077 3672 ne
2104 3604 2603 3700 exciperemur

462 3740 501 3784 a
533 3716 842 3796 Caesare3
879 3707 1082 3804 quod
1109 3709 1168 3779 is
1199 3708 1272 3778 in
1303 3708 1551 3782 eadem
1586 3711 1772 3800 loca,
1799 3737 1961 3809 quae
1989 3737 2123 3784 nos
2144 3711 2596 3812 petebamuS‚

459 3819 862 3919 profectus,
907 3817 1209 3906 celerius
1255 3823 1470 3892 etiam
1495 3877 1516 3910 ,
1568 3847 1789 3920 quam
1824 3848 1959 3894 nos
1992 3849 2366 3920 possemus
2396 3877 2414 3912 ,
2466 3851 2597 3908 e0,

529 4002 575 4032 2.
619 3985 678 4031 D.
725 3983 886 4030 Loelio.
925 3983 1022 4030 Hic
1067 3981 1296 4048 deinceps
1335 3984 1478 4033 classi
1641 3986 1689 4033 3.
1716 3987 2216 4037 AEserniae.'AEsernia
2238 3987 2595 4056 oppidum'fuit

455 4066 706 4127 praefectus
723 4063 873 4122 est,in
889 4079 973 4111 ora
995 4063 1217 4112 Asiatica.
1235 4064 1476 4113 Be11.civ.
1566 4066 1712 4112 situm
1762 4069 1813 4113 in
1865 4069 2060 4116 Samnio
2083 4102 2097 4128 ,
2162 4068 2224 4116 ad
2274 4081 2421 4133 caput
2465 4073 2585 4120 Vul-

449 4147 546 4205 111,
576 4147 624 4193 5.
645 4143 733 4190 En.
1566 4148 1712 4195 turni.
1742 4149 1834 4195 En.
