3019 4681
448 408 589 495 [⁸4²
1086 409 1183 475 Μ.
1236 407 1313 473 Τ.
1372 402 1940 477 CICERONIS

448 546 768 629 tempus,
806 533 933 627 qui
976 527 1068 600 ad
1100 552 1271 601 eum
1306 528 1411 601 ire
1451 553 1604 600 non
1647 528 1906 629 possis!
1943 532 2096 628 Ego
2127 544 2366 602 autem
2401 532 2578 630 quid
2629 532 2634 538 ⁴

446 640 813 713 scribam?
848 645 948 712 Ut
986 638 1388 712 beneficio¹
1432 640 1740 711 istorum
1781 641 2138 713 utantur?
2170 641 2372 734 Quid
2423 658 2580 714 tur-

443 752 667 850 pius?
698 756 801 823 Ut
846 750 1241 822 moliantur
1290 748 1622 848 aliquid?
1677 752 1829 821 Nec
1891 749 2197 837 audent,
2244 774 2378 821 nec
2429 752 2576 846 jam

440 876 766 961 possunt.
796 865 943 959 Age
960 916 981 950 ‚
1007 859 1831 958 quiescant-auctoribus
1857 860 2122 932 nobis?
2158 864 2340 952 Quis
2369 861 2578 933 inco-

442 974 845 1045 lumitatem
877 974 1257 1069 praestat2?
1290 973 1365 1041 Si
1394 996 1566 1043 vero
1586 967 1615 1014 ³
1659 970 1931 1071 aliquid
1965 970 2065 1043 de
2089 974 2390 1043 Decimo
2419 996 2576 1065 gra-

440 1086 684 1172 vius43
726 1106 888 1180 quae
930 1078 1233 1153 nostris⁵
1263 1082 1447 1168 vita,
1488 1082 1762 1153 etiamsi
1797 1106 2014 1151 nemo
2056 1080 2404 1152 molestus
2439 1080 2582 1155 sit?

442 1191 689 1264 Ludos
736 1216 911 1263 vero
957 1217 1109 1263 non
1158 1188 1439 1263 facere⁶
1458 1247 1479 1278 ‚
1535 1190 1712 1291 quid
1751 1188 2062 1265 foedius?
2103 1196 2574 1263 Frumentum

444 1304 824 1401 imponere
844 1358 864 1391 ‚
912 1326 1070 1400 quae
1133 1316 1245 1375 est
1306 1301 1439 1373 alia
1496 1303 1752 1373 Dionis
1793 1302 2054 1399 legatio
2075 1302 2161 1371 ⁷?
2207 1317 2336 1373 aut
2377 1300 2578 1398 quod

440 1436 711 1485 munus
740 1414 811 1484 in
848 1410 1225 1511 republica
1250 1411 1660 1485 sordidius?
1694 1416 1996 1483 Prorsus
2027 1412 2321 1510 quidem
2351 1412 2582 1481 consi-

442 1522 534 1593 lia
568 1522 693 1595 tali
726 1524 801 1593 in
832 1548 913 1597 re
958 1548 1053 1594 ne
1094 1524 1181 1595 iis
1223 1522 1520 1620 quidem
1572 1536 1728 1593 tuta
1764 1537 1966 1611 sunt,
2007 1526 2134 1619 qui
2189 1521 2388 1593 dant.
2440 1520 2582 1592 Sed

440 1636 713 1730 possim
772 1633 849 1705 id
908 1634 1276 1732 negligere
1338 1632 1749 1732 proficiens.
1828 1638 2116 1704 Frustra
2171 1654 2346 1701 vero
2399 1628 2574 1729 quid

440 1742 804 1842 ingrediar
822 1742 853 1787 ⁸
882 1744 913 1814 P
944 1747 1193 1815 Matris
1217 1754 1251 1801 9
1284 1745 1593 1817 consilio
1629 1766 1858 1843 quum
1885 1756 2133 1814 utatur
2153 1795 2172 1828 ‚
2227 1740 2341 1812 vel
2363 1742 2574 1812 etiam

436 1854 778 1952 precibus
814 1912 833 1941 ,
913 1855 1094 1954 quid
1154 1880 1269 1926 me
1320 1855 1844 1953 interponam?
1893 1852 2034 1926 Sed
2083 1867 2322 1923 tamen
2381 1851 2574 1947 cogi-

439 1962 611 2035 tabo
647 2017 667 2051 ,
720 1989 871 2062 quo
923 1990 1187 2062 genere
1243 1979 1409 2037 utar
1462 1965 1832 2036 literarum
1881 1991 1898 2034 t
1941 1988 2110 2035 nam
2165 1961 2374 2034 silere
2427 1986 2578 2033 non

436 2096 755 2170 possum.
832 2077 1083 2147 Statim
1152 2076 1371 2172 igitur
1426 2078 1707 2147 mittam
1739 2086 1804 2123 ¹⁹
1855 2075 1969 2147 vel
2033 2074 2328 2145 Antium
2376 2128 2396 2160 ‚
2464 2070 2578 2141 vel

438 2184 762 2255 Circaeos.
2204 2199 2210 2207 ’

508 2361 555 2397 1.
601 2347 866 2418 Beneficio.
920 2347 1177 2398 Provincia
1210 2349 1455 2414 legatoris.

435 2427 527 2492 Ep.
557 2427 586 2475 8
614 2425 759 2490 huius
782 2427 921 2486 libri,
946 2439 995 2477 et
1018 2445 1099 2494 ep.
1128 2445 1228 2494 seq.
1258 2431 1421 2479 Cous.

507 2521 557 2555 s.
579 2507 661 2555 Al.
684 2519 900 2571 proestet.
925 2509 978 2558 J.
994 2509 1063 2558 V.
1088 2513 1148 2558 1..

1623 2369 1669 2413 7.
1689 2349 1860 2398 Dionis
1879 2350 2078 2416 legatio.
2102 2348 2354 2398 Proverbii
2373 2347 2576 2395 formem

1545 2429 1692 2478 habet
1717 2430 1778 2477 de
1799 2428 2041 2478 beneficio
2063 2441 2148 2478 aut
2171 2429 2360 2477 honore
2384 2429 2438 2474 in
2455 2443 2578 2474 eon-

1547 2509 1798 2558 tumelinm
1820 2509 2002 2557 collato
2022 2524 2036 2557 ε
2059 2519 2226 2556 natum
2251 2523 2280 2554 a
2301 2507 2432 2556 facto
2455 2507 2576 2554 Dio-

502 2581 554 2636 3.
596 2585 651 2634 si
690 2603 830 2635 vero.
876 2587 927 2636 Si
974 2589 1219 2636 Antonius
1264 2589 1458 2653 gravius

428 2667 653 2714 consulu
679 2669 730 2715 in
750 2669 1003 2718 Decimum
1028 2669 1259 2728 Brutum,
1283 2681 1339 2718 ut
1360 2669 1457 2718 sibi

428 2745 603 2810 eripiat
628 2746 931 2812 provinciam
955 2748 1161 2797 Galliam
1177 2783 1191 2806 ‚
1218 2747 1457 2812 quemad-

432 2823 635 2872 modum
652 2825 816 2889 psullo
834 2837 949 2891 post
968 2827 1195 2885 tentavit,
1214 2829 1455 2875 Mutinam

431 2900 722 2951 obsidendo.
749 2904 802 2951 J.
828 2907 885 2953 F.
917 2907 1153 2954 Guonov.

505 2989 556 3038 4.
588 2980 667 3029 ΑΙ.
696 3004 721 3022 ι
740 2979 800 3029 de
822 2979 1011 3032 Decimi
1036 2983 1373 3048 Graeceiique3
1403 2999 1453 3046 q.

430 3075 488 3110 n.
506 3081 531 3101 ι·
557 3059 611 3108 J.
631 3059 695 3108 V.
718 3063 773 3109 1..

506 3134 553 3189 6.
579 3141 701 3204 Quae
721 3139 897 3188 nostris
913 3140 1041 3189 vita.
1061 3142 1295 3203 Quamvis
1312 3157 1455 3190 nemo

431 3215 662 3266 molestus
692 3219 756 3267 sit
788 3221 942 3267 Bruto
970 3231 1021 3268 et
1049 3221 1218 3270 Cassio
1246 3221 1483 3279 nostris,'

432 3313 576 3361 qnam
608 3301 765 3364 turpis
799 3311 960 3349 tamen
995 3301 1157 3348 futura
1184 3311 1257 3349 est
1288 3317 1457 3349 eorum

432 3375 531 3425 vita
548 3412 563 3437 ,
604 3380 647 3426 si
691 3395 835 3444 opem
878 3396 981 3428 non
1024 3381 1181 3430 ferant
1216 3381 1457 3430 Decimo?

432 3455 639 3506 Bonus.

502 3535 551 3583 6.
584 3536 742 3584 Ludos
767 3553 888 3586 vero
914 3535 1220 3601 nonfacere.
1251 3539 1457 3588 Brutum

430 3624 714 3676 prunonem,
745 3613 810 3662 ad
832 3631 975 3680 quem
999 3615 1095 3663 hoc
1124 3617 1334 3680 pertinet
1356 3651 1371 3674 ‚
1399 3626 1457 3664 ut

430 3691 573 3738 etism
594 3705 765 3756 postes
793 3709 946 3756 quum
973 3696 1026 3742 iu
1058 3694 1194 3743 Urbe
1223 3711 1323 3742 esse
1352 3711 1454 3743 non

430 3780 621 3832 posset,
648 3769 819 3819 absens
847 3773 959 3821 lecit
984 3783 1180 3821 curante
1207 3773 1264 3822 C.
1292 3780 1452 3823 Anto·

432 3847 533 3896 nio.
562 3849 655 3916 Ep.
687 3865 790 3916 seq.
820 3853 1077 3916 Appianas
1098 3851 1185 3900 lib.
1214 3853 1305 3900 111.
1336 3853 1455 3902 Por.

1547 2589 1678 2654 nysii
1702 2589 1898 2653 tyranni
1913 2623 1928 2648 ‚
1951 2589 2038 2652 qui
2057 2589 2269 2636 Dionem
2293 2585 2574 2634 familiarem
2671 2610 2679 2618 oe

1546 2682 1688 2715 suum
1735 2669 1898 2732 specie
1953 2667 2208 2731 legationis
2253 2668 2306 2714 in
2353 2663 2576 2713 exsilium

1544 2747 1694 2808 misit,
1706 2764 1856 2813 quum
1869 2761 2030 2797 tamen
2045 2763 2156 2796 eum
2171 2763 2272 2795 non
2289 2746 2340 2794 in
2353 2744 2578 2794 exsilium

1545 2843 1571 2874 s
1596 2844 1647 2874 se
1673 2829 1897 2886 missum,
1923 2827 2006 2876 sed
2039 2841 2279 2875 secessum
2301 2823 2578 2889 quaesivisse

1519 2919 1534 2927 ‘
1545 2905 1732 2954 diceret
1745 2941 1762 2968 ,
1779 2916 1838 2954 ut
1855 2907 2002 2954 refert
2019 2904 2307 2953 Plutarchus
2324 2915 2375 2952 et
2391 2905 2574 2967 Nepos.

1546 2985 1674 3032 nine
1711 2985 1885 3033 Cicero
1913 2999 1928 3033 τ
1967 2985 2060 3033 ma
2109 2985 2300 3033 curatio
2343 2983 2580 3032 statuenti

1549 3063 1769 3111 mandata
1799 3065 1952 3114 Bruto
1985 3075 2036 3113 et
2056 3065 2250 3126 Cassio,
2275 3074 2336 3111 ut
2359 3061 2498 3126 quasi
2521 3061 2576 3109 in

1511 3143 1514 3146 ’
1548 3143 1771 3190 exsilium
1793 3143 1926 3191 missi
1952 3143 2129 3208 procul
2156 3158 2183 3191 a
2213 3141 2462 3206 republica
2488 3140 2576 3189 sb·

1547 3222 1668 3279 sint,
1693 3235 1794 3268 non
1816 3233 1888 3270 est
1905 3222 1998 3269 alia
2019 3239 2165 3287 quam
2185 3223 2360 3270 Dionis
2374 3221 2570 3287 legatio.

1547 3301 1697 3348 Ῑυιιι.
1799 3302 1804 3308 ”
2393 3333 2398 3336 -

1619 3379 1668 3428 8.
1686 3379 1961 3444 Ingrediar.
1972 3378 2056 3428 Ad
2065 3379 2279 3428 dandum
2295 3379 2573 3428 eonsilium.

1617 3473 1670 3520 9.
1699 3459 1896 3508 Matris.
1927 3459 2174 3520 Serviliae,
2209 3476 2318 3524 quae
2346 3471 2395 3508 et
2423 3460 2572 3507 amica

1545 3537 1750 3586 cmx-in
1770 3539 1928 3588 fuerat
1943 3574 1957 3598 ‚
1979 3550 2028 3586 et
2053 3539 2334 3588 Caesarianis
2360 3538 2570 3588 favebat.

1622 3631 1704 3664 ιο.
1742 3617 1957 3666 Mittam.
1997 3617 2178 3668 Literas
2205 3635 2220 3668 τ
2255 3619 2487 3666 alterutro
2523 3618 2572 3664 in

1542 3695 1656 3742 loco
1683 3697 1846 3744 futuri
1883 3708 2021 3745 erant
2059 3699 2238 3747 Brutus
2279 3709 2328 3746 et
2363 3697 2572 3746 Cassius.

1542 3775 1688 3822 Mn«.
1715 3805 1781 3815 --
1820 3775 1938 3824 Non
1968 3785 2129 3824 autem
2156 3776 2290 3826 misit
2307 3813 2323 3838 ,
2358 3777 2447 3824 sed
2470 3778 2576 3842 ipse

1544 3853 1608 3902 sd
1636 3854 1840 3903 Brutum
1867 3855 2123 3920 profectus
2145 3868 2218 3904 est
2237 3856 2464 3906 Antium.
2485 3855 2577 3902 En.

1264 4054 1738 4080 ..-....,.-......-.-
