3019 4681
532 394 670 467 550
1171 400 1270 466 Μ.
1321 400 1398 466 Τ.
1452 394 2007 472 CICERONIS

531 533 844 617 quntum
909 534 1180 617 putem.
1243 519 1462 611 Quod
1519 522 1616 609 si,
1674 534 1761 591 ut
1815 515 2337 615 amplissimum
2390 538 2665 587 nomen

526 648 1167 725 consequeremur,
1211 655 1402 703 unus
1445 646 1708 729 praeter
1743 643 2021 700 ceteros
2056 626 2425 723 adjuvisti3
2468 640 2668 699 certe

523 738 722 809 idem
743 793 766 826 ‚
809 752 894 808 ut
933 739 1007 809 id
1053 742 1490 813 retineamus
1520 792 1541 827 ‚
1599 754 1859 838 praeter
1906 752 2187 810 ceteros
2236 734 2659 808 elaborabis.

526 850 694 917 Non
735 861 845 918 est
881 847 1014 919 tibi
1051 848 1219 919 solis
1257 849 1611 921 utendum
1658 846 2305 921 existimationibus
2352 871 2437 917 ac
2474 844 2667 939 judi-

529 957 660 1027 ciis
680 1011 700 1041 ‚
738 957 866 1053 qui
895 982 1094 1029 nunc
1125 974 1333 1047 sunt,
1370 960 1791 1049 hominum,
1834 957 1959 1031 sed
1990 959 2077 1029 iis
2114 959 2367 1045 etiam,
2397 960 2525 1052 qui
2556 952 2667 1025 fu-

529 1066 676 1135 turi
713 1081 927 1139 sunt:
976 1092 1420 1167 quamquam
1461 1068 1755 1141 illorum
1808 1071 1947 1140 erit
1994 1068 2234 1139 verius
2270 1064 2663 1159 judicium,

531 1173 1056 1249 obtrectatione
1097 1190 1174 1248 et
1207 1178 1695 1252 malivolentia
1741 1178 2150 1251 liberatum.
2204 1178 2539 1271 Denique
2574 1172 2663 1243 il-

529 1282 660 1357 lud
715 1286 928 1357 etiam
978 1277 1607 1387 debes‘cogitare,
1665 1314 1819 1361 non
1866 1304 1943 1361 te
1992 1287 2127 1359 tibi
2172 1281 2305 1357 soli
2362 1284 2661 1381 gloriam

533 1418 858 1490 quaerere
889 1424 906 1468 ε
947 1397 1150 1495 quod
1183 1404 1246 1469 si
1283 1415 1506 1487 esset,
1544 1414 1791 1471 tamen
1832 1423 1985 1470 non
2020 1396 2422 1494 negligeres
2443 1448 2461 1481 ‚
2494 1418 2669 1492 prae-

533 1509 780 1575 sertim
831 1530 1058 1603 quum
1113 1510 1572 1608 amplissimis
1620 1508 2115 1580 monumentis
2136 1510 2205 1562 ⁹4
2246 1526 2666 1577 consecrare

531 1614 880 1687 voluisses
951 1620 1376 1691 memoriam
1441 1620 1759 1692 nominis
1824 1620 1931 1689 tui
1968 1644 1987 1687 z
2046 1615 2175 1687 sed
2234 1636 2317 1685 ea
2374 1610 2511 1683 tibi
2556 1624 2667 1682 est

535 1726 1138 1799 communicanda
1181 1752 1468 1801 mecum
1492 1782 1514 1817 ‚
1556 1727 1931 1826 prodenda
1968 1726 2217 1797 liberis
2252 1723 2539 1795 nostris.
2580 1726 2663 1791 ln

533 1860 678 1930 qua
700 1832 769 1894 9⁵
805 1838 1208 1911 cavendum
1251 1854 1398 1927 est,
1440 1864 1575 1928 ne,
1612 1839 1673 1910 si
1706 1837 2187 1934 negligentior
2216 1832 2474 1919 fueris,
2513 1856 2664 1902 non

531 1944 767 2017 solum
798 1946 934 2018 tibi
960 1972 1219 2045 parum
1243 1948 1691 2021 consuluisse
1708 2001 1728 2035 ,
1756 1945 1885 2018 sed
1912 1948 2127 2018 etlam
2160 1943 2301 2013 tuis
2327 1940 2667 2011 invidisse

531 2054 858 2127 videaris.
2490 2112 2497 2129 .

633 2170 869 2262 Atque
905 2166 1058 2237 baec
1089 2192 1244 2237 non
1275 2174 1365 2239 eo
1395 2166 1765 2253 dicuntur,
1804 2177 1886 2234 ut
1927 2178 2001 2233 te
2034 2162 2265 2233 oratio
2300 2184 2463 2231 mea
2494 2156 2663 2229 dor·

533 2274 880 2348 mientem
913 2279 1257 2349 excitasse
1277 2322 1298 2365 ‚·
1333 2275 1461 2349 sed
1491 2279 1737 2376 potius
1770 2288 1851 2346 ut
1882 2283 2297 2346 currentem
2335 2269 2665 2349 incitasse

534 2383 884 2457 videatur.
916 2391 1156 2460 Facies
1183 2382 1375 2460 enim
1407 2403 1765 2485 perpetuo
1784 2440 1803 2475 ,
1826 2391 1988 2483 quae
2020 2383 2281 2470 fecisti,
2306 2396 2390 2452 ut
2415 2401 2666 2451 omnes

530 2496 946 2590 aequitatem
994 2513 1190 2568 tuam
1211 2547 1236 2586 .,
1285 2499 1837 2594 temperantiam
1860 2549 1901 2586 ,ς
1934 2496 2379 2566 severitatem
2404 2543 2425 2576 ‚
2478 2493 2661 2558 inte·

535 2607 1016 2704 gritatemque
1055 2607 1374 2680 laudent.
1414 2609 1555 2680 Sed
1594 2633 1710 2679 me
1746 2603 2077 2703 quaedam
2105 2615 2340 2688 tenet,
2367 2612 2668 2697 propter

533 2715 970 2814 singularem
1028 2743 1346 2791 amorem
1373 2773 1392 2804 ‚
1443 2716 1732 2790 infinita.
1776 2719 1853 2790 in
1910 2730 1984 2786 te
2042 2711 2341 2784 aviditas
2390 2708 2665 2806 gloriae:

537 2849 982 2924 quamquam
1031 2828 1209 2900 illud
1253 2831 1625 2914 existimo,
1663 2845 1893 2924 quum
1917 2823 2064 2920 jam
2096 2820 2231 2892 tibi
2256 2821 2455 2908 Asia,
2482 2818 2667 2889 sicut

536 2937 934 3034 unicuique
983 2963 1112 3009 sua
1161 2939 1460 3027 domus,
1514 2952 1691 3008 nota
1738 2959 1893 3008 aese
1948 2931 2245 3017 debeat,
2294 2951 2525 3027 quum
2576 2924 2666 2998 ad

533 3057 736 3120 tuam
793 3057 1148 3121 summam
1199 3049 1663 3148 prudentiam
1724 3059 1969 3117 tantus
2022 3065 2200 3116 usus
2254 3039 2665 3122 accesserit,

533 3157 719 3230 nihil
778 3185 966 3250 esse,
1018 3161 1219 3259 quod
1285 3160 1374 3232 ad
1425 3159 1711 3232 laudem
1769 3159 2103 3244 attineat,
2142 3152 2343 3251 quod
2386 3172 2539 3222 non
2582 3163 2663 3219 tu

537 3268 814 3364 optime
849 3273 1240 3370 perspicias
1264 3325 1286 3360 ‚
1312 3287 1386 3343 et
1407 3269 1543 3342 tibi
1564 3293 1715 3340 non
1738 3321 1758 3356 ‚
1794 3263 1949 3338 sine
1976 3266 2401 3361 cujusquam
2419 3260 2664 3334 horta-

533 3376 764 3467 tione,
793 3381 870 3451 in
903 3396 1224 3452 mentem
1251 3381 1496 3453 veniat
1524 3375 2026 3477 quotidie.Sed
2053 3399 2189 3472 ego
2208 3425 2229 3461 ‚
2252 3373 2406 3471 qui,
2435 3393 2664 3468 quum

533 3499 660 3558 tua
692 3488 853 3587 lego
875 3545 894 3578 ‚
933 3493 1004 3562 't'e
1036 3491 1320 3580 audire,
1350 3507 1424 3563 et
1449 3492 1609 3588 qui,
1644 3513 1875 3588 quum
1902 3485 1991 3557 ad
2022 3501 2096 3557 te
2124 3483 2395 3572 scrib0,
2421 3497 2663 3553 tecum

533 3596 737 3694 loqui
755 3601 1029 3688 videor,
1058 3602 1326 3675 idcirco
1357 3617 1428 3674 et
1447 3617 1572 3672 tua
1598 3599 2015 3696 longissima
2039 3619 2331 3694 quaque
2364 3589 2664 3690 epistola

529 3710 842 3782 maxime
875 3711 1217 3800 delector,
1252 3726 1325 3784 et
1358 3715 1517 3810 ipse
1550 3712 1628 3781 in
1666 3707 2050 3781 scribendo
2090 3728 2281 3804 saepe
2320 3725 2483 3774 sum
2507 3701 2665 3771 lon-

601 3915 686 3968 94.
715 3907 1062 3957 Honmneme’s.
1101 3909 1331 3957 Refertur
1355 3907 1454 3956 hoc
1487 3906 1553 3956 ad
1714 3907 1798 3968 95.
1853 3905 1911 3951 In
1962 3919 2062 3968 qua
2121 3899 2393 3950 cavendum
2436 3909 2533 3957 est,
2572 3905 2667 3944 etc.

527 3984 760 4044 honores,
779 4003 988 4050 quornm
1016 3987 1234 4035 meminit
1261 3987 1312 4034 in
1336 3993 1442 4051 cap.
1465 4001 1545 4034 10.
1638 3985 1834 4032 Scilicet
1860 3983 1915 4030 in
1952 3981 2189 4030 memoria
2232 3979 2448 4028 nominis
2488 3975 2663 4024 nostri.

534 4062 784 4112 Manutius
813 4075 954 4130 putat
991 4067 1158 4114 referri
1201 4066 1263 4113 ad
1299 4065 1494 4113 annales
1520 4081 1547 4110 a
1638 4059 1701 4112 In
1729 4079 1826 4127 quo
1856 4062 2037 4112 metius
2066 4059 2222 4108 visum
2254 4053 2452 4106 Lallem.
2476 4057 2663 4104 Ernest.

529 4144 716 4206 Quinto
738 4144 961 4208 scriptos.
1636 4141 1696 4190 al.
1724 4144 1777 4191 J.
1798 4143 1861 4188 V.
1884 4141 1941 4189 1..
