3019 4681
469 365 611 452 264
1102 371 1199 438 M.
1249 372 1327 437 T.
1379 369 1965 442 CICERONIS

1187 619 1279 638 m

2018 619 2576 642 mmmmm-m

1044 838 1656 918 EPISTOLA
1735 839 2006 917 XXV.

498 1058 587 1114 De
615 1052 741 1114 Silii
764 1052 951 1111 hortis
978 1051 1258 1126 emendis,
1284 1051 1389 1111 sed
1415 1053 1497 1111 ita
1519 1067 1585 1112 ut
1607 1065 1910 1112 numerato
1937 1039 2133 1132 potins
2151 1097 2170 1128 ,
2193 1075 2368 1133 quam
2399 1056 2545 1115 aesti-

695 1149 963 1208 matione.
990 1149 1273 1227 (Asturae,
1308 1167 1461 1206 anno
1485 1153 1560 1208 U.
1589 1153 1655 1208 C.
1687 1151 1835 1222 708,
1867 1169 2060 1208 mense
2091 1151 2360 1224 martie.)

1138 1355 1456 1419 CICERO
1500 1354 1819 1420 ATTICO
1863 1355 1926 1419 S.

553 1541 877 1610 Scmrsrr
923 1534 1013 1607 ad
1048 1555 1167 1607 me
1201 1533 1578 1632 diligenter
1625 1535 1782 1606 Sica
1831 1533 1921 1607 de
1965 1537 2176 1626 Silio,
2235 1560 2460 1635 seque
2492 1538 2584 1611 ad

456 1663 529 1720 te
568 1673 723 1720 rem
764 1647 1103 1720 detulisse
1143 1673 1159 1716 ε
1213 1644 1414 1744 quod
1444 1660 1530 1716 tu
1565 1645 1759 1718 idem
1795 1646 2067 1718 scribis.
2111 1647 2293 1718 Mihi
2327 1662 2399 1720 et
2427 1673 2580 1738 res,

455 1771 527 1828 et
570 1754 886 1829 conditio
940 1756 1174 1854 placet
1208 1812 1228 1846 ‚
1299 1754 1426 1827 sed
1475 1757 1618 1844 ita,
1669 1771 1755 1828 ut
1816 1770 2196 1828 numerato
2257 1757 2537 1829 malim¹
2562 1813 2582 1847 ,

455 1891 675 1964 quam
730 1867 1198 1938 aestimatione
1255 1893 1271 1935 z
1338 1863 1778 1962 voluptarias
1847 1869 2043 1935 enim
2095 1867 2584 1962 possessiones

369 1975 381 1984 ”
456 1977 656 2048 nolet
708 1977 941 2048 Silius.
984 1973 1471 2072 vectigalibus
1515 1989 1756 2045 autem
1816 1988 1901 2045 ut
1941 1973 2056 2046 his
2099 2000 2389 2072 possum
2431 1999 2584 2048 esse

458 2099 886 2175 contentus,
929 2109 1089 2182 quae
1140 2083 1377 2156 habeo
1403 2137 1422 2172 ‚
1473 2086 1574 2154 sic
1626 2085 1748 2153 vix
1809 2083 2216 2154 minorihus
2253 2095 2306 2153 ².
2371 2083 2583 2156 Unde

460 2219 634 2290 ergo
690 2194 1121 2266 numerato?
1178 2197 1328 2266 H-S
1378 2219 1469 2264 nc
1509 2193 1865 2290 exprimes
1916 2192 2006 2263 ab
2073 2200 2524 2292 Hermogene
2561 2247 2581 2282 ‚

462 2289 691 2401 quum
708 2306 1105 2402 praesertim
1143 2326 1435 2377 necesse
1466 2304 1635 2391 erit;
1675 2317 1749 2374 et
1777 2301 1978 2375 domi
2011 2303 2223 2377 video
2260 2329 2412 2377 esse
2443 2307 2584 2376 H-S

453 2437 565 2484 nc.
600 2413 921 2509 Reliquae
953 2416 1276 2511 pecuniae
1310 2412 1424 2483 vel
1450 2436 1742 2483 usuram
1757 2412 1928 2484 Silio
1951 2413 2582 2509 pendemus,dum

456 2548 496 2594 a
533 2521 833 2605 Faberio
861 2576 880 2611 ,
917 2523 1033 2594 vel
1068 2521 1158 2593 ab
1198 2521 1480 2618 aliquo,
1521 2524 1649 2618 qui
1683 2519 1982 2592 Faberio
2014 2521 2273 2612 debet,
2316 2548 2581 2622 reprae-

454 2632 915 2705 sentahimus.
956 2634 1107 2703 Erit
1158 2634 1371 2701 etiam
1422 2628 1696 2726 aliquid
1751 2629 2106 2702 alicunde.
2166 2630 2306 2702 Sed
2356 2646 2582 2703 totam

453 2766 608 2812 rem
646 2756 730 2812 tu
768 2740 1229 2839 gubernabis.
1272 2741 1645 2810 Drusiani's
1670 2764 1842 2810 vero
1874 2740 2009 2810 hos
2029 2738 2058 2783 ³
2086 2740 2317 2811 hortis
2349 2741 2580 2813 multo

452 2864 822 2949 antepono
866 2878 885 2919 :
937 2874 1177 2945 neque
1244 2862 1415 2919 sunt
1478 2872 1829 2944 umquam
1886 2853 2280 2947 comparati
2301 2855 2352 2921 4.
2399 2850 2578 2921 Mihi

454 2953 706 3043 crede,
747 2980 895 3025 una
934 2979 1048 3025 me
1091 2978 1301 3025 causa
1345 2969 1626 3039 movet,
1675 2956 1751 3023 in
1791 2980 1935 3052 qua
1969 2960 2121 3027 scio
2157 2982 2274 3027 me
2300 2971 2578 3050 τετυφῶ-

453 3066 591 3135 σθαι
612 3058 662 3132 ⁵.
725 3059 862 3133 Sed
881 3114 900 3149 ‚
934 3075 1017 3132 ut
1044 3060 1214 3131 facis
1234 3115 1255 3148 ,
1284 3058 1691 3156 obsequere
1719 3060 1890 3131 huic
1919 3062 2148 3132 errori
2176 3086 2363 3132 meo.
2395 3065 2580 3134 Nam

527 3317 571 3349 1.
592 3298 783 3348 Malim.
803 3298 974 3345 Malim
992 3282 1147 3345 emere
1166 3296 1339 3345 hortos
1352 3312 1472 3360 prm·
1559 3298 1836 3358 monicum,
1877 3308 2039 3347 tamen
2077 3314 2162 3347 eos
2187 3300 2274 3345 vix
2313 3298 2582 3347 diminuere

448 3378 573 3427 senti
599 3378 829 3441 pecnnia,
857 3392 1003 3441 qnam
1030 3376 1143 3423 dare
1169 3376 1223 3422 in
1254 3375 1469 3423 solutum
1556 3374 1727 3434 licent3
1767 3378 1932 3441 itaque
1966 3378 2084 3425 alins
2123 3378 2334 3425 rationes
2359 3379 2581 3442 pecnniae

450 3459 659 3523 aliquam
685 3473 785 3505 rem
815 3458 1095 3504 aestimatam
1115 3470 1173 3503 ex
1195 3454 1301 3519 lege
1319 3456 1351 3502 J
1354 3456 1469 3503 ulia.
1557 3452 1873 3503 conficiendae
1886 3456 2338 3521 circumspiciendus
2347 3460 2578 3506 esse.Sc=.

448 3540 649 3586 Bonus.
1629 3535 1682 3581 3.
1711 3536 1812 3581 Hos
1835 3534 1999 3583 deerat
2023 3534 2077 3581 in
2101 3536 2313 3598 antiq-uis
2342 3534 2454 3584 edd.
2483 3537 2582 3584 Bo-

522 3633 571 3663 2.
602 3616 681 3661 Sic
704 3613 803 3662 vix
826 3613 1101 3661 minoribus.
1121 3615 1283 3675 Quum
1296 3612 1468 3662 Cicero
1557 3613 1655 3659 sius
1673 3610 1863 3660 addidit
1889 3608 1914 3659 e
1930 3614 2022 3661 MS
2041 3628 2146 3661 suo.
2171 3615 2220 3662 J.
2233 3616 2297 3660 V.
2313 3617 2367 3662 L.

449 3694 702 3759 pecuniam
739 3709 832 3755 pro
875 3693 1029 3739 hortis
1075 3691 1266 3740 Silianis
1306 3692 1471 3739 mallet
1631 3699 1679 3747 4-
1708 3690 2006 3755 Compar-ati.
2035 3692 2186 3754 Quasi
2212 3691 2340 3739 dicat
2359 3707 2373 3740 :
2393 3708 2582 3755 semper

446 3780 700 3819 numerato
738 3770 924 3818 solvere
941 3804 956 3827 ‚
992 3771 1204 3833 primurn
1230 3770 1299 3817 nit
1331 3786 1383 3817 se
1406 3786 1469 3817 ex
1557 3769 1684 3817 enim
1723 3770 1894 3817 Siliani
1920 3769 2208 3818 celebriores
2244 3782 2390 3835 atque
2425 3788 2578 3820 amoe-

447 3847 764 3910 vectigalibus
779 3882 795 3907 ‚
822 3848 875 3895 id
896 3858 970 3895 eat
985 3884 1000 3909 ‚
1026 3848 1262 3897 reditibus
1292 3859 1343 3895 et
1364 3850 1468 3896 fru-
1555 3849 1716 3895 niorea
1741 3860 1875 3897 suut.
1901 3850 2047 3899 Mur.

447 3928 609 3977 atibus
627 3925 923 3990 praediornm
936 3942 1133 3975 suorum
1145 3926 1267 3975 nihil
1286 3925 1466 3991 depen·
1627 3928 1673 3975 5.
1692 3928 2015 3992 Τετυφῶσθαι.
2039 3928 2276 3976 Gloriolae
2299 3930 2464 3978 studio
2487 3928 2580 3976 du-

446 4009 560 4056 dere
576 4022 719 4071 poue
733 4040 750 4065 ‚
766 4007 901 4068 quod
920 4006 1105 4054 etiamsi
1125 4007 1183 4053 iis
1203 4016 1465 4055 contentus
1553 4020 1654 4053 eor.
1666 4030 1738 4041 --
1749 4006 1880 4053 Male
1896 4040 1912 4063 ,
1937 4015 1994 4053 nt
2020 4007 2212 4054 videtur
2228 4042 2244 4065 ‚
2262 4008 2459 4070 qnidam
2486 4022 2577 4057 vo·

446 4103 546 4135 esse
562 4095 729 4151 posset
743 4117 758 4145 ,
784 4096 839 4133 ut
858 4084 1032 4133 habeat
1047 4085 1099 4131 in
1116 4094 1363 4149 sumptum
1375 4085 1465 4133 do·
1555 4084 1663 4132 lunt
1680 4086 2015 4149 τιτυφλῶσθαι.
2045 4087 2094 4134 J.
2113 4087 2177 4134 V.
2208 4086 2262 4133 1..
