3019 4681
614 446 1127 540 EPISTOLAE
1176 427 1319 516 ΑΒ·
1356 449 1871 534 ΑΤΤΙΟΠΜ,
1913 449 2146 533 xm,
2194 447 2299 520 13.
2403 447 2542 547 317

417 566 805 640 Dolabellae
859 565 1066 637 valde
1119 565 1570 639 desideranti.
1621 571 1788 641 Non
1845 569 2169 668 reperi0,
2218 569 2430 668 quid3
2473 589 2548 644 et

420 675 631 746 simul
701 668 1031 770 αἰδέομαιἾ
1102 680 1367 770 Τρῶαςε
1432 697 1674 771 neque
1701 729 1721 762 ,
1769 676 1826 746 si
1885 675 2191 772 aliquid,
2237 674 2545 775 potero⁸

419 780 643 877 μέμψιν
668 789 701 837 9
755 777 1093 876 effugere.
1156 783 1301 849 Aut
1349 778 1772 850 cessandum
1815 781 2055 876 igitur,
2107 795 2230 852 aut
2271 782 2546 880 aliquid

419 889 993 988 excogitandum.
1042 886 1181 958 Sed
1228 887 1406 985 quid
1455 887 1608 993 haec
1661 888 1842 960 levia
1888 892 2270 962 curamus?
2313 896 2544 964 Attica

422 1022 617 1087 mea,
658 995 960 1068 obsecro
996 1012 1067 1068 te
1089 1052 1108 1084 ‚
1146 996 1326 1094 quid
1361 996 1554 1094 agit?
1587 1021 1746 1094 quae
1778 1023 1892 1070 me
1919 999 2126 1072 valde
2160 1005 2374 1099 angit.
2405 1003 2546 1075 Sed

419 1107 675 1182 crebro
716 1121 1007 1204 regusto
1046 1121 1205 1180 tuas
1240 1107 1524 1180 literas:
1564 1111 1636 1179 in
1683 1107 1794 1178 his
1832 1111 2230 1208 acquiesco.
2273 1116 2542 1184 Tamen

419 1233 757 1318 exspecto
790 1241 1035 1290 novas.

493 1395 539 1438 7.
564 1372 818 1445 Αἶῦίομαι.
846 1380 922 1427 Ex
948 1379 1163 1428 Homeri
1196 1377 1337 1428 nied.
1366 1381 1405 1427 Z
1423 1413 1439 1440 ,
1605 1381 1654 1428 8.
1677 1379 1762 1428 Al.
1791 1380 1876 1446 qui
1891 1393 2080 1446 potero.
2104 1384 2154 1430 J.
2172 1384 2235 1430 V.
2257 1383 2312 1430 1..

424 1459 541 1516 442.
560 1457 687 1505 vide
711 1457 798 1506 lib.
832 1460 913 1521 11,
937 1457 1077 1522 epist.
1107 1459 1159 1508 5.
1601 1474 1651 1520 9.
1680 1454 1891 1526 Μέμψιν.
1917 1460 2374 1526 Reprehemionem.

418 1609 2548 1634 mmmmmmmmmmm

1032 1761 1647 1841 EPISTOLA
1700 1764 1928 1842 xlv,
1998 1874 2012 1884 .

418 1929 634 1990 Scribit
654 1951 715 1990 se
742 1931 965 1990 Brinnii
985 1929 1258 1990 libertum
1282 1930 1442 1989 nolle
1466 1930 1543 1989 ad
1563 1951 1626 1990 se
1651 1931 1866 1990 venire.
1916 1933 2100 2006 Petit,
2127 1945 2194 1992 ut
2221 1933 2446 1992 Atticus
2473 1935 2547 1994 de

496 2033 675 2087 Bruto
694 2032 1007 2097 etCaesare,
1026 2049 1156 2107 quae
1184 2028 1461 2100 rescierit,
1488 2027 1732 2100 scribat,
1759 2043 1818 2087 et
1836 2029 1910 2088 de
1939 2028 2101 2088 libris
2127 2030 2201 2089 ad
2223 2035 2546 2090 Varronem

496 2123 787 2185 mittendis
816 2125 1159 2184 consideret.
1178 2125 1283 2204 (In
1297 2124 1593 2204 Arpinati,
1611 2143 1766 2225 anno
1779 2130 1851 2186 U.
1869 2129 1939 2186 C.
1964 2126 2097 2200 708,
2118 2145 2314 2216 mense
2335 2126 2548 2206 quint.)

1094 2281 1407 2348 CICERO
1458 2281 1766 2349 ATTICO
1809 2283 1871 2349 S.

516 2432 803 2497 Bnumn
852 2422 1191 2509 libertuS‚
1249 2421 1548 2494 coheres
1599 2437 1882 2513 noster,
1932 2427 2218 2523 scripsit
2259 2426 2350 2497 ad
2389 2450 2547 2516 me,

420 2535 600 2606 velle
620 2590 640 2624 ‚
678 2536 734 2605 si
768 2532 945 2604 mihi
979 2534 1296 2631 placeret
1316 2588 1337 2620 ‚
1382 2529 1810 2624 coheredes,
1842 2558 1918 2607 se
1948 2549 2022 2605 et
2053 2533 2402 2607 Sabinum
2434 2537 2551 2609 Al·

418 2644 621 2718 bium
659 2643 749 2716 ad
774 2668 891 2715 rne
916 2646 1185 2717 venire.
1213 2641 1295 2713 Id
1324 2666 1459 2739 ego
1488 2642 1703 2741 plane
1731 2643 1904 2715 nolo
1931 2671 1946 2715 ε
1982 2644 2342 2717 hereditas
2367 2654 2548 2718 tanti

418 2782 566 2828 non
612 2770 744 2827 est.
783 2760 871 2826 Et
911 2769 1153 2826 tamen
1197 2751 1403 2825 obire
1448 2755 1801 2825 auctionis
1854 2754 2042 2827 diem
2091 2754 2295 2828 facile
2336 2772 2545 2854 pote-

418 2870 593 2937 runt
634 2866 791 2962 (est
830 2868 1025 2937 enim
1066 2890 1149 2935 111
1189 2862 1369 2958 id.),
1404 2864 1466 2934 si
1502 2888 1620 2935 me
1656 2865 1728 2933 in
1761 2864 2168 2937 Tusculano
2203 2867 2549 2965 postridie

422 3000 651 3046 nonas
683 2998 895 3069 mane
932 2974 1426 3046 convenerint.
1471 2972 1690 3064 Quod
1727 2974 1785 3044 si
1825 2974 2052 3046 laxius
2090 2974 2335 3047 volent
2378 3002 2548 3075 pro-

423 3082 611 3156 ferre
638 3084 864 3171 diem,
893 3098 1240 3181 poterunt
1267 3084 1379 3155 vel
1410 3082 1714 3155 biduum
1736 3137 1757 3169 ‚
1793 3084 1906 3155 vel
1935 3084 2285 3173 triduum,
2319 3086 2434 3156 vel
2469 3102 2554 3157 ut
2627 3166 2635 3174 ⁸

422 3195 829 3266 videbitur:
867 3194 1053 3265 nihil
1091 3197 1284 3265 enim
1330 3194 1650 3265 interest.
1695 3197 1936 3284 Quare
1957 3246 1978 3277 ‚
2025 3194 2159 3264 nisi
2199 3194 2346 3287 jam
2389 3220 2555 3292 pro-

421 3300 585 3376 fecti
616 3318 817 3390 sunt,
852 3300 1197 3375 retinebis
1237 3302 1592 3373 homines.
1639 3305 1748 3373 De
1780 3308 2038 3391 Bruto,
2073 3306 2130 3373 si
2167 3302 2342 3400 quid
2381 3305 2551 3393 erit;

422 3412 513 3482 ‹le
532 3416 804 3484 Caesare
822 3468 841 3501 ‚
866 3415 923 3483 si
949 3412 1129 3510 quid
1156 3414 1371 3502 scies3
1400 3414 1461 3484 si
1487 3411 1664 3509 quid
1694 3413 1830 3483 erit
1857 3426 2232 3509 praeterea,
2261 3412 2550 3486 scribes.

424 3522 611 3593 Illud
654 3512 867 3595 etiam
906 3538 1122 3622 atque
1169 3526 1385 3595 etiam
1430 3520 1841 3593 consideres
1887 3522 2100 3594 velim
2121 3576 2140 3610 ,
2176 3521 2548 3621 placeatne

424 3630 554 3702 tibi
604 3636 793 3703 mitti
841 3633 933 3704 ad
974 3637 1377 3705 Varronem
1415 3630 1616 3730 quod
1659 3632 2089 3729 scripsimus.
2141 3634 2293 3703 Etsi
2333 3635 2548 3707 etiam

423 3740 513 3813 ad
556 3754 628 3813 'te
670 3740 944 3839 aliquid
987 3744 1353 3843 pertinet:
1401 3764 1570 3811 nam
1614 3742 1829 3829 scito,
1867 3756 1940 3817 te
1983 3746 2048 3813 ei
2090 3740 2370 3841 dialogo
2415 3744 2546 3815 ad·-

420 3851 753 3943 junctum
803 3875 957 3923 esse
1005 3854 1319 3923 tertium.
1367 3852 1650 3949 Opinor
1698 3851 1940 3948 igitur,
1992 3854 2543 3926 consideremus

424 3960 576 4029 Etsi
610 3962 903 4033 nomina
942 3962 1089 4059 jam
1130 3959 1313 4035 facta
1344 3976 1540 4033 sunt.
1581 3960 1722 4034 Sed
1766 3962 1880 4035 vel
1918 3963 2198 4054 induci,
2239 3966 2358 4037 vel
2393 3958 2572 4036 mu?

431 4071 563 4139 tari
604 4088 928 4168 possunt.
