3019 4681
657 348 1202 419 EPISTOLAE
1248 352 1384 419 AD
1430 351 1520 440 Q.
1574 340 2089 437 FRATREM,
2131 356 2202 439 I,
2242 376 2305 421 2.
2418 348 2557 426 555

435 472 634 543 enim
663 472 849 559 scio,
894 482 964 541 te
995 468 1246 543 fecisse
1279 496 1444 543 cum
1485 496 1717 544 causa.
1778 472 1917 545 Sed
1966 472 2145 571 quid
2190 496 2375 575 opus
2424 460 2568 549 suit

433 578 792 676 ejusmodi
837 579 1092 667 literiS‚
1145 604 1322 676 quas
1365 581 1454 653 ad
1497 582 1739 681 ipsuin
1782 584 2033 654 misisti
2070 582 2101 651 Ρ
2144 583 2348 657 iilum
2398 610 2563 658 cru·

434 715 592 762 cem
638 689 778 761 sibi
817 690 1058 788 ipsum
1103 691 1584 780 constituere,
1622 712 1722 763 ex‘
1748 718 1894 791 qua
1926 706 2007 763 tu
2040 716 2206 764 eum
2241 709 2407 766 ante
2439 695 2565 768 de-

431 802 816 883 traxisses3
877 813 952 869 te
1006 814 1422 873 curaturum
1443 857 1461 890 ,
1501 800 1707 873 fumo
1734 799 1795 847 ¹⁶
1834 818 1923 874 ut
1962 803 2521 877 combureretur
2546 862 2567 895 ,

431 908 822 1008 plaudente
869 921 1022 980 tota
1059 912 1458 1009 provincia.
1509 911 1705 1005 Quid
1750 936 1926 983 vero
1970 911 2061 983 ad
2096 916 2179 984 C.
2228 913 2567 1003 Fabium,

431 1022 678 1091 nescio
704 1042 926 1117 quem
957 1018 1171 1115 (nam
1200 1015 1356 1093 eam
1391 1046 1693 1120 quoque
1714 1022 2087 1119 epistolam
2116 1028 2192 1094 T.
2230 1026 2569 1096 Catienus

427 1129 1024 1227 circumgestat),
1073 1134 1474 1203 renuntiari
1523 1132 1658 1204 tibi
1675 1188 1694 1219 ‚
1746 1133 2103 1205 Licinium
2142 1132 2569 1231 plagiarium

429 1262 598 1309 cum
625 1264 761 1312 suo
801 1243 1004 1339 pullo
1037 1241 1340 1313 milvino
1373 1252 1436 1299 ¹⁷
1473 1241 1749 1314 tributa
1779 1242 2107 1340 exigere?
2139 1242 2421 1315 Deinde
2450 1266 2569 1315 ro-

427 1372 552 1445 gas
590 1348 933 1441 Fabium,
985 1367 1070 1425 ut
1105 1364 1180 1423 et
1211 1366 1491 1449 patrem
1532 1368 1607 1423 et
1640 1352 1873 1424 filium
1911 1354 2111 1424 vivos
2146 1351 2569 1441 comburat,

424 1458 486 1529 si
511 1460 782 1556 possit3
817 1466 928 1533 sin
961 1465 1240 1547 mium,
1283 1460 1374 1533 ad
1402 1476 1478 1534 te
1507 1465 1784 1550 mittat,
1820 1466 1929 1533 uti
1963 1461 2236 1559 judicio
2269 1462 2573 1533 combu-

423 1584 702 1643 rantur.
742 1576 865 1643 Hae
906 1572 1128 1646 literae
1164 1570 1294 1645 abs
1329 1588 1404 1644 te
1441 1596 1575 1671 per
1620 1573 1871 1669 jocum
1908 1573 2139 1643 missae
2170 1570 2263 1643 ad
2308 1579 2387 1645 C.
2440 1579 2569 1643 Fa-

421 1677 630 1751 bium
653 1734 673 1769 ‚
708 1686 769 1753 si
799 1682 1022 1755 modo
1057 1698 1230 1755 sunt
1263 1697 1438 1769 tuae,
1475 1694 1705 1780 quum
1737 1683 2108 1780 leguntur,
2139 1683 2566 1753 invidiosam

417 1794 868 1865 atrocitatem
891 1794 1284 1866 verborum
1308 1792 1607 1865 habent.
1632 1796 1737 1865 Ac
1752 1849 1771 1883 ‚
1807 1796 1865 1865 si
1886 1792 2213 1863 omnium
2238 1812 2564 1865 mearum
2634 1782 2641 1788 ⁹

419 1900 792 1973 literarum
829 1918 1188 2003 praecepta
1247 1917 1576 2001 repetes3
1635 1902 1993 1999 intelliges
2027 1955 2047 1990 ‚
2104 1900 2287 1972 nihil
2328 1925 2483 1973 esse
2522 1924 2565 1972 a

419 2034 538 2080 me
567 2064 589 2099 ,
626 2012 766 2083 nisi
801 2015 1146 2085 orationis
1180 2012 1645 2085 acerbitatem
1684 2027 1758 2084 et
1796 2011 2237 2085 iracundiam
2269 2066 2291 2101 ,
2342 2026 2417 2082 et
2439 2064 2460 2099 ‚
2498 2017 2560 2083 si

415 2116 608 2190 forte
630 2173 650 2207 ,
698 2142 868 2192 raro
907 2122 1274 2195 literarum
1326 2126 1708 2193 missarum
1750 2120 2269 2219 indiligentiam
2304 2142 2554 2220 repre·-

417 2227 744 2301 hensam.
783 2230 1068 2323 Quibus
1095 2231 1390 2330 quidem
1417 2235 1494 2303 in
1528 2230 1751 2303 rebus
1788 2232 1851 2303 si
1888 2231 2079 2329 apud
2117 2246 2187 2301 te
2224 2231 2389 2330 plus
2425 2256 2554 2303 au·

415 2340 712 2411 ctoritas
727 2365 927 2429 mea,
963 2365 1179 2440 quam
1211 2357 1330 2414 tua
1349 2344 1500 2414 sive
1529 2357 1788 2413 natura
1818 2340 2064 2439 paullo
2100 2345 2331 2413 acrior
2352 2399 2371 2431 ,
2406 2345 2553 2414 sive

415 2447 746 2546 quaedam
775 2450 1088 2524 dulcedo
1135 2452 1561 2542 iracundiae,
1604 2453 1755 2524 sive
1788 2451 2075 2525 dicendi
2110 2451 2213 2524 sal
2248 2451 2554 2526 facetiae·

417 2582 564 2655 que
587 2613 608 2646 ‚
651 2557 1110 2651 valuissetffi,
1149 2561 1330 2633 nihil
1367 2586 1541 2634 sane
1580 2577 1802 2652 esset,
1846 2561 2047 2659 quod
2083 2583 2221 2634 nos
2250 2566 2555 2660 poenite·

415 2683 548 2740 ret.
607 2673 696 2740 Et
741 2671 1085 2744 mediocri
1123 2697 1240 2744 me
1286 2671 1539 2745 dolore
1596 2687 1809 2772 putas
1847 2671 2083 2760 affici,
2148 2695 2381 2769 quum
2422 2695 2554 2742 au-

415 2777 643 2868 diam,
703 2802 850 2877 qua
889 2783 980 2852 sit
1013 2784 1534 2854 existimatione
1565 2783 1905 2880 Virgilius
1928 2792 1993 2840 ¹9
2014 2837 2033 2868 ‚
2068 2805 2214 2879 qua
2251 2796 2419 2852 tuus
2448 2783 2553 2850 vi-

413 2890 620 2962 cinus
652 2889 816 2961 0⁵⁰
851 2891 1244 2964 Octavius?
1279 2895 1460 2963 Nam
1497 2895 1557 2961 si
1592 2893 1663 2962 te
1706 2889 2175 2963 interioribus
2212 2891 2545 2960 vicinis2¹

411 3002 594 3086 tui5‚
629 3001 998 3073 Ciliciensi
1047 3018 1120 3073 et
1155 3005 1444 3098 Syriaco
1485 3002 1869 3098 anteponis
1888 3056 1911 3089 ‚
1953 2997 2157 3071 valde
2200 3023 2545 3096 magnum

411 3107 602 3182 sacis.
639 3115 878 3209 Atque
911 3115 972 3183 is
1003 3111 1215 3183 dolor
1243 3125 1386 3196 est,
1431 3109 1633 3208 quod
1681 3134 1914 3208 quum
1941 3110 2039 3197 ii,
2078 3132 2267 3206 quos
2308 3109 2546 3194 nonii-

411 3223 612 3309 uavi,
649 3235 723 3293 te
754 3221 1168 3294 innocentia
1209 3245 1361 3292 non
1393 3223 1722 3307 vincant,
1756 3221 2061 3290 vincunt
2096 3232 2341 3287 tamen
2368 3218 2543 3287 arti-

484 3437 570 3486 16.
611 3439 780 3486 Fumo.
821 3440 918 3486 Pro
943 3436 1096 3502 fumo
1135 3439 1347 3503 placeret
1383 3439 1426 3488 ai
1512 3437 1769 3486 Pandectia
1784 3437 2086 3486 Callistratus
2105 3445 2155 3484 et
2176 3435 2431 3500 mptum.
2445 3437 2537 3484 Bo.

405 3513 844 3580 legerent-,summ
867 3519 1107 3566 Unuca.
1588 3519 1671 3565 18.
1694 3514 1775 3564 Al.
1798 3515 2085 3564 valuissent.
2110 3517 2161 3565 J.
2177 3516 2242 3562 V.
2264 3516 2325 3563 1..

481 3609 562 3656 ¹7·
598 3593 1051 3645 Milvino..Videtur
1077 3595 1223 3644 suisne
1251 3595 1427 3644 Licinii
1591 3611 1670 3660 ¹9·
1710 3595 1951 3661 Virgilius.
1978 3595 2109 3643 Vide
2141 3596 2412 3644 orationem
2441 3609 2537 3658 pro

401 3673 648 3731 servulus,
683 3685 768 3723 aut
805 3683 936 3722 certe
966 3690 1130 3722 come·
1159 3675 1212 3722 in
1241 3675 1426 3740 rapinis
1511 3675 1729 3728 Plancio.

401 3751 498 3800 hoo
517 3753 734 3800 nomine.
751 3753 1422 3820 Addit,Pu110‚periocum‚
1583 3769 1671 3802 ao.
1698 3754 1783 3802 Al.
1810 3752 1899 3800 Cn.
1922 3753 1973 3801 1.
1988 3753 2057 3803 V.
2084 3755 2139 3803 1..

399 3831 466 3878 ad
489 3833 801 3895 rapacitatem
819 3832 1128 3882 indicandam
1147 3869 1162 3894 ‚
1186 3834 1302 3897 quia
1317 3834 1426 3882 nil-
1582 3849 1668 3882 ax.
1694 3831 2008 3880 Inoen‘oribus
2020 3831 2210 3882 vicinis.
2236 3830 2407 3897 Quiin
2424 3833 2531 3897 ipa·

399 3911 468 3957 vii
493 3925 708 3974 rapaces.
735 3911 882 3960 Mur.
909 3937 980 3948 -—
1015 3912 1238 3976 Plagiarii
1259 3923 1422 3961 autem
1509 3914 1627 3961 Aaia
1652 3923 1767 3960 aunt
1780 3946 1796 3972 ,
1830 3922 1879 3960 et
1906 3911 2115 3977 aliquam
2139 3913 2407 3978 provincie
2433 3924 2531 3961 tue

399 3987 688 4037 dicebantur
707 3988 996 4052 quiana-vum
1013 3991 1313 4049 furabantur,
1339 4002 1424 4039 aut
1511 4001 1731 4055 partem,
1774 4006 1801 4037 a
1842 4000 1891 4038 te
1926 3990 2287 4051 dmi-adm,
2322 3991 2533 4041 admini-

399 4067 606 4114 libemm
631 4083 726 4131 pro
749 4083 892 4116 nervo
929 4068 1218 4118 vendebat.
1238 4069 1420 4119 vatin
1511 4079 1681 4120 strant.
1714 4071 1861 4118 Mur.
