3019 4681
623 383 1163 453 EPISTOLAE
1212 386 1413 454 CIC.
1468 386 1599 455 ET
1648 385 2022 471 BRUTI,
2069 385 2174 457 16.
2323 384 2468 461 685

330 504 593 603 pressis
613 558 635 592 ‚
679 528 959 593 vereor,
994 529 1089 575 ue
1124 507 1200 577 in
1242 503 1467 579 breve
1505 520 1796 605 tempus
1838 506 2054 579 dilata
2089 510 2181 581 sit
2219 508 2352 583 abs
2394 526 2468 585 te

330 613 767 713 pernicies),
814 616 944 713 qui
992 629 1201 714 potes
1245 620 1514 689 intueri
1563 642 1730 714 quae,
1764 620 2108 713 gesseris‚·
2141 620 2356 691 simul
2397 635 2474 693 et

330 728 465 797 ista
510 725 625 797 vel
678 723 1025 824 probare,
1076 727 1191 797 vel
1246 728 1345 797 ita
1399 726 1708 799 demisse
1757 751 1840 797 ac
1883 724 2090 799 facile
2132 731 2322 825 pati,
2388 746 2476 805 ut

332 833 710 933 probantis
773 837 1087 932 speciem
1139 833 1453 909 habeas?
1519 836 1739 927 Quod
1808 851 2046 908 autem
2113 837 2246 909 fibi
2301 864 2468 913 cum

331 946 655 1017 Antonio
716 947 1075 1043 privatum
1132 945 1424 1019 odium?
1488 951 1770 1046 Nempe
1833 949 2002 1045 quia
2059 949 2474 1045 postulabat

331 1054 517 1145 haec,
562 1055 863 1128 salutem
914 1056 1006 1128 ab
1044 1082 1119 1129 se
1156 1061 1351 1154 peti;
1405 1060 1801 1155 precariam
1845 1083 1980 1129 nos
2014 1057 2472 1133 incolumita-

330 1180 483 1237 tem
512 1165 819 1253 habere‚
850 1191 890 1237 a
913 1164 1179 1264 quibus
1212 1168 1367 1265 ipse
1404 1165 1806 1239 libertatem
1845 1166 2274 1264 accepisset;
2319 1192 2476 1241 esse

332 1275 713 1349 arbitrium
762 1300 975 1349 suum
1021 1276 1112 1348 de
1174 1277 1572 1376 republica.
1630 1275 2035 1369 Quaerenda
2077 1302 2232 1351 esse
2275 1302 2476 1351 arma

332 1390 639 1483 putasti,
680 1380 953 1483 quibus
988 1388 1349 1459 dominari
1379 1386 1894 1487 prohiberetur
1941 1414 1959 1457 ε
1997 1389 2311 1477 scilicet,
2355 1404 2478 1477 ut,

330 1496 460 1568 illo
501 1496 875 1596 prohibito
897 1552 919 1587 ‚
949 1524 1369 1597 rogaremus
1404 1498 1748 1587 alterum,
1783 1500 1912 1597 qui
1947 1524 2024 1571 se
2056 1502 2130 1571 in
2169 1501 2325 1596 ejus
2363 1500 2472 1573 lo·

332 1632 499 1679 cum
543 1610 802 1708 reponi
841 1624 1232 1708 pateretur,
1275 1635 1367 1681 an
1404 1623 1489 1680 ut
1534 1623 1721 1681 esset
1762 1612 1874 1681 sui
1903 1610 2092 1705 juris
2139 1634 2222 1682 ac
2264 1635 2470 1681 man·-

331 1717 502 1815 cipii
540 1716 991 1816 respublica?
1024 1720 1175 1791 Nisi
1212 1717 1399 1791 forte
1436 1744 1586 1790 non
1631 1717 1722 1791 de
1765 1722 2110 1791 servitute
2137 1772 2158 1806 ,
2213 1718 2338 1791 sed
2377 1719 2472 1795 de

330 1826 748 1900 conditione
774 1829 1131 1901 serviendi
1166 1844 1580 1901 recusatum
1604 1844 1713 1901 est
1739 1853 1782 1900 a
1807 1827 2038 1900 nobis.
2069 1830 2284 1927 Atqui
2319 1839 2470 1903 non

330 1936 569 2009 solum
613 1937 814 2009 bono
850 1936 1155 2011 domino
1202 1940 1574 2036 potuimus
1609 1940 1933 2010 Antonio
1984 1939 2293 2011 tolerare
2336 1965 2472 2011 no-

332 2060 551 2117 stram
582 2045 949 2119 fortunam
968 2102 987 2133 ‚
1009 2049 1137 2120 sed
1161 2050 1375 2121 etiam
1401 2048 1774 2122 beneficiis
1795 2062 2014 2147 atque
2042 2048 2474 2137 honoribus,

330 2170 415 2227 ut
452 2159 869 2255 participes,
922 2156 1095 2248 frui,
1137 2160 1427 2256 quantis
1458 2159 1830 2231 vellemus.
1883 2159 2078 2251 Quid
2115 2160 2308 2230 enim
2341 2183 2473 2231 ne-

331 2264 500 2366 get⁵
556 2268 669 2356 iis,
720 2293 1035 2366 quorum
1076 2270 1493 2369 patientiam
1547 2270 1822 2342 videret
1873 2270 2270 2339 maximum
2326 2292 2478 2342 suae

330 2377 843 2451 dominationis
876 2379 1283 2476 praesidium
1315 2380 1678 2452 essePSed
1697 2380 1880 2451 nihil
1901 2381 2083 2452 tanti
2111 2378 2286 2468 fuit,
2319 2405 2472 2478 quo

330 2488 811 2562 venderemus
866 2489 1085 2560 fidem
1138 2505 1494 2580 nostram,
1535 2505 1609 2563 et
1657 2489 2088 2563 libertatem.
2145 2492 2276 2562 Hic
2317 2493 2474 2590 ipse

332 2621 519 2695 puer
534 2594 592 2684 ⁶,
643 2623 863 2695 quem
902 2601 1196 2671 Caesaris
1242 2625 1518 2672 nomen
1559 2601 1855 2672 incitare
1891 2599 2180 2673 videtur
2209 2603 2284 2672 in
2319 2606 2470 2673 Cae-

333 2708 509 2778 saris
548 2705 1043 2781 interfectores
1064 2764 1087 2798 ‚
1137 2712 1391 2808 quanti
1432 2711 1736 2788 aestimet
1771 2712 1872 2808 (si
1909 2712 2000 2783 sit
2035 2712 2472 2784 commercio

331 2815 578 2912 locus)
604 2829 839 2913 posse,
868 2818 1081 2890 nobis
1100 2819 1554 2910 δυοῖσι-ὤας,
1579 2836 1896 2906 tantum,
1919 2837 2278 2918 quantum
2307 2845 2474 2920 pro-

333 2925 527 2999 fecto
560 2929 829 3024 poterit
847 2981 867 3016 ‚
898 2931 1245 3026 quoniam
1276 2932 1519 3002 vivere
1537 2985 1556 3019 ,
1587 2946 1661 3001 et
1690 2933 2033 3030 pecunias
2064 2930 2336 3004 habere
2356 2987 2375 3018 ‚
2401 2946 2477 3004 et

334 3036 477 3108 dici
526 3035 938 3110 consulares
988 3038 1363 3111 volumus?
1421 3042 1758 3111 Ceterum
1803 3039 2296 3137 nequidquam
2340 3063 2468 3137 pe-

330 3148 533 3219 rierit
560 3147 717 3236 ille3
743 3147 951 3244 cujus
977 3151 1277 3220 interitu
1304 3149 1477 3246 quid
1516 3149 1732 3246 gavisi
1761 3173 2044 3232 summ,
2085 3151 2142 3220 si
2179 3163 2474 3220 mortuo

333 3257 566 3328 nihilo
620 3261 862 3330 minus
913 3259 1246 3330 servituri
1288 3261 1628 3330 eramus?
1680 3259 1878 3330 nulla
1913 3283 2082 3330 cura
2132 3256 2226 3328 ab
2273 3256 2471 3330 aliis⁷

332 3367 765 3440 adhibeatur
790 3362 863 3439 ⁸:
899 3367 1025 3440 sed
1073 3368 1251 3439 mihi
1292 3370 1493 3467 prius
1536 3371 1776 3440 omnia
1825 3367 1924 3438 dii
1979 3365 2278 3464 deaeque
2333 3369 2474 3438 eri·

406 3553 455 3601 5.
490 3553 623 3616 Quid
646 3553 773 3601 enim
806 3565 967 3620 neget.
1000 3555 1190 3602 Ernest-
1236 3553 1357 3601 scri-
1520 3570 1546 3614 7
1561 3587 1576 3602 .
1601 3551 1685 3600 Sic
1718 3551 1832 3601 edd.
1859 3569 1940 3618 pr.
1959 3548 2114 3602 Multi
2140 3553 2206 3600 ab
2225 3551 2338 3600 aliis
2359 3563 2476 3616 post

332 3632 562 3681 bendum.
570 3643 712 3697 putat
736 3644 970 3698 negaret,
998 3633 1113 3698 quia
1137 3633 1359 3696 sequitur
1449 3631 1674 3679 omi-ere.
1692 3634 1726 3680 J
1728 3666 1742 3680 .
1764 3632 1832 3679 V.
1852 3635 1907 3680 L.

330 3711 539 3760 videret.
566 3714 600 3760 J
604 3747 615 3760 .
639 3711 704 3760 V.
739 3713 795 3762 1..
1521 3712 1569 3760 8.
1589 3707 1920 3760 Adhibentur.
1947 3714 2066 3761 Hac
2090 3710 2160 3760 sic
2179 3709 2397 3775 accipio,
2415 3721 2474 3759 ut

404 3793 454 3843 6.
492 3795 641 3842 Puer.
683 3793 843 3842 Nobis
878 3804 1005 3841 esset
1030 3793 1119 3842 illo
1156 3792 1361 3842 domino
1448 3789 1514 3840 sit
1527 3789 1780 3838 concessio
1798 3789 2019 3854 quedam
2039 3787 2360 3848 stomacho-a,
2373 3787 2472 3836 hoc

333 3871 691 3938 perhonorifice
720 3872 964 3922 serviendi
998 3872 1236 3922 conditio.
1256 3877 1359 3920 Ve-
1446 3869 1599 3919 modo
1623 3886 1638 3918 ε
1662 3891 1684 3913 ι
1707 3871 1933 3927 Faciant,
1965 3868 2104 3933 quod
2129 3867 2299 3917 volent
2315 3902 2331 3928 ,
2357 3867 2473 3926 alii,

334 3966 441 3998 rum
466 3967 569 3998 non
590 3948 652 3997 de
673 3949 916 3998 serviendi
936 3951 1223 4001 conditione
1251 3953 1353 4016 agi·
1444 3951 1630 3998 nullam
1664 3965 1828 3997 curam
1858 3947 2154 4008 adhibeant3
2175 3959 2226 3996 et
2255 3948 2464 3996 servitu-

334 4047 441 4078 mus
468 4044 483 4078 ε
512 4030 669 4094 ipsam
693 4029 971 4079 servitutem
986 4065 1003 4092 ,
1040 4047 1359 4096 quet-umque
1446 4041 1545 4079 t·-
1564 4045 1707 4094 oequo
1733 4027 1897 4076 animo
1923 4031 2184 4094 patiantur.
2205 4026 2334 4076 Mihi
2353 4039 2472 4073 vero

338 4110 403 4158 sit
422 4146 436 4170 ‚
463 4109 689 4170 odimus,
714 4126 769 4157 ae
795 4109 1107 4160 detestamur.
1138 4113 1286 4160 Mau.
1446 4109 1586 4172 prius
1604 4106 1792 4163 omnia,
1811 4117 1904 4154 etc.
1937 4128 1960 4149 ι
1995 4109 2158 4158 mun.
