<?xml version="1.0" encoding="UTF-8"?>
<!DOCTYPE html PUBLIC "-//W3C//DTD XHTML 1.0 Transitional//EN"
    "http://www.w3.org/TR/xhtml1/DTD/xhtml1-transitional.dtd">
<html xmlns="http://www.w3.org/1999/xhtml" xml:lang="en" lang="en">
 <head>
  <title>
</title>
<meta http-equiv="Content-Type" content="text/html;charset=utf-8" />
  <meta name='ocr-system' content='tesseract 3.04.00' />
  <meta name='ocr-capabilities' content='ocr_page ocr_carea ocr_par ocr_line ocrx_word'/>
</head>
<body>
  <div class='ocr_page' id='page_1' title='image "./mtciceronisquae04lemagoog_0662.png"; bbox 0 0 3019 4681; ppageno 0'>
   <div class='ocr_carea' id='block_1_1' title="bbox 511 335 2325 449">
    <p class='ocr_par' dir='ltr' id='par_1_1' title="bbox 511 335 2325 449">
     <span class='ocr_line' id='line_1_1' title="bbox 511 335 2325 449; baseline -0.003 -13"><span class='ocrx_word' id='word_1_1' title='bbox 511 362 658 436; x_wconf 74' lang='lat'><strong>656</strong></span> <span class='ocrx_word' id='word_1_2' title='bbox 817 363 1374 434; x_wconf 82' lang='lat' dir='ltr'><strong>EPISTOLAE</strong></span> <span class='ocrx_word' id='word_1_3' title='bbox 1423 335 1613 432; x_wconf 66' lang='lat' dir='ltr'><strong>cic.</strong></span> <span class='ocrx_word' id='word_1_4' title='bbox 1662 363 1790 432; x_wconf 87' lang='lat' dir='ltr'><strong>ET</strong></span> <span class='ocrx_word' id='word_1_5' title='bbox 1836 361 2204 449; x_wconf 77' lang='lat' dir='ltr'><strong>BRUTI,</strong></span> <span class='ocrx_word' id='word_1_6' title='bbox 2258 361 2325 433; x_wconf 79' lang='lat'><strong>3.</strong></span> 
     </span>
    </p>
   </div>
   <div class='ocr_carea' id='block_1_2' title="bbox 507 483 2657 1574">
    <p class='ocr_par' dir='ltr' id='par_1_2' title="bbox 507 483 2657 1574">
     <span class='ocr_line' id='line_1_2' title="bbox 513 483 2653 585; baseline -0.003 -25"><span class='ocrx_word' id='word_1_7' title='bbox 513 511 746 585; x_wconf 87' lang='lat' dir='ltr'><strong>quum</strong></span> <span class='ocrx_word' id='word_1_8' title='bbox 780 487 1028 584; x_wconf 90' lang='lat' dir='ltr'><strong>paucis</strong></span> <span class='ocrx_word' id='word_1_9' title='bbox 1049 483 1318 560; x_wconf 83' lang='lat' dir='ltr'><strong>diebus</strong></span> <span class='ocrx_word' id='word_1_10' title='bbox 1351 507 1619 582; x_wconf 87' lang='lat' dir='ltr'><strong>magno</strong></span> <span class='ocrx_word' id='word_1_11' title='bbox 1653 483 1899 581; x_wconf 81' lang='lat' dir='ltr'><strong>praelio</strong></span> <span class='ocrx_word' id='word_1_12' title='bbox 1926 498 2095 556; x_wconf 87' lang='lat' dir='ltr'><strong>ante</strong></span> <span class='ocrx_word' id='word_1_13' title='bbox 2129 486 2434 556; x_wconf 81' lang='lat' dir='ltr'><strong>vicisset.</strong></span> <span class='ocrx_word' id='word_1_14' title='bbox 2464 485 2653 556; x_wconf 85' lang='lat' dir='ltr'><strong>Nam</strong></span> 
     </span>
     <span class='ocr_line' id='line_1_3' title="bbox 511 594 2653 694; baseline -0.002 -24"><span class='ocrx_word' id='word_1_15' title='bbox 511 603 740 670; x_wconf 87' lang='lat' dir='ltr'><strong>Pansa</strong></span> <span class='ocrx_word' id='word_1_16' title='bbox 788 594 1068 694; x_wconf 80' lang='lat' dir='ltr'><strong>fugerat</strong></span> <span class='ocrx_word' id='word_1_17' title='bbox 1087 650 1108 684; x_wconf 91' lang='lat'>‚</span> <span class='ocrx_word' id='word_1_18' title='bbox 1155 594 1579 667; x_wconf 79' lang='lat' dir='ltr'><strong>vulneribus</strong></span> <span class='ocrx_word' id='word_1_19' title='bbox 1631 596 1943 693; x_wconf 89' lang='lat' dir='ltr'><strong>acceptis</strong></span> <span class='ocrx_word' id='word_1_20' title='bbox 1965 649 1986 683; x_wconf 95' lang='lat'><strong>,</strong></span> <span class='ocrx_word' id='word_1_21' title='bbox 2042 619 2205 693; x_wconf 85' lang='lat' dir='ltr'><strong>quae</strong></span> <span class='ocrx_word' id='word_1_22' title='bbox 2253 594 2443 667; x_wconf 85' lang='lat' dir='ltr'><strong>ferre</strong></span> <span class='ocrx_word' id='word_1_23' title='bbox 2490 620 2653 666; x_wconf 89' lang='lat' dir='ltr'><strong>non</strong></span> 
     </span>
     <span class='ocr_line' id='line_1_4' title="bbox 509 705 2655 807; baseline -0.003 -27"><span class='ocrx_word' id='word_1_24' title='bbox 509 709 769 807; x_wconf 86' lang='lat' dir='ltr'><strong>potuit.</strong></span> <span class='ocrx_word' id='word_1_25' title='bbox 813 705 1177 803; x_wconf 81' lang='lat' dir='ltr'><strong>Reliquias</strong></span> <span class='ocrx_word' id='word_1_26' title='bbox 1213 705 1535 777; x_wconf 86' lang='lat' dir='ltr'><strong>hostium</strong></span> <span class='ocrx_word' id='word_1_27' title='bbox 1578 708 1843 776; x_wconf 84' lang='lat' dir='ltr'><strong>Brutus</strong></span> <span class='ocrx_word' id='word_1_28' title='bbox 1886 705 2369 802; x_wconf 79' lang='lat' dir='ltr'><strong>persequitur,</strong></span> <span class='ocrx_word' id='word_1_29' title='bbox 2397 719 2472 777; x_wconf 91' lang='lat' dir='ltr'><strong>et</strong></span> <span class='ocrx_word' id='word_1_30' title='bbox 2498 707 2655 775; x_wconf 84' lang='lat' dir='ltr'><strong>Cae-</strong></span> 
     </span>
     <span class='ocr_line' id='line_1_5' title="bbox 509 814 2653 911; baseline -0.002 -23"><span class='ocrx_word' id='word_1_31' title='bbox 509 841 645 888; x_wconf 87' lang='lat' dir='ltr'><strong>sar.</strong></span> <span class='ocrx_word' id='word_1_32' title='bbox 702 820 961 888; x_wconf 87' lang='lat' dir='ltr'><strong>Hostes</strong></span> <span class='ocrx_word' id='word_1_33' title='bbox 1024 828 1268 886; x_wconf 87' lang='lat' dir='ltr'><strong>autem</strong></span> <span class='ocrx_word' id='word_1_34' title='bbox 1331 838 1587 886; x_wconf 86' lang='lat' dir='ltr'><strong>omnes</strong></span> <span class='ocrx_word' id='word_1_35' title='bbox 1644 814 1947 910; x_wconf 84' lang='lat' dir='ltr'><strong>judic-ati</strong></span> <span class='ocrx_word' id='word_1_36' title='bbox 1966 868 1987 902; x_wconf 91' lang='lat'>‚</span> <span class='ocrx_word' id='word_1_37' title='bbox 2043 816 2174 911; x_wconf 89' lang='lat' dir='ltr'><strong>qui</strong></span> <span class='ocrx_word' id='word_1_38' title='bbox 2218 819 2313 885; x_wconf 90' lang='lat' dir='ltr'><strong>M.</strong></span> <span class='ocrx_word' id='word_1_39' title='bbox 2353 815 2653 886; x_wconf 84' lang='lat' dir='ltr'>Antonii</span> 
     </span>
     <span class='ocr_line' id='line_1_6' title="bbox 513 922 2655 1022; baseline -0.002 -22"><span class='ocrx_word' id='word_1_40' title='bbox 513 942 781 1000; x_wconf 88' lang='lat' dir='ltr'><strong>sectam</strong></span> <span class='ocrx_word' id='word_1_41' title='bbox 813 928 1104 1022; x_wconf 90' lang='lat' dir='ltr'><strong>sequuti</strong></span> <span class='ocrx_word' id='word_1_42' title='bbox 1139 937 1330 996; x_wconf 89' lang='lat' dir='ltr'><strong>sunt.</strong></span> <span class='ocrx_word' id='word_1_43' title='bbox 1371 929 1628 1021; x_wconf 88' lang='lat' dir='ltr'><strong>Itaque</strong></span> <span class='ocrx_word' id='word_1_44' title='bbox 1654 922 1730 995; x_wconf 89' lang='lat' dir='ltr'><strong>id</strong></span> <span class='ocrx_word' id='word_1_45' title='bbox 1766 923 2473 995; x_wconf 88' lang='lat' dir='ltr'><strong>senatusconsultum</strong></span> <span class='ocrx_word' id='word_1_46' title='bbox 2502 923 2655 1022; x_wconf 86' lang='lat' dir='ltr'><strong>ple-</strong></span> 
     </span>
     <span class='ocr_line' id='line_1_7' title="bbox 507 1031 2651 1134; baseline -0.003 -25"><span class='ocrx_word' id='word_1_47' title='bbox 507 1042 717 1134; x_wconf 85' lang='lat' dir='ltr'><strong>rique</strong></span> <span class='ocrx_word' id='word_1_48' title='bbox 765 1031 1360 1132; x_wconf 78' lang='lat' dir='ltr'><strong>interpretantur,</strong></span> <span class='ocrx_word' id='word_1_49' title='bbox 1405 1034 1623 1104; x_wconf 88' lang='lat' dir='ltr'><strong>etiam</strong></span> <span class='ocrx_word' id='word_1_50' title='bbox 1678 1032 1769 1103; x_wconf 91' lang='lat' dir='ltr'><strong>ad</strong></span> <span class='ocrx_word' id='word_1_51' title='bbox 1828 1047 1993 1104; x_wconf 88' lang='lat' dir='ltr'><strong>tuos</strong></span> <span class='ocrx_word' id='word_1_52' title='bbox 2021 1086 2040 1121; x_wconf 91' lang='lat'>‚</span> <span class='ocrx_word' id='word_1_53' title='bbox 2089 1033 2238 1104; x_wconf 83' lang='lat' dir='ltr'><strong>sive</strong></span> <span class='ocrx_word' id='word_1_54' title='bbox 2288 1037 2651 1130; x_wconf 81' lang='lat' dir='ltr'><strong>captivos,</strong></span> 
     </span>
     <span class='ocr_line' id='line_1_8' title="bbox 511 1137 2651 1241; baseline -0.003 -22"><span class='ocrx_word' id='word_1_55' title='bbox 511 1150 657 1219; x_wconf 85' lang='lat' dir='ltr'><strong>sive</strong></span> <span class='ocrx_word' id='word_1_56' title='bbox 697 1144 1066 1216; x_wconf 85' lang='lat' dir='ltr'><strong>dedititios</strong></span> <span class='ocrx_word' id='word_1_57' title='bbox 1085 1137 1118 1189; x_wconf 77' lang='lat'>⁸</span> <span class='ocrx_word' id='word_1_58' title='bbox 1157 1144 1542 1241; x_wconf 86' lang='lat' dir='ltr'><strong>pertinere.</strong></span> <span class='ocrx_word' id='word_1_59' title='bbox 1572 1143 1939 1240; x_wconf 56' lang='lat' dir='ltr'><strong>‘Equidem</strong></span> <span class='ocrx_word' id='word_1_60' title='bbox 1966 1142 2148 1214; x_wconf 86' lang='lat' dir='ltr'><strong>nihil</strong></span> <span class='ocrx_word' id='word_1_61' title='bbox 2178 1141 2481 1214; x_wconf 88' lang='lat' dir='ltr'><strong>disserui</strong></span> <span class='ocrx_word' id='word_1_62' title='bbox 2508 1141 2651 1214; x_wconf 89' lang='lat' dir='ltr'><strong>du-</strong></span> 
     </span>
     <span class='ocr_line' id='line_1_9' title="bbox 509 1251 2651 1351; baseline -0.002 -24"><span class='ocrx_word' id='word_1_63' title='bbox 509 1257 661 1328; x_wconf 88' lang='lat' dir='ltr'><strong>rius</strong></span> <span class='ocrx_word' id='word_1_64' title='bbox 681 1308 702 1342; x_wconf 91' lang='lat'>‚</span> <span class='ocrx_word' id='word_1_65' title='bbox 752 1277 984 1351; x_wconf 87' lang='lat' dir='ltr'><strong>quum</strong></span> <span class='ocrx_word' id='word_1_66' title='bbox 1034 1253 1464 1323; x_wconf 88' lang='lat' dir='ltr'><strong>nominatim</strong></span> <span class='ocrx_word' id='word_1_67' title='bbox 1503 1251 1600 1324; x_wconf 88' lang='lat' dir='ltr'><strong>de</strong></span> <span class='ocrx_word' id='word_1_68' title='bbox 1642 1257 1724 1324; x_wconf 93' lang='lat' dir='ltr'><strong>C.</strong></span> <span class='ocrx_word' id='word_1_69' title='bbox 1775 1253 2093 1326; x_wconf 86' lang='lat' dir='ltr'><strong>Antonio</strong></span> <span class='ocrx_word' id='word_1_70' title='bbox 2142 1251 2651 1342; x_wconf 84' lang='lat' dir='ltr'><strong>decernerem,</strong></span> 
     </span>
     <span class='ocr_line' id='line_1_10' title="bbox 515 1364 2657 1464; baseline -0.001 -28"><span class='ocrx_word' id='word_1_71' title='bbox 515 1364 719 1464; x_wconf 84' lang='lat' dir='ltr'><strong>quod</strong></span> <span class='ocrx_word' id='word_1_72' title='bbox 755 1364 849 1436; x_wconf 82' lang='lat' dir='ltr'><strong>ita</strong></span> <span class='ocrx_word' id='word_1_73' title='bbox 891 1377 1279 1436; x_wconf 84' lang='lat' dir='ltr'><strong>statueram</strong></span> <span class='ocrx_word' id='word_1_74' title='bbox 1301 1416 1320 1451; x_wconf 94' lang='lat'><strong>,</strong></span> <span class='ocrx_word' id='word_1_75' title='bbox 1363 1387 1405 1433; x_wconf 90' lang='lat' dir='ltr'><strong>a</strong></span> <span class='ocrx_word' id='word_1_76' title='bbox 1439 1377 1513 1434; x_wconf 89' lang='lat' dir='ltr'><strong>te</strong></span> <span class='ocrx_word' id='word_1_77' title='bbox 1542 1387 1983 1462; x_wconf 83' lang='lat' dir='ltr'><strong>cognoscere</strong></span> <span class='ocrx_word' id='word_1_78' title='bbox 2022 1387 2309 1436; x_wconf 85' lang='lat' dir='ltr'><strong>causam</strong></span> <span class='ocrx_word' id='word_1_79' title='bbox 2340 1364 2501 1459; x_wconf 86' lang='lat' dir='ltr'><strong>ejus</strong></span> <span class='ocrx_word' id='word_1_80' title='bbox 2536 1387 2657 1435; x_wconf 87' lang='lat' dir='ltr'><strong>se-</strong></span> 
     </span>
     <span class='ocr_line' id='line_1_11' title="bbox 513 1473 1861 1574; baseline -0.001 -26"><span class='ocrx_word' id='word_1_81' title='bbox 513 1491 766 1548; x_wconf 87' lang='lat' dir='ltr'><strong>natum</strong></span> <span class='ocrx_word' id='word_1_82' title='bbox 808 1489 1168 1574; x_wconf 88' lang='lat' dir='ltr'><strong>oportere.</strong></span> <span class='ocrx_word' id='word_1_83' title='bbox 1203 1500 1256 1546; x_wconf 82' lang='lat' dir='ltr'>x</span> <span class='ocrx_word' id='word_1_84' title='bbox 1289 1473 1579 1548; x_wconf 80' lang='lat' dir='ltr'><strong>kalend.</strong></span> <span class='ocrx_word' id='word_1_85' title='bbox 1616 1477 1861 1546; x_wconf 85' lang='lat' dir='ltr'><strong>maias.</strong></span> 
     </span>
    </p>
   </div>
   <div class='ocr_carea' id='block_1_3' title="bbox 508 1643 2658 2033">
    <p class='ocr_par' dir='ltr' id='par_1_3' title="bbox 508 1643 2658 2033">
     <span class='ocr_line' id='line_1_12' title="bbox 582 1643 2658 1717; baseline -0.003 -14"><span class='ocrx_word' id='word_1_86' title='bbox 582 1655 635 1703; x_wconf 80' lang='lat'><strong>8.</strong></span> <span class='ocrx_word' id='word_1_87' title='bbox 676 1652 780 1702; x_wconf 70' lang='lat' dir='ltr'><strong>sive</strong></span> <span class='ocrx_word' id='word_1_88' title='bbox 827 1647 1066 1717; x_wconf 74' lang='lat' dir='ltr'><strong>captivos,</strong></span> <span class='ocrx_word' id='word_1_89' title='bbox 1104 1649 1202 1700; x_wconf 72' lang='lat' dir='ltr'><strong>sive</strong></span> <span class='ocrx_word' id='word_1_90' title='bbox 1253 1648 1529 1700; x_wconf 75' lang='lat' dir='ltr'><strong>dedititios.</strong></span> <span class='ocrx_word' id='word_1_91' title='bbox 1615 1649 1674 1702; x_wconf 90' lang='lat' dir='ltr'><strong>C.</strong></span> <span class='ocrx_word' id='word_1_92' title='bbox 1694 1651 1941 1699; x_wconf 77' lang='lat' dir='ltr'><strong>Antonius</strong></span> <span class='ocrx_word' id='word_1_93' title='bbox 1965 1666 1995 1698; x_wconf 78' lang='grc' dir='ltr'>ι</span> <span class='ocrx_word' id='word_1_94' title='bbox 2014 1647 2168 1699; x_wconf 83' lang='lat' dir='ltr'><strong>Bruto</strong></span> <span class='ocrx_word' id='word_1_95' title='bbox 2186 1683 2203 1710; x_wconf 90' lang='lat'><strong>,</strong></span> <span class='ocrx_word' id='word_1_96' title='bbox 2236 1643 2325 1698; x_wconf 78' lang='lat' dir='ltr'><strong>sed</strong></span> <span class='ocrx_word' id='word_1_97' title='bbox 2355 1664 2408 1696; x_wconf 72' lang='lat' dir='ltr'><strong>ne</strong></span> <span class='ocrx_word' id='word_1_98' title='bbox 2434 1648 2543 1712; x_wconf 67' lang='lat' dir='ltr'><strong>ipse</strong></span> <span class='ocrx_word' id='word_1_99' title='bbox 2564 1648 2658 1698; x_wconf 81' lang='lat' dir='ltr'><strong>de-</strong></span> 
     </span>
     <span class='ocr_line' id='line_1_13' title="bbox 512 1725 2650 1787; baseline -0.004 -4"><span class='ocrx_word' id='word_1_100' title='bbox 512 1737 702 1783; x_wconf 68' lang='lat' dir='ltr'><strong>aarum</strong></span> <span class='ocrx_word' id='word_1_101' title='bbox 726 1731 791 1780; x_wconf 75' lang='lat' dir='ltr'><strong>ad</strong></span> <span class='ocrx_word' id='word_1_102' title='bbox 827 1731 885 1781; x_wconf 89' lang='lat' dir='ltr'><strong>C.</strong></span> <span class='ocrx_word' id='word_1_103' title='bbox 927 1731 1202 1780; x_wconf 78' lang='lat' dir='ltr'><strong>Antonium</strong></span> <span class='ocrx_word' id='word_1_104' title='bbox 1241 1728 1385 1778; x_wconf 84' lang='lat' dir='ltr'><strong>redit.</strong></span> <span class='ocrx_word' id='word_1_105' title='bbox 1417 1729 1531 1777; x_wconf 77' lang='lat' dir='ltr'><strong>Fuit</strong></span> <span class='ocrx_word' id='word_1_106' title='bbox 1618 1729 1823 1778; x_wconf 75' lang='lat' dir='ltr'><strong>diderat.</strong></span> <span class='ocrx_word' id='word_1_107' title='bbox 1842 1729 2073 1778; x_wconf 71' lang='lat' dir='ltr'><strong>Leuior-es</strong></span> <span class='ocrx_word' id='word_1_108' title='bbox 2097 1739 2259 1777; x_wconf 76' lang='lat' dir='ltr'><strong>autem</strong></span> <span class='ocrx_word' id='word_1_109' title='bbox 2280 1727 2335 1775; x_wconf 83' lang='lat' dir='ltr'><strong>in</strong></span> <span class='ocrx_word' id='word_1_110' title='bbox 2362 1725 2615 1776; x_wconf 72' lang='lat' dir='ltr'><strong>dedititio·</strong></span> <span class='ocrx_word' id='word_1_111' title='bbox 2630 1761 2650 1787; x_wconf 82' lang='lat'><strong>,</strong></span> 
     </span>
     <span class='ocr_line' id='line_1_14' title="bbox 511 1806 2656 1876; baseline -0.002 -16"><span class='ocrx_word' id='word_1_112' title='bbox 511 1813 642 1860; x_wconf 79' lang='lat' dir='ltr'><strong>enim</strong></span> <span class='ocrx_word' id='word_1_113' title='bbox 669 1811 1002 1876; x_wconf 68' lang='lat' dir='ltr'><strong>gravissimum</strong></span> <span class='ocrx_word' id='word_1_114' title='bbox 1021 1809 1272 1860; x_wconf 74' lang='lat' dir='ltr'><strong>Ciceronis</strong></span> <span class='ocrx_word' id='word_1_115' title='bbox 1289 1807 1462 1856; x_wconf 79' lang='lat' dir='ltr'><strong>odium</strong></span> <span class='ocrx_word' id='word_1_116' title='bbox 1477 1809 1533 1854; x_wconf 86' lang='lat' dir='ltr'><strong>in</strong></span> <span class='ocrx_word' id='word_1_117' title='bbox 1618 1824 1767 1874; x_wconf 70' lang='lat' dir='ltr'><strong>quam</strong></span> <span class='ocrx_word' id='word_1_118' title='bbox 1784 1809 1839 1856; x_wconf 87' lang='lat' dir='ltr'><strong>in</strong></span> <span class='ocrx_word' id='word_1_119' title='bbox 1864 1807 2122 1872; x_wconf 72' lang='lat' dir='ltr'><strong>captivos,</strong></span> <span class='ocrx_word' id='word_1_120' title='bbox 2148 1806 2381 1856; x_wconf 77' lang='lat' dir='ltr'><strong>debemus</strong></span> <span class='ocrx_word' id='word_1_121' title='bbox 2404 1822 2529 1856; x_wconf 71' lang='lat' dir='ltr'><strong>enne.</strong></span> <span class='ocrx_word' id='word_1_122' title='bbox 2556 1807 2656 1855; x_wconf 73' lang='lat' dir='ltr'><strong>sed</strong></span> 
     </span>
     <span class='ocr_line' id='line_1_15' title="bbox 508 1885 2655 1956; baseline -0.002 -17"><span class='ocrx_word' id='word_1_123' title='bbox 508 1892 768 1939; x_wconf 78' lang='lat' dir='ltr'><strong>Antonios.</strong></span> <span class='ocrx_word' id='word_1_124' title='bbox 790 1889 1030 1956; x_wconf 77' lang='lat' dir='ltr'><strong>Adjungit</strong></span> <span class='ocrx_word' id='word_1_125' title='bbox 1052 1899 1212 1936; x_wconf 78' lang='lat' dir='ltr'><strong>autem</strong></span> <span class='ocrx_word' id='word_1_126' title='bbox 1231 1921 1246 1946; x_wconf 90' lang='lat'><strong>,</strong></span> <span class='ocrx_word' id='word_1_127' title='bbox 1274 1908 1296 1930; x_wconf 77' lang='grc' dir='ltr'>ι</span> <span class='ocrx_word' id='word_1_128' title='bbox 1321 1886 1422 1934; x_wconf 78' lang='lat' dir='ltr'><strong>sive</strong></span> <span class='ocrx_word' id='word_1_129' title='bbox 1451 1885 1538 1934; x_wconf 88' lang='lat' dir='ltr'><strong>de·</strong></span> <span class='ocrx_word' id='word_1_130' title='bbox 1622 1887 1845 1937; x_wconf 76' lang='lat' dir='ltr'><strong>omniun</strong></span> <span class='ocrx_word' id='word_1_131' title='bbox 1871 1886 2091 1935; x_wconf 77' lang='lat' dir='ltr'><strong>eamdem</strong></span> <span class='ocrx_word' id='word_1_132' title='bbox 2113 1901 2217 1935; x_wconf 74' lang='lat' dir='ltr'><strong>esse</strong></span> <span class='ocrx_word' id='word_1_133' title='bbox 2253 1900 2450 1934; x_wconf 68' lang='lat' dir='ltr'><strong>musam</strong></span> <span class='ocrx_word' id='word_1_134' title='bbox 2474 1885 2655 1934; x_wconf 82' lang='lat' dir='ltr'><strong>Cicero</strong></span> 
     </span>
     <span class='ocr_line' id='line_1_16' title="bbox 513 1964 2015 2033; baseline -0.005 -14"><span class='ocrx_word' id='word_1_135' title='bbox 513 1969 704 2018; x_wconf 75' lang='lat' dir='ltr'><strong>dititios</strong></span> <span class='ocrx_word' id='word_1_136' title='bbox 717 1991 742 2012; x_wconf 68' lang='lat' dir='ltr'>a</span> <span class='ocrx_word' id='word_1_137' title='bbox 756 2003 771 2029; x_wconf 94' lang='lat'><strong>,</strong></span> <span class='ocrx_word' id='word_1_138' title='bbox 794 1969 910 2033; x_wconf 77' lang='lat' dir='ltr'><strong>quia</strong></span> <span class='ocrx_word' id='word_1_139' title='bbox 927 1982 1030 2016; x_wconf 84' lang='lat' dir='ltr'><strong>non</strong></span> <span class='ocrx_word' id='word_1_140' title='bbox 1051 1967 1225 2032; x_wconf 64' lang='lat' dir='ltr'><strong>prelio</strong></span> <span class='ocrx_word' id='word_1_141' title='bbox 1243 1976 1417 2031; x_wconf 75' lang='lat' dir='ltr'><strong>captus</strong></span> <span class='ocrx_word' id='word_1_142' title='bbox 1433 1976 1537 2014; x_wconf 78' lang='lat' dir='ltr'><strong>erat</strong></span> <span class='ocrx_word' id='word_1_143' title='bbox 1624 1964 1843 2013; x_wconf 76' lang='lat' dir='ltr'><strong>volebat.</strong></span> <span class='ocrx_word' id='word_1_144' title='bbox 1869 1965 2015 2012; x_wconf 67' lang='lat' dir='ltr'><strong>Mn«.</strong></span> 
     </span>
    </p>
   </div>
   <div class='ocr_carea' id='block_1_4' title="bbox 515 2126 2645 2155">
    <p class='ocr_par' dir='ltr' id='par_1_4' title="bbox 515 2126 2645 2155">
     <span class='ocr_line' id='line_1_17' title="bbox 515 2126 2645 2155; baseline -0.003 0"><span class='ocrx_word' id='word_1_145' title='bbox 515 2133 880 2155; x_wconf 63' lang='lat' dir='ltr'><strong>mmm-t</strong></span> <span class='ocrx_word' id='word_1_146' title='bbox 885 2126 2546 2152; x_wconf 54' lang='lat' dir='ltr'><strong>mmmmmmwmmfflm</strong></span> <span class='ocrx_word' id='word_1_147' title='bbox 2552 2128 2645 2148; x_wconf 52' lang='lat' dir='ltr'>m</span> 
     </span>
    </p>
   </div>
   <div class='ocr_carea' id='block_1_5' title="bbox 1187 2293 1994 2383">
    <p class='ocr_par' dir='ltr' id='par_1_5' title="bbox 1187 2293 1994 2383">
     <span class='ocr_line' id='line_1_18' title="bbox 1187 2293 1994 2383; baseline -0.004 -1"><span class='ocrx_word' id='word_1_148' title='bbox 1187 2297 1791 2383; x_wconf 89' lang='lat' dir='ltr'><strong>EPISTOLA.</strong></span> <span class='ocrx_word' id='word_1_149' title='bbox 1842 2293 1994 2381; x_wconf 84' lang='lat' dir='ltr'><strong>IV.</strong></span> 
     </span>
    </p>
   </div>
   <div class='ocr_carea' id='block_1_6' title="bbox 513 2460 2661 3027">
    <p class='ocr_par' dir='ltr' id='par_1_6' title="bbox 513 2460 2661 3027">
     <span class='ocr_line' id='line_1_19' title="bbox 513 2460 2659 2543; baseline -0.002 -17"><span class='ocrx_word' id='word_1_150' title='bbox 513 2463 850 2543; x_wconf 83' lang='lat' dir='ltr'><strong>Respondet</strong></span> <span class='ocrx_word' id='word_1_151' title='bbox 871 2463 1157 2543; x_wconf 83' lang='lat' dir='ltr'><strong>superiori</strong></span> <span class='ocrx_word' id='word_1_152' title='bbox 1177 2463 1474 2542; x_wconf 81' lang='lat' dir='ltr'><strong>epistolae,</strong></span> <span class='ocrx_word' id='word_1_153' title='bbox 1519 2474 1579 2521; x_wconf 89' lang='lat' dir='ltr'><strong>et</strong></span> <span class='ocrx_word' id='word_1_154' title='bbox 1602 2460 2119 2540; x_wconf 83' lang='lat' dir='ltr'><strong>reprehensionem</strong></span> <span class='ocrx_word' id='word_1_155' title='bbox 2144 2460 2339 2519; x_wconf 80' lang='lat' dir='ltr'><strong>nimiae</strong></span> <span class='ocrx_word' id='word_1_156' title='bbox 2362 2462 2425 2519; x_wconf 90' lang='lat' dir='ltr'><strong>in</strong></span> <span class='ocrx_word' id='word_1_157' title='bbox 2454 2464 2659 2521; x_wconf 79' lang='lat' dir='ltr'><strong>C.An-</strong></span> 
     </span>
     <span class='ocr_line' id='line_1_20' title="bbox 598 2556 2661 2621; baseline -0.001 -1"><span class='ocrx_word' id='word_1_158' title='bbox 598 2562 830 2621; x_wconf 86' lang='lat' dir='ltr'><strong>tonium</strong></span> <span class='ocrx_word' id='word_1_159' title='bbox 869 2561 1185 2619; x_wconf 60' lang='lat' dir='ltr'><strong>clementiae</strong></span> <span class='ocrx_word' id='word_1_160' title='bbox 1233 2560 1424 2619; x_wconf 86' lang='lat' dir='ltr'><strong>diluit.</strong></span> <span class='ocrx_word' id='word_1_161' title='bbox 1483 2564 1691 2619; x_wconf 81' lang='lat' dir='ltr'><strong>Mouet</strong></span> <span class='ocrx_word' id='word_1_162' title='bbox 1733 2577 1807 2617; x_wconf 86' lang='lat' dir='ltr'><strong>ne</strong></span> <span class='ocrx_word' id='word_1_163' title='bbox 1858 2557 2051 2617; x_wconf 83' lang='lat' dir='ltr'><strong>nimiis</strong></span> <span class='ocrx_word' id='word_1_164' title='bbox 2096 2556 2423 2617; x_wconf 88' lang='lat' dir='ltr'><strong>honoribus</strong></span> <span class='ocrx_word' id='word_1_165' title='bbox 2471 2564 2661 2619; x_wconf 83' lang='lat' dir='ltr'><strong>Octa-</strong></span> 
     </span>
     <span class='ocr_line' id='line_1_21' title="bbox 595 2654 2659 2735; baseline -0.001 -18"><span class='ocrx_word' id='word_1_166' title='bbox 595 2660 770 2718; x_wconf 87' lang='lat' dir='ltr'><strong>viano</strong></span> <span class='ocrx_word' id='word_1_167' title='bbox 818 2658 1138 2717; x_wconf 84' lang='lat' dir='ltr'><strong>tribuendis</strong></span> <span class='ocrx_word' id='word_1_168' title='bbox 1185 2659 1398 2716; x_wconf 88' lang='lat' dir='ltr'><strong>malum</strong></span> <span class='ocrx_word' id='word_1_169' title='bbox 1444 2658 1776 2735; x_wconf 85' lang='lat' dir='ltr'><strong>exemplum</strong></span> <span class='ocrx_word' id='word_1_170' title='bbox 1823 2654 2161 2727; x_wconf 81' lang='lat' dir='ltr'><strong>inducatur,</strong></span> <span class='ocrx_word' id='word_1_171' title='bbox 2204 2675 2324 2733; x_wconf 92' lang='lat' dir='ltr'><strong>quo</strong></span> <span class='ocrx_word' id='word_1_172' title='bbox 2372 2656 2659 2735; x_wconf 83' lang='lat' dir='ltr'><strong>regnandi</strong></span> 
     </span>
     <span class='ocr_line' id='line_1_22' title="bbox 599 2750 2661 2834; baseline -0 -20"><span class='ocrx_word' id='word_1_173' title='bbox 599 2754 874 2834; x_wconf 87' lang='lat' dir='ltr'><strong>cupidine</strong></span> <span class='ocrx_word' id='word_1_174' title='bbox 902 2754 1195 2829; x_wconf 84' lang='lat' dir='ltr'><strong>abutatur,</strong></span> <span class='ocrx_word' id='word_1_175' title='bbox 1215 2768 1390 2833; x_wconf 83' lang='lat' dir='ltr'><strong>atque</strong></span> <span class='ocrx_word' id='word_1_176' title='bbox 1420 2754 1512 2812; x_wconf 89' lang='lat' dir='ltr'><strong>illi·</strong></span> <span class='ocrx_word' id='word_1_177' title='bbox 1536 2755 1617 2813; x_wconf 85' lang='lat' dir='ltr'><strong>ita</strong></span> <span class='ocrx_word' id='word_1_178' title='bbox 1638 2751 1914 2832; x_wconf 87' lang='lat' dir='ltr'><strong>regnandi</strong></span> <span class='ocrx_word' id='word_1_179' title='bbox 1936 2752 2163 2811; x_wconf 83' lang='lat' dir='ltr'><strong>occasio</strong></span> <span class='ocrx_word' id='word_1_180' title='bbox 2188 2750 2379 2824; x_wconf 86' lang='lat' dir='ltr'><strong>detur,</strong></span> <span class='ocrx_word' id='word_1_181' title='bbox 2408 2752 2569 2833; x_wconf 88' lang='lat' dir='ltr'><strong>quod</strong></span> <span class='ocrx_word' id='word_1_182' title='bbox 2596 2774 2661 2813; x_wconf 85' lang='lat' dir='ltr'><strong>se</strong></span> 
     </span>
     <span class='ocr_line' id='line_1_23' title="bbox 601 2848 2657 2929; baseline -0.002 -16"><span class='ocrx_word' id='word_1_183' title='bbox 601 2853 977 2913; x_wconf 84' lang='lat' dir='ltr'><strong>vehementer</strong></span> <span class='ocrx_word' id='word_1_184' title='bbox 1041 2854 1243 2912; x_wconf 86' lang='lat' dir='ltr'><strong>timere</strong></span> <span class='ocrx_word' id='word_1_185' title='bbox 1293 2848 1566 2910; x_wconf 85' lang='lat' dir='ltr'><strong>ostendit.</strong></span> <span class='ocrx_word' id='word_1_186' title='bbox 1613 2851 1723 2929; x_wconf 84' lang='lat' dir='ltr'><strong>(Ex</strong></span> <span class='ocrx_word' id='word_1_187' title='bbox 1774 2851 2013 2922; x_wconf 83' lang='lat' dir='ltr'><strong>castris,</strong></span> <span class='ocrx_word' id='word_1_188' title='bbox 2058 2868 2213 2908; x_wconf 90' lang='lat' dir='ltr'><strong>anno</strong></span> <span class='ocrx_word' id='word_1_189' title='bbox 2267 2854 2340 2910; x_wconf 90' lang='lat' dir='ltr'><strong>U.</strong></span> <span class='ocrx_word' id='word_1_190' title='bbox 2388 2854 2455 2910; x_wconf 91' lang='lat' dir='ltr'><strong>C.</strong></span> <span class='ocrx_word' id='word_1_191' title='bbox 2499 2870 2657 2925; x_wconf 89' lang='lat'><strong>710,</strong></span> 
     </span>
     <span class='ocr_line' id='line_1_24' title="bbox 601 2947 1021 3027; baseline 0.005 -18"><span class='ocrx_word' id='word_1_192' title='bbox 601 2969 796 3009; x_wconf 85' lang='lat' dir='ltr'><strong>mense</strong></span> <span class='ocrx_word' id='word_1_193' title='bbox 825 2947 1021 3027; x_wconf 79' lang='lat' dir='ltr'><strong>maie.)</strong></span> 
     </span>
    </p>
   </div>
   <div class='ocr_carea' id='block_1_7' title="bbox 1135 3068 2031 3135">
    <p class='ocr_par' dir='ltr' id='par_1_7' title="bbox 1135 3068 2031 3135">
     <span class='ocr_line' id='line_1_25' title="bbox 1135 3068 2031 3135; baseline -0.001 0"><span class='ocrx_word' id='word_1_194' title='bbox 1135 3070 1470 3135; x_wconf 88' lang='lat' dir='ltr'><strong>BRUTUS</strong></span> <span class='ocrx_word' id='word_1_195' title='bbox 1512 3068 1923 3135; x_wconf 86' lang='lat' dir='ltr'>CICERONI</span> <span class='ocrx_word' id='word_1_196' title='bbox 1966 3068 2031 3134; x_wconf 93' lang='lat' dir='ltr'><strong>S.</strong></span> 
     </span>
    </p>
   </div>
   <div class='ocr_carea' id='block_1_8' title="bbox 521 3192 2661 3624">
    <p class='ocr_par' dir='ltr' id='par_1_8' title="bbox 521 3192 2661 3624">
     <span class='ocr_line' id='line_1_26' title="bbox 619 3192 2661 3292; baseline -0.003 -19"><span class='ocrx_word' id='word_1_197' title='bbox 619 3204 935 3292; x_wconf 71' lang='lat' dir='ltr'><strong>Qmmn</strong></span> <span class='ocrx_word' id='word_1_198' title='bbox 986 3199 1120 3271; x_wconf 90' lang='lat' dir='ltr'><strong>sim</strong></span> <span class='ocrx_word' id='word_1_199' title='bbox 1175 3196 1414 3269; x_wconf 87' lang='lat' dir='ltr'><strong>laetitia</strong></span> <span class='ocrx_word' id='word_1_200' title='bbox 1467 3193 1768 3266; x_wconf 84' lang='lat' dir='ltr'><strong>affectus</strong></span> <span class='ocrx_word' id='word_1_201' title='bbox 1794 3247 1813 3282; x_wconf 94' lang='lat'><strong>,</strong></span> <span class='ocrx_word' id='word_1_202' title='bbox 1862 3194 2170 3291; x_wconf 87' lang='lat' dir='ltr'><strong>cognitis</strong></span> <span class='ocrx_word' id='word_1_203' title='bbox 2204 3192 2426 3267; x_wconf 88' lang='lat' dir='ltr'><strong>rebus</strong></span> <span class='ocrx_word' id='word_1_204' title='bbox 2457 3198 2661 3267; x_wconf 86' lang='lat' dir='ltr'><strong>Bruti</strong></span> 
     </span>
     <span class='ocr_line' id='line_1_27' title="bbox 523 3302 2661 3401; baseline -0.003 -19"><span class='ocrx_word' id='word_1_205' title='bbox 523 3312 790 3397; x_wconf 89' lang='lat' dir='ltr'><strong>nostri,</strong></span> <span class='ocrx_word' id='word_1_206' title='bbox 818 3324 892 3380; x_wconf 88' lang='lat' dir='ltr'><strong>et</strong></span> <span class='ocrx_word' id='word_1_207' title='bbox 919 3306 1304 3379; x_wconf 87' lang='lat' dir='ltr'><strong>consulum</strong></span> <span class='ocrx_word' id='word_1_208' title='bbox 1326 3303 1666 3391; x_wconf 84' lang='lat' dir='ltr'><strong>¹‚facilius</strong></span> <span class='ocrx_word' id='word_1_209' title='bbox 1685 3317 1792 3375; x_wconf 87' lang='lat' dir='ltr'><strong>est</strong></span> <span class='ocrx_word' id='word_1_210' title='bbox 1814 3302 1948 3374; x_wconf 90' lang='lat' dir='ltr'><strong>tibi</strong></span> <span class='ocrx_word' id='word_1_211' title='bbox 1977 3305 2379 3376; x_wconf 83' lang='lat' dir='ltr'><strong>existimare</strong></span> <span class='ocrx_word' id='word_1_212' title='bbox 2398 3360 2417 3394; x_wconf 93' lang='lat'><strong>,</strong></span> <span class='ocrx_word' id='word_1_213' title='bbox 2437 3330 2661 3401; x_wconf 87' lang='lat' dir='ltr'><strong>quam</strong></span> 
     </span>
     <span class='ocr_line' id='line_1_28' title="bbox 521 3412 2661 3511; baseline -0.001 -21"><span class='ocrx_word' id='word_1_214' title='bbox 521 3418 697 3490; x_wconf 87' lang='lat' dir='ltr'><strong>mihi</strong></span> <span class='ocrx_word' id='word_1_215' title='bbox 743 3416 1076 3490; x_wconf 89' lang='lat' dir='ltr'><strong>scribere.</strong></span> <span class='ocrx_word' id='word_1_216' title='bbox 1111 3418 1356 3506; x_wconf 88' lang='lat' dir='ltr'><strong>Quum</strong></span> <span class='ocrx_word' id='word_1_217' title='bbox 1396 3414 1531 3486; x_wconf 87' lang='lat' dir='ltr'><strong>alia</strong></span> <span class='ocrx_word' id='word_1_218' title='bbox 1560 3412 1811 3501; x_wconf 86' lang='lat' dir='ltr'><strong>laud0,</strong></span> <span class='ocrx_word' id='word_1_219' title='bbox 1858 3426 1929 3483; x_wconf 90' lang='lat' dir='ltr'><strong>et</strong></span> <span class='ocrx_word' id='word_1_220' title='bbox 1967 3414 2248 3511; x_wconf 88' lang='lat' dir='ltr'><strong>gaudeo</strong></span> <span class='ocrx_word' id='word_1_221' title='bbox 2280 3414 2661 3503; x_wconf 88' lang='lat' dir='ltr'><strong>accidisse,</strong></span> 
     </span>
     <span class='ocr_line' id='line_1_29' title="bbox 523 3522 2661 3624; baseline -0.001 -25"><span class='ocrx_word' id='word_1_222' title='bbox 523 3545 684 3600; x_wconf 88' lang='lat' dir='ltr'><strong>tum</strong></span> <span class='ocrx_word' id='word_1_223' title='bbox 739 3524 943 3624; x_wconf 89' lang='lat' dir='ltr'><strong>quod</strong></span> <span class='ocrx_word' id='word_1_224' title='bbox 1005 3528 1207 3597; x_wconf 88' lang='lat' dir='ltr'><strong>Bruti</strong></span> <span class='ocrx_word' id='word_1_225' title='bbox 1277 3526 1565 3623; x_wconf 90' lang='lat' dir='ltr'><strong>eruptio</strong></span> <span class='ocrx_word' id='word_1_226' title='bbox 1648 3547 1799 3593; x_wconf 89' lang='lat' dir='ltr'><strong>non</strong></span> <span class='ocrx_word' id='word_1_227' title='bbox 1847 3522 2081 3595; x_wconf 88' lang='lat' dir='ltr'><strong>solum</strong></span> <span class='ocrx_word' id='word_1_228' title='bbox 2141 3525 2277 3622; x_wconf 90' lang='lat' dir='ltr'><strong>ipsi</strong></span> <span class='ocrx_word' id='word_1_229' title='bbox 2331 3524 2661 3597; x_wconf 88' lang='lat' dir='ltr'><strong>salutaris</strong></span> 
     </span>
    </p>
   </div>
   <div class='ocr_carea' id='block_1_9' title="bbox 525 3690 2663 4154">
    <p class='ocr_par' dir='ltr' id='par_1_9' title="bbox 525 3690 2663 4154">
     <span class='ocr_line' id='line_1_30' title="bbox 603 3690 2662 3759; baseline 0 -16"><span class='ocrx_word' id='word_1_230' title='bbox 603 3712 650 3744; x_wconf 83' lang='lat'><strong>1.</strong></span> <span class='ocrx_word' id='word_1_231' title='bbox 681 3696 822 3744; x_wconf 73' lang='lat' dir='ltr'><strong>Bruti</strong></span> <span class='ocrx_word' id='word_1_232' title='bbox 841 3695 1024 3753; x_wconf 76' lang='lat' dir='ltr'><strong>nostri,</strong></span> <span class='ocrx_word' id='word_1_233' title='bbox 1071 3707 1120 3743; x_wconf 77' lang='lat' dir='ltr'><strong>ee</strong></span> <span class='ocrx_word' id='word_1_234' title='bbox 1145 3694 1412 3743; x_wconf 79' lang='lat' dir='ltr'><strong>consulum.</strong></span> <span class='ocrx_word' id='word_1_235' title='bbox 1439 3694 1545 3741; x_wconf 84' lang='lat' dir='ltr'><strong>De·</strong></span> <span class='ocrx_word' id='word_1_236' title='bbox 1632 3692 1718 3755; x_wconf 85' lang='lat' dir='ltr'><strong>qui</strong></span> <span class='ocrx_word' id='word_1_237' title='bbox 1737 3707 1847 3739; x_wconf 84' lang='lat' dir='ltr'><strong>eum</strong></span> <span class='ocrx_word' id='word_1_238' title='bbox 1865 3702 1915 3739; x_wconf 87' lang='lat' dir='ltr'><strong>et</strong></span> <span class='ocrx_word' id='word_1_239' title='bbox 1934 3702 1990 3739; x_wconf 88' lang='lat' dir='ltr'><strong>ut</strong></span> <span class='ocrx_word' id='word_1_240' title='bbox 2014 3692 2216 3741; x_wconf 58' lang='lat' dir='ltr'><strong>Cauris</strong></span> <span class='ocrx_word' id='word_1_241' title='bbox 2234 3690 2388 3741; x_wconf 82' lang='lat' dir='ltr'><strong>fllium</strong></span> <span class='ocrx_word' id='word_1_242' title='bbox 2406 3694 2527 3742; x_wconf 86' lang='lat' dir='ltr'><strong>odio</strong></span> <span class='ocrx_word' id='word_1_243' title='bbox 2545 3711 2662 3759; x_wconf 79' lang='lat' dir='ltr'><strong>pro-</strong></span> 
     </span>
     <span class='ocr_line' id='line_1_31' title="bbox 529 3773 2663 3837; baseline 0 -17"><span class='ocrx_word' id='word_1_244' title='bbox 529 3773 641 3820; x_wconf 85' lang='lat' dir='ltr'><strong>cimi</strong></span> <span class='ocrx_word' id='word_1_245' title='bbox 667 3774 805 3822; x_wconf 83' lang='lat' dir='ltr'><strong>Bruti</strong></span> <span class='ocrx_word' id='word_1_246' title='bbox 831 3811 846 3837; x_wconf 93' lang='lat'><strong>,</strong></span> <span class='ocrx_word' id='word_1_247' title='bbox 871 3786 921 3823; x_wconf 87' lang='lat' dir='ltr'><strong>et</strong></span> <span class='ocrx_word' id='word_1_248' title='bbox 942 3774 1096 3824; x_wconf 82' lang='lat' dir='ltr'><strong>Hirtii</strong></span> <span class='ocrx_word' id='word_1_249' title='bbox 1125 3785 1174 3823; x_wconf 86' lang='lat' dir='ltr'><strong>et</strong></span> <span class='ocrx_word' id='word_1_250' title='bbox 1208 3774 1376 3821; x_wconf 75' lang='lat' dir='ltr'><strong>Pansae</strong></span> <span class='ocrx_word' id='word_1_251' title='bbox 1391 3806 1406 3830; x_wconf 90' lang='lat'><strong>,</strong></span> <span class='ocrx_word' id='word_1_252' title='bbox 1423 3786 1545 3821; x_wconf 88' lang='lat' dir='ltr'><strong>con-</strong></span> <span class='ocrx_word' id='word_1_253' title='bbox 1633 3781 1938 3836; x_wconf 69' lang='lat' dir='ltr'><strong>sequeretur,</strong></span> <span class='ocrx_word' id='word_1_254' title='bbox 1964 3782 2015 3821; x_wconf 88' lang='lat' dir='ltr'><strong>et</strong></span> <span class='ocrx_word' id='word_1_255' title='bbox 2048 3788 2265 3837; x_wconf 74' lang='lat' dir='ltr'><strong>pugnare</strong></span> <span class='ocrx_word' id='word_1_256' title='bbox 2301 3784 2477 3823; x_wconf 75' lang='lat' dir='ltr'><strong>contra</strong></span> <span class='ocrx_word' id='word_1_257' title='bbox 2502 3774 2663 3822; x_wconf 79' lang='lat' dir='ltr'><strong>Anto-</strong></span> 
     </span>
     <span class='ocr_line' id='line_1_32' title="bbox 527 3850 2659 3919; baseline 0.001 -21"><span class='ocrx_word' id='word_1_258' title='bbox 527 3852 688 3899; x_wconf 73' lang='lat' dir='ltr'><strong>sulum</strong></span> <span class='ocrx_word' id='word_1_259' title='bbox 705 3886 722 3911; x_wconf 90' lang='lat'><strong>,</strong></span> <span class='ocrx_word' id='word_1_260' title='bbox 739 3856 825 3917; x_wconf 84' lang='lat' dir='ltr'><strong>qui</strong></span> <span class='ocrx_word' id='word_1_261' title='bbox 843 3854 1117 3902; x_wconf 78' lang='lat' dir='ltr'><strong>Antonium</strong></span> <span class='ocrx_word' id='word_1_262' title='bbox 1129 3869 1295 3919; x_wconf 77' lang='lat' dir='ltr'><strong>pugna</strong></span> <span class='ocrx_word' id='word_1_263' title='bbox 1309 3852 1543 3911; x_wconf 67' lang='lat' dir='ltr'><strong>vicerant.</strong></span> <span class='ocrx_word' id='word_1_264' title='bbox 1635 3852 1769 3899; x_wconf 85' lang='lat' dir='ltr'><strong>nium</strong></span> <span class='ocrx_word' id='word_1_265' title='bbox 1795 3865 1901 3899; x_wconf 85' lang='lat' dir='ltr'><strong>non</strong></span> <span class='ocrx_word' id='word_1_266' title='bbox 1923 3862 2023 3900; x_wconf 73' lang='lat' dir='ltr'><strong>tam</strong></span> <span class='ocrx_word' id='word_1_267' title='bbox 2046 3867 2139 3917; x_wconf 80' lang='lat' dir='ltr'><strong>pro</strong></span> <span class='ocrx_word' id='word_1_268' title='bbox 2166 3868 2271 3917; x_wconf 77' lang='lat' dir='ltr'><strong>rep.</strong></span> <span class='ocrx_word' id='word_1_269' title='bbox 2298 3862 2357 3899; x_wconf 85' lang='lat' dir='ltr'><strong>ut</strong></span> <span class='ocrx_word' id='word_1_270' title='bbox 2383 3850 2659 3910; x_wconf 73' lang='lat' dir='ltr'><strong>videbatur,</strong></span> 
     </span>
     <span class='ocr_line' id='line_1_33' title="bbox 525 3930 2663 4000; baseline 0.001 -21"><span class='ocrx_word' id='word_1_271' title='bbox 525 3932 588 3979; x_wconf 74' lang='lat' dir='ltr'><strong>Et</strong></span> <span class='ocrx_word' id='word_1_272' title='bbox 605 3930 998 4000; x_wconf 48' lang='lat' dir='ltr'><strong>observandumJ</strong></span> <span class='ocrx_word' id='word_1_273' title='bbox 1011 3948 1163 3996; x_wconf 86' lang='lat' dir='ltr'><strong>quum</strong></span> <span class='ocrx_word' id='word_1_274' title='bbox 1185 3934 1288 3993; x_wconf 85' lang='lat' dir='ltr'><strong>ejus</strong></span> <span class='ocrx_word' id='word_1_275' title='bbox 1307 3930 1550 3996; x_wconf 78' lang='lat' dir='ltr'><strong>particeps</strong></span> <span class='ocrx_word' id='word_1_276' title='bbox 1636 3946 1781 3994; x_wconf 77' lang='lat' dir='ltr'><strong>quam</strong></span> <span class='ocrx_word' id='word_1_277' title='bbox 1808 3931 2012 3997; x_wconf 67' lang='lat' dir='ltr'><strong>privata</strong></span> <span class='ocrx_word' id='word_1_278' title='bbox 2041 3930 2276 3996; x_wconf 65' lang='lat' dir='ltr'><strong>potentin</strong></span> <span class='ocrx_word' id='word_1_279' title='bbox 2296 3947 2438 3980; x_wconf 68' lang='lat' dir='ltr'><strong>mun</strong></span> <span class='ocrx_word' id='word_1_280' title='bbox 2452 3967 2469 3993; x_wconf 90' lang='lat'><strong><em>‚</em></strong></span> <span class='ocrx_word' id='word_1_281' title='bbox 2497 3934 2663 3997; x_wconf 72' lang='lat' dir='ltr'><strong>nupi-</strong></span> 
     </span>
     <span class='ocr_line' id='line_1_34' title="bbox 525 4008 2662 4079; baseline 0.002 -23"><span class='ocrx_word' id='word_1_282' title='bbox 525 4008 748 4059; x_wconf 69' lang='lat' dir='ltr'><strong>victoriae</strong></span> <span class='ocrx_word' id='word_1_283' title='bbox 804 4012 965 4060; x_wconf 74' lang='lat' dir='ltr'><strong>Caesar</strong></span> <span class='ocrx_word' id='word_1_284' title='bbox 1010 4012 1306 4072; x_wconf 67' lang='lat' dir='ltr'><strong>cemimus</strong></span> <span class='ocrx_word' id='word_1_285' title='bbox 1352 4011 1551 4069; x_wconf 79' lang='lat' dir='ltr'><strong>fuisset,</strong></span> <span class='ocrx_word' id='word_1_286' title='bbox 1640 4022 1849 4060; x_wconf 77' lang='lat' dir='ltr'><strong>caretur.</strong></span> <span class='ocrx_word' id='word_1_287' title='bbox 1884 4012 2041 4073; x_wconf 76' lang='lat' dir='ltr'><strong>Quam</strong></span> <span class='ocrx_word' id='word_1_288' title='bbox 2078 4012 2406 4078; x_wconf 77' lang='lat' dir='ltr'><strong>suspicionem</strong></span> <span class='ocrx_word' id='word_1_289' title='bbox 2442 4029 2520 4063; x_wconf 81' lang='lat' dir='ltr'><strong>res</strong></span> <span class='ocrx_word' id='word_1_290' title='bbox 2557 4013 2662 4079; x_wconf 73' lang='lat' dir='ltr'><strong>ipsa</strong></span> 
     </span>
     <span class='ocr_line' id='line_1_35' title="bbox 527 4088 2373 4154; baseline 0.001 -16"><span class='ocrx_word' id='word_1_291' title='bbox 527 4101 688 4139; x_wconf 76' lang='lat' dir='ltr'><strong>tamen</strong></span> <span class='ocrx_word' id='word_1_292' title='bbox 719 4088 799 4137; x_wconf 86' lang='lat' dir='ltr'><strong>hic</strong></span> <span class='ocrx_word' id='word_1_293' title='bbox 837 4105 864 4137; x_wconf 80' lang='lat' dir='ltr'><strong>a</strong></span> <span class='ocrx_word' id='word_1_294' title='bbox 903 4090 1056 4138; x_wconf 79' lang='lat' dir='ltr'><strong>Bmto</strong></span> <span class='ocrx_word' id='word_1_295' title='bbox 1082 4106 1183 4137; x_wconf 86' lang='lat' dir='ltr'><strong>non</strong></span> <span class='ocrx_word' id='word_1_296' title='bbox 1217 4091 1551 4147; x_wconf 78' lang='lat' dir='ltr'><strong>nominatum3</strong></span> <span class='ocrx_word' id='word_1_297' title='bbox 1644 4088 1819 4139; x_wconf 85' lang='lat' dir='ltr'><strong>deinde</strong></span> <span class='ocrx_word' id='word_1_298' title='bbox 1848 4090 2201 4154; x_wconf 80' lang='lat' dir='ltr'><strong>comprobavit.</strong></span> <span class='ocrx_word' id='word_1_299' title='bbox 2228 4092 2373 4139; x_wconf 65' lang='lat' dir='ltr'><strong>Mur·</strong></span> 
     </span>
    </p>
   </div>
  </div>
 </body>
</html>
