3019 4681
504 384 646 458 630
1148 386 1246 460 M.
1298 387 1375 454 Τ.
1429 384 1989 455 CICERONIS

500 504 919 581 calefecerat
951 508 1379 593 MemmiuS,
1423 507 1561 594 sic,
1610 520 1693 577 ut
1731 503 2008 577 Calidio
2056 500 2363 577 verbum
2404 500 2657 575 facere

502 640 638 716 pro
681 641 770 689 eo
813 641 964 689 non
1011 616 1311 689 licuerit.
1359 616 1709 689 Postridie
1767 630 2009 689 autem
2068 615 2223 711 ejus
2276 613 2461 700 diei,
2516 616 2653 710 qui

503 742 656 827 erat
694 742 846 797 tum
885 724 1210 816 ἕαται-ηε,
1249 750 1478 823 quum
1517 727 1669 799 haec
1710 724 2115 799 scribebam
2158 739 2325 797 ante
2367 724 2652 811 lucem,

502 835 697 935 apud
737 840 1082 909 Catonem
1139 851 1292 913 erat
1354 836 1702 911 divinatio
1726 848 1747 883 ²
1816 838 1893 907 in
1952 835 2344 907 Gabinium
2401 832 2653 906 futura

502 950 695 1019 inter
728 949 1190 1036 Memmium,
1227 962 1300 1019 et
1325 946 1482 1021 Tib.
1512 952 1915 1033 Neronem,
1950 961 2026 1018 et
2064 952 2145 1019 C.
2188 960 2263 1017 et
2296 949 2373 1015 L.
2414 950 2650 1015 Anto-

505 1059 700 1143 nios,
735 1061 832 1127 M.
871 1062 944 1128 F.
977 1056 1414 1131 Putabamus
1442 1055 1639 1146 fore,
1672 1073 1758 1129 ut
1788 1057 2131 1129 Memmio
2162 1054 2475 1146 daretur,
2513 1054 2653 1125 etsi

511 1182 666 1239 erat
683 1168 989 1239 Neronis
1019 1169 1200 1239 mira
1227 1169 1621 1239 contentio.
1651 1166 1843 1259 Quid
1872 1166 2188 1264 quaeris?
2231 1164 2462 1263 probe
2478 1188 2652 1261 pre-

513 1278 757 1361 mitur,
779 1278 920 1349 nisi
952 1292 1200 1352 noster
1238 1280 1627 1374 Pompeius
1648 1332 1669 1365 ,
1703 1277 1839 1348 diis
1874 1274 2439 1371 hominibusque
2462 1274 2653 1343 invi-

511 1387 602 1457 tis
623 1442 643 1473 ‚
687 1390 1056 1485 negotium
1113 1390 1467 1462 everterit.
1512 1392 1887 1485 Cognosce
1927 1410 2127 1458 nunc
2163 1385 2474 1457 hominis
2518 1407 2653 1453 au·-

512 1497 786 1569 ‹laciam
805 1553 824 1586 ,
841 1512 913 1570 et
936 1499 1207 1597 aliquid
1221 1501 1298 1573 in
1317 1497 1689 1597 republica
1710 1496 1989 1594 perdita
2010 1496 2386 1568 delectare.
2402 1496 2651 1583 Quum

516 1606 894 1694 Gabinius»,
917 1634 1378 1707 quacumque
1403 1607 1739 1681 veniebat
1764 1660 1784 1695 ‚
1805 1606 2261 1704 triumphum
2299 1630 2373 1677 se
2402 1619 2655 1703 postu-

513 1716 665 1803 lare
709 1718 1038 1809 dixisset,
1095 1718 1490 1817 subitoque
1528 1718 1772 1789 bonus
1814 1720 2210 1815 imperator
2236 1724 2267 1759 ²
2314 1729 2539 1787 noctu
2573 1716 2655 1787 in

517 1826 790 1899 Urbem
817 1884 837 1918 ‚
869 1830 1192 1902 hostium
1215 1830 1428 1930 plane
1453 1884 1472 1917 ,
1499 1830 1908 1917 invasisset,
1940 1829 2020 1897 in
2046 1842 2374 1899 senatum
2400 1850 2475 1897 se
2501 1848 2657 1895 non

516 1938 1033 2012 committebat.
1091 1942 1392 2012 Interim
1446 1942 1604 2038 ipso
1656 1938 1939 2009 decimo
1995 1935 2155 2027 die,
2206 1962 2358 2035 quo
2414 1938 2655 2035 ipsum

521 2050 906 2146 oportebat
935 2050 1250 2122 hostium
1271 2048 1299 2094 ³
1329 2074 1716 2123 numerum
1737 2104 1757 2139 ,
1777 2063 1851 2121 et
1874 2048 2181 2121 militum
2204 2050 2619 2120 renuntiare
2634 2100 2655 2133 ‚

522 2160 602 2229 in
635 2186 714 2233 re
753 2160 954 2235 haesit
970 2166 1026 2249 4,
1059 2186 1342 2239 summa
1380 2160 1891 2259 infrequentia.
1919 2162 2165 2250 Quum
2192 2160 2408 2231 vellet
2428 2160 2621 2230 exire
2640 2212 2661 2245 ,

522 2294 565 2342 a
609 2269 1031 2345 consulibus
1087 2286 1414 2346 retentus
1477 2288 1588 2346 est
1661 2299 1677 2342 τ
1740 2272 2133 2345 introducti
2199 2270 2565 2370 publicani
2598 2267 2655 2338 ⁵.

522 2385 762 2451 Homo
809 2381 1134 2482 undique
1179 2402 1380 2457 actus
1406 2438 1427 2473 ,
1475 2409 1709 2481 quum
1748 2407 1789 2455 a
1831 2379 1945 2454 me
1978 2387 2287 2456 maxime
2326 2382 2659 2454 vulnera-

520 2506 761 2580 retur,
803 2518 953 2566 non
981 2493 1146 2565 tulit
1167 2549 1188 2576 ‚
1229 2509 1305 2566 et
1329 2519 1446 2565 me
1479 2497 1819 2566 trementi
1846 2517 2024 2564 voce
2057 2493 2377 2565 exsulem
2412 2491 2659 2590 appel-

527 2600 721 2672 lavit.
765 2605 896 2674 Hic
931 2611 1017 2699 (o
1050 2603 1189 2675 dii!
1225 2606 1407 2676 nihil
1438 2629 1785 2702 umquam
1816 2602 2417 2675 honorificentius
2448 2599 2661 2674 nobis

527 2711 870 2808 accidit),
902 2719 1355 2787 consurrexit
1395 2731 1685 2788 senatus
1718 2739 1888 2786 curn
1922 2715 2234 2786 clamore
2268 2715 2360 2786 ad
2398 2737 2663 2802 unum,

531 2823 666 2910 sic,
711 2837 794 2895 ut
830 2822 921 2894 ad
959 2847 1224 2923 corpus
1265 2827 1423 2923 ejus
1461 2825 1878 2915 accederet3
1921 2827 2079 2923 pari
2106 2824 2415 2898 clamore
2446 2838 2663 2922 atque

605 3031 648 3063 ι.
665 3013 925 3066 Divinatio.
939 3017 1340 3082 Contentio‚qnis
1350 3018 1551 3070 deberet.
1633 3027 1739 3070 tum
1760 3015 1858 3080 hoc
1886 3015 2032 3073 fuine
2057 3015 2345 3065 crediderim
2362 3050 2378 3075 ‚
2424 3027 2478 3064 ut
2518 3031 2665 3064 caeso·

526 3111 768 3148 accusare.
815 3097 1021 3146 Causam
1055 3099 1266 3147 nominis
1309 3099 1549 3148 Pedianus
1632 3112 1744 3144 rum
1764 3112 1865 3144 non
1888 3107 1985 3144 tum
2003 3096 2219 3145 hostium
2238 3132 2253 3155 ,
2279 3112 2428 3160 quam
2450 3095 2659 3144 militnm

531 3176 736 3244 exponit
753 3211 770 3238 ,
798 3178 913 3241 qni·
939 3194 1042 3231 non
1067 3177 1128 3230 de
1153 3177 1285 3228 fecto
1306 3194 1549 3243 quarere-
1635 3191 1892 3227 Μαι-ιω
1920 3176 1974 3224 in
2002 3187 2173 3226 senatu
2200 3187 2527 3239 exponerent.
2546 3177 2629 3226 In.

533 3266 630 3316 tur,
650 3255 737 3304 ned
754 3255 818 3304 de
835 3257 1002 3308 futuro
1020 3292 1035 3318 ,
1061 3274 1172 3322 quae
1191 3269 1262 3311 est
1286 3255 1551 3314 divinatio.
1712 3263 1763 3312 4.
1787 3254 2006 3320 irrepsit.
2030 3258 2140 3304 Hoc
2158 3265 2249 3313 est,
2264 3255 2471 3306 latenter
2488 3290 2507 3316 ‚
2532 3271 2667 3305 more

531 3346 639 3384 uter
657 3333 854 3384 deberet
876 3353 1114 3384 accusare.
1131 3339 1343 3386 Mun-r.
1639 3334 1921 3382 animuum
1952 3335 2227 3399 repentium
2242 3369 2259 3394 ,
2285 3337 2422 3384 venit
2442 3337 2497 3384 in
2527 3353 2667 3386 sena-

603 3429 652 3465 a.
691 3416 855 3462 Bonus
893 3413 1170 3479 imperator.
1215 3417 1292 3463 Ex
1326 3414 1555 3479 ambiguo
1640 3424 1745 3462 tum
1760 3449 1776 3473 ,
1817 3429 1920 3478 qno
1968 3425 2190 3479 tempore
2229 3426 2477 3464 senatore·
2522 3417 2670 3480 pauci

535 3494 684 3543 ludit.
704 3493 830 3542 Nam
849 3496 994 3559 periti
1011 3495 1324 3560 imperatores
1340 3495 1556 3560 plerum·
1642 3493 1860 3544 aderant.
1879 3493 1983 3543 Alii
2016 3494 2185 3558 legunt
2199 3529 2215 3554 ‚
2239 3515 2263 3538 ι
2299 3496 2351 3542 in
2378 3511 2431 3543 re
2454 3497 2595 3544 baesit
2618 3517 2669 3545 »-

536 3591 632 3639 que
645 3585 794 3622 noctu
803 3576 1078 3640 irrumpunt
1091 3575 1144 3623 in
1162 3575 1308 3624 urbes
1323 3574 1554 3624 bostium.
1640 3572 1837 3638 Lipsius
1862 3589 1981 3622 vero
2002 3609 2016 3634 ,
2056 3595 2078 3617 ι
2099 3575 2218 3622 mine
2243 3575 2385 3624 hesit
2411 3592 2598 3623 summa
2618 3577 2671 3623 in

533 3655 631 3700 lste
655 3668 791 3713 vero,
813 3668 1022 3716 nequam
1042 3654 1322 3717 imperator,
1332 3670 1484 3717 quum
1507 3671 1562 3703 se
1648 3651 1970 3716 frequentia».
1996 3654 2157 3715 Quem
2183 3654 2293 3702 vide
2315 3688 2332 3713 ,
2349 3655 2522 3718 Antiq.
2540 3659 2673 3703 Lect-

537 3732 656 3779 odIo
681 3747 783 3780 esse
807 3732 990 3779 civitati
1019 3733 1218 3781 sentiret
1237 3769 1252 3795 ,
1277 3733 1346 3782 sic
1370 3743 1425 3782 nt
1447 3750 1561 3782 eum
1646 3731 1735 3794 IV,
1764 3732 1848 3780 13.
1883 3758 1955 3770 ——
1988 3734 2180 3798 Lipsius
2212 3745 2262 3781 et
2286 3733 2519 3784 Gulielm.
2544 3750 2673 3783 corr.

537 3809 692 3858 bostis
714 3809 829 3857 loco
854 3809 1054 3860 haberet
1073 3845 1088 3870 ‚
1122 3823 1277 3860 noctu
1301 3812 1528 3863 introivit
1545 3848 1559 3872 ,
1658 3831 1680 3854 ι
1698 3811 1817 3860 mire
1844 3811 2045 3874 haesit-3
2065 3813 2319 3860 Manutius
2336 3828 2454 3861 vem
2469 3848 2485 3874 ,
2510 3813 2675 3861 multis

537 3890 760 3936 convicia
809 3891 986 3938 veritus
1029 3903 1081 3940 et
1121 3893 1468 3955 contumelias,
1517 3895 1559 3940 si
1652 3893 2011 3958 probantibus,
2043 3895 2277 3958 «irrepsit
2298 3916 2340 3943 ι.
2364 3897 2485 3944 LV.
2512 3897 2566 3943 1..

533 3969 750 4017 interdiu
777 3969 1124 4030 ingrederetur.
1149 3974 1298 4018 Inus.
1723 3975 1769 4020 5.
1805 3973 2085 4024 Publicam'.
2116 3975 2305 4038 Syr-iani
2322 4010 2338 4032 ,
2361 3973 2577 4023 Gabinio
2604 3973 2675 4020 in-

611 4053 658 4098 3.
699 4049 939 4097 Hostium.
971 4051 1211 4098 Omnibus
1239 4051 1381 4114 plane
1403 4052 1559 4116 impe·
1650 4055 1789 4102 sensi.
1828 4057 2068 4117 Questum
2096 4055 2227 4102 enim
2267 4071 2351 4101 sua
2398 4054 2574 4100 damna
2614 4051 2677 4098 ad

525 4127 780 4180 mon-ihus
797 4161 811 4186 ,
843 4146 872 4176 e
887 4128 1140 4194 pruvincia
1159 4131 1362 4180 reversis
1378 4165 1392 4190 ,
1421 4132 1565 4179 usita-
1652 4143 1869 4182 senatum
1898 4145 2157 4183 venerant:
2183 4133 2336 4197 qnod,
2356 4147 2509 4196 quum
2526 4131 2677 4180 Gabi-
