3019 4681
488 347 633 428 224
1137 344 1235 411 M.
1286 343 1364 411 T.
1420 343 1980 414 CICERONIS

482 467 883 538 miserrima
928 461 1265 534 facultate
1286 460 1314 508 ⁵
1362 461 1737 535 confectus
1781 464 2181 536 conflictor.
2225 465 2421 537 Nihil
2470 491 2626 540 um-

430 607 433 610 *
484 600 703 675 quam
738 573 971 645 simile
1000 588 1250 646 natum
1282 588 1505 671 puto:
1546 577 1664 644 cui
1699 574 1760 645 si
1795 599 1940 672 qua
1974 600 2054 646 re
2097 578 2475 649 consulere
2503 579 2625 651 ali-

482 685 663 784 quid
705 708 1039 784 possum,
1091 685 1308 781 cupio
1346 708 1389 756 a
1442 697 1512 755 te
1559 682 1960 755 admoneri.
2001 685 2235 758 Video
2295 688 2624 760 eamdem

484 820 639 868 esse
683 792 1177 866 difficultatem
1200 848 1219 881 ‚
1258 817 1477 890 quam
1517 794 1595 863 in
1645 793 1948 866 consilio
1991 794 2233 868 dando
2261 813 2472 870 ante:
2515 813 2623 870 ta-

482 931 655 978 men
712 905 855 975 hoc
906 927 1022 974 me
1064 904 1289 999 magis
1346 902 1718 991 sollicitat,
1757 929 1976 1002 quam
2018 908 2286 977 omnia.
2335 913 2422 978 In
2454 931 2624 1004 pen·

486 1017 693 1089 sione
720 1009 1080 1086 secunda⁶
1112 1014 1273 1084 caeci
1300 1010 1594 1084 fuimus.
1624 1013 1866 1085 Alium
1895 1017 2182 1086 mallem
2202 1027 2254 1088 ⁷.
2289 1015 2431 1088 Sed
2455 1043 2626 1114 prae-

484 1124 697 1196 teriit.
729 1127 828 1194 Te
855 1146 986 1193 oro
1006 1175 1027 1210 ,
1064 1136 1146 1193 ut
1176 1125 1253 1192 iu
1284 1120 1584 1220 perditis
1617 1121 1876 1212 rebus»,
1901 1126 1960 1196 si
1990 1125 2171 1223 quid
2213 1129 2368 1224 cogi
2389 1181 2408 1214 ,
2451 1152 2624 1198 con-

487 1234 607 1308 fici
642 1249 926 1334 potest,
958 1231 1158 1331 quod
1198 1234 1289 1304 sit
1325 1233 1401 1304 in
1431 1247 1629 1322 tuto,
1671 1259 1760 1306 ex
1801 1251 2144 1334 argento,
2185 1261 2429 1334 neque
2457 1240 2624 1309 satis

485 1345 713 1417 multa
746 1369 837 1416 ex
874 1342 1357 1441 supellectile,
1388 1341 1518 1414 des
1555 1366 1872 1440 operam.
1913 1351 2068 1417 Jam
2107 1347 2300 1417 enim
2337 1345 2625 1418 videtur

486 1456 732 1529 adesse
756 1469 1160 1528 extremum
1176 1509 1196 1543 ‚
1228 1478 1367 1526 nec
1393 1453 1541 1524 ulla
1567 1452 1722 1526 fore
1749 1455 2074 1528 conditio
2102 1457 2295 1555 pacis
2311 1511 2332 1544 ‚
2359 1479 2622 1554 eaque,

488 1591 651 1664 quae
680 1578 886 1651 sunt,
918 1565 1131 1635 etiam
1170 1565 1325 1635 sine
1365 1561 1775 1636 adversario
1804 1567 2144 1664 peritura.
2175 1573 2340 1637 Haec
2376 1569 2624 1666 etiam,

438 1661 451 1672 ⁸
489 1678 551 1751 si
590 1674 977 1762 videbitur,
1018 1697 1189 1746 cum
1244 1674 1579 1745 Terentia
1631 1674 1928 1772 loquare
1979 1691 2410 1774 opportune.
2455 1679 2623 1748 Non

488 1812 683 1885 queo
712 1785 956 1856 omnia
988 1781 1325 1855 scribere.
1362 1782 1562 1854 Vale.
1600 1807 1682 1854 111
1722 1810 1897 1856 non.
1937 1779 2224 1882 quint.⁸

488 1957 644 2005 facere
686 1956 877 2020 possint
892 1988 907 2014 ,
954 1953 1058 2017 ipse
1103 1952 1327 2002 advertas
1372 1967 1515 2016 rogo.

486 2037 693 2093 Εὔπιςον
716 2044 862 2082 vocat
894 2033 1139 2081 homiuem
1166 2033 1431 2096 explorate
1455 2029 1518 2078 fl-

490 2115 571 2163 dei
586 2147 602 2172 ,
636 2123 685 2160 et
728 2113 809 2158 cui
852 2120 964 2158 tuto
1010 2109 1143 2158 credi
1191 2111 1365 2174 possit.
1404 2111 1516 2158 Huc

492 2201 715 2259 spectant
724 2189 867 2238 verbs
888 2189 970 2236 ills
990 2187 1211 2253 epistola
1224 2188 1515 2253 superioris,

492 2295 519 2316 0-
540 2269 725 2337 poteris
751 2283 856 2316 esm
878 2283 1075 2315 monere
1093 2300 1108 2325 ,
1132 2278 1189 2315 ut
1214 2267 1361 2314 alicui
1378 2281 1516 2315 com-

492 2352 655 2399 mittat
666 2383 681 2408 ‚
702 2359 795 2395 etc.
817 2368 843 2389 n
860 2347 1132 2394 Bosrus.-
1146 2348 1305 2393 Antea
1323 2344 1518 2409 legeba-

492 2441 574 2478 tur
589 2462 604 2489 ,
633 2447 656 2471 ιι
686 2424 817 2491 apud
836 2424 1065 2488 epistolas
1080 2423 1237 2472 velint
1252 2435 1309 2471 ut
1323 2425 1518 2488 possint

493 2508 718 2558 adversas
731 2527 772 2553 n.
818 2503 963 2552 Unde
1007 2518 1175 2551 sensus
1210 2502 1322 2550 elici
1352 2502 1518 2551 nunus

494 2594 676 2653 potest.
698 2582 833 2633 Bosii
856 2582 1134 2642 conjecturs
1168 2596 1269 2629 non
1304 2592 1376 2630 est
1402 2582 1518 2647 qui-

496 2666 609 2715 dem
649 2674 813 2721 cert-3
860 2660 1010 2710 immo
1036 2672 1110 2709 est
1133 2659 1397 2723 sudseiou
1430 2662 1520 2709 eed

494 2742 778 2806 hujusmodi
815 2751 972 2789 tamen
987 2774 1004 2801 ‚
1033 2750 1089 2787 ut
1132 2738 1345 2787 tenebris
1387 2756 1518 2805 ρη-

495 2837 619 2872 stare
646 2822 883 2869 videatur.
905 2819 1055 2868 ouv-

569 2898 620 2953 5.
638 2899 911 2949 Miserrima
924 2896 1187 2959 facultate.
1206 2896 1365 2963 Negat
1380 2900 1522 2949 Grae·

496 2986 607 3033 vius
632 2982 853 3030 miset-am
886 2988 971 3026 aut
1006 2978 1321 3026 miserrimam
1362 2978 1522 3025 facul·

498 3074 644 3113 tatem
683 3074 775 3125 pro
824 3057 991 3121 inopis
1027 3072 1171 3122 posse
1207 3057 1383 3121 accipi.
1419 3058 1524 3107 Cur

498 3143 627 3191 enim
642 3142 665 3188 i·
688 3140 771 3187 An
793 3137 906 3201 quis
937 3148 1159 3201 pugnant
1183 3134 1525 3201 secumfacul-

494 3234 573 3270 cas
588 3230 637 3269 et
665 3216 832 3281 inopia
846 3218 1170 3278 1²Pugnanme
1185 3215 1361 3279 magis,
1378 3229 1522 3278 quam

494 3299 752 3351 strenuitas
770 3307 821 3343 et
846 3294 1019 3343 inertia
1036 3295 1060 3341 Ρ
1076 3294 1231 3357 Atqui
1258 3293 1382 3339 dixit
1410 3296 1521 3343 Ho-

496 3382 674 3436 atius,
694 3378 785 3440 Ep.
806 3376 882 3421 xl
902 3407 916 3429 ‚
956 3389 975 3419 ι
992 3388 1037 3430 t,
1054 3372 1117 3419 28
1134 3406 1150 3431 ‚
1172 3392 1197 3413 κ
1215 3382 1408 3419 strenus
1430 3388 1523 3420 nos

494 3468 685 3509 exercet
702 3455 873 3503 inertia
890 3476 933 3503 υ.
955 3454 1072 3501 Eru.
1101 3474 1127 3493 ι-
1150 3452 1207 3501 E.
1228 3451 1277 3498 h.
1304 3453 1522 3500 miserri-

496 3556 587 3589 mo
605 3538 823 3587 fatuitate
842 3533 979 3581 conf.
999 3530 1255 3580 conflictor
1270 3550 1317 3579 s.
1346 3530 1522 3578 Faeni·

496 3631 597 3668 tate
619 3626 735 3665 esta
763 3613 987 3671 Gra-vio,
1020 3610 1109 3675 qui
1142 3608 1287 3675 hujus
1326 3609 1388 3657 de
1426 3610 1523 3658 Te·

494 3697 651 3747 remia
674 3695 1021 3757 interpretatur
1056 3706 1069 3739 z
1108 3688 1195 3737 sed
1240 3689 1377 3752 quod
1404 3705 1524 3738 mox

498 3776 619 3825 dieit
642 3773 815 3821 Cicero
840 3784 853 3819 ε
878 3793 904 3813 κ
930 3774 1043 3819 Hoc
1069 3786 1146 3819 mc
1164 3770 1315 3832 magis
1340 3768 1524 3817 sollici·

498 3866 600 3913 tat,
630 3868 775 3916 quam
808 3850 970 3898 omnia
992 3872 1044 3912 a,
1068 3851 1185 3897 estis
1211 3848 1425 3897 ostendit
1460 3848 1524 3897 de

496 3933 658 3985 Tullia
671 3931 764 3994 agi.
785 3929 1011 3977 Ceterum
1033 3943 1185 3992 quum
1220 3927 1280 3976 de
1297 3928 1524 3976 Terentia

499 4012 748 4080 queritur,
774 4024 879 4056 uon
914 4008 1178 4055 fatuitatem
1224 4005 1522 4070 exprobret,

496 4085 583 4134 sed
625 4081 777 4131 scelus
812 4090 862 4126 et
898 4078 1129 4127 scelerate
1156 4078 1336 4125 factum
1382 4076 1518 4126 dicit.

496 4162 693 4216 sehiitz.
739 4157 1057 4209 nihilominus
1096 4156 1271 4222 recipit
1309 4156 1520 4205 miserri-

1605 1961 1699 1994 moe
1709 1943 1953 2010 fatuitate
1987 1957 2038 1996 et
2080 1947 2142 1996 de
2176 1947 2336 1996 Tulli·
2371 1946 2626 2011 intelligit,

1603 2027 1744 2088 quui
1782 2025 2046 2092 exprobret
2079 2028 2254 2076 Cicero
2285 2025 2403 2074 filiae
2420 2061 2438 2088 ,
2488 2025 2628 2090 quod

1601 2105 1907 2154 Dolabellam
1926 2107 2174 2155 amaverit.
2204 2105 2297 2153 Sed
2311 2107 2408 2154 hoc
2428 2105 2618 2170 egregie

1603 2183 1778 2232 refellit
1814 2185 1848 2233 J
1853 2221 1868 2233 .
1897 2186 1960 2233 V.
1987 2187 2040 2232 L.
2061 2194 2110 2232 et
2139 2183 2438 2232 locutionem
2465 2183 2629 2232 miser-

1603 2262 1730 2311 rima
1747 2262 1964 2327 facultas
1984 2279 2076 2330 pro
2093 2275 2378 2329 paupertate
2403 2264 2628 2313 usitatam

1605 2340 1839 2393 dese-dit.
1869 2344 2036 2393 Editio
2071 2359 2270 2408 quoque
2303 2346 2450 2393 Rom.
2463 2340 2631 2411 fatui-

1604 2432 1720 2470 mec.
1745 2425 1838 2471 En.
2525 2467 2532 2475 .

1676 2502 1725 2551 6.
1746 2500 1986 2549 Pensione
2005 2501 2235 2550 secunda.
2257 2501 2488 2565 Intelligit
2506 2518 2628 2567 pen-

1605 2580 1792 2629 sionem
1817 2580 2082 2630 secundnm
2107 2580 2238 2629 dotis
2257 2616 2272 2640 ‚
2297 2597 2444 2645 qnam
2470 2580 2622 2629 Dola·

1605 2658 1747 2709 heum
1785 2662 1999 2709 solveret
2037 2644 2170 2709 auno
2203 2661 2452 2725 superiore
2467 2692 2484 2720 ,
2513 2670 2629 2725 post

1603 2738 1704 2791 hl.
1735 2742 1890 2805 quint.
1912 2757 1992 2806 ep.
2020 2742 2072 2790 3.
2105 2742 2296 2791 Pom.

1681 2836 1732 2881 7.
1772 2819 1938 2868 Alium
1965 2820 2180 2868 mallem.
2212 2818 2372 2868 Doleo
2389 2818 2535 2868 fuisse
2551 2834 2628 2867 me

1608 2914 1792 2947 cecum
1823 2914 1836 2948 :
1861 2899 2054 2947 mallem
2097 2898 2151 2946 id
2191 2897 2276 2947 alii
2316 2898 2626 2963 contigisset:

1607 2978 1798 3026 mallem
1808 2978 1956 3027 alium
1965 2978 2110 3026 fuisse
2119 2980 2467 3027 eacumd’utat
2479 2980 2628 3026 Mou-

1611 3057 1813 3122 galtius‚
1852 3058 1948 3106 hoc
1971 3072 2121 3121 genus
2165 3057 2429 3120 loquendi,
2457 3056 2626 3105 Alium

1609 3136 1806 3189 mallem
1826 3171 1842 3195 ,
1861 3138 1912 3185 in
1925 3137 2172 3184 communi
2187 3152 2276 3185 usu
2294 3147 2344 3185 et
2362 3135 2628 3203 proverbio

1607 3216 1773 3264 fuisse.
1801 3216 2005 3265 comd.
2023 3216 2315 3280 opinabatur
2343 3215 2440 3279 legi
2456 3228 2626 3280 posse:

1613 3294 1766 3343 Aliud
1780 3296 1975 3343 mallem
1990 3294 2158 3342 fecisse
2185 3308 2199 3342 :
2221 3305 2276 3341 ut
2294 3295 2455 3343 dicere
2471 3294 2632 3343 solent

1609 3372 1682 3422 illi
1693 3410 1708 3435 ‚
1724 3390 1848 3438 quos
1859 3374 2045 3438 aliquid
2061 3374 2230 3423 fecisse
2248 3374 2380 3439 poeni
2387 3384 2468 3421 tet.
2479 3376 2629 3422 Ouv.

1684 3454 1734 3503 8.
1778 3456 1864 3500 111
1898 3469 2012 3502 non.
2048 3453 2202 3518 quint.
2237 3454 2310 3502 Ex
2337 3452 2506 3501 diebus
2543 3453 2632 3501 ad·

1609 3532 1834 3597 scriptis,
1875 3524 2072 3595 quibus*
2096 3532 2220 3581 dato
2262 3530 2627 3596 significantur,

1611 3612 1920 3677 perspicitur,
1935 3626 2078 3675 quam
2097 3610 2403 3675 perturbatus
2423 3609 2550 3659 ordo
2567 3610 2634 3659 sit

1609 3701 1929 3740 extremarum
1965 3690 2076 3738 libri
2121 3689 2266 3751 hujus
2299 3689 2632 3754 epistolarum.

1609 3768 1852 3819 Videntur
1883 3770 1950 3818 ita
1984 3784 2124 3834 posse
2159 3768 2420 3829 distribui,
2443 3781 2500 3816 ut
2525 3768 2632 3818 haec

1609 3850 1714 3916 ⁵1²⁸?
1731 3849 1905 3914 incipit
1921 3884 1937 3911 ,
1954 3846 2116 3896 Facile
2143 3848 2384 3895 assentior
2401 3882 2417 3906 ‚
2455 3849 2520 3895 sit
2550 3862 2631 3911 19.

1611 3930 1673 3977 Et
1691 3944 1800 3991 quae
1821 3926 2050 3991 deinceps
2063 3960 2080 3985 ,
2105 3948 2130 3969 ι
2147 3926 2297 3988 Quod
2320 3925 2379 3974 ad
2405 3937 2453 3975 te
2467 3949 2492 3969 n
2507 3961 2524 3986 ,
2544 3942 2632 3976 ao.

1617 4030 1640 4052 ιι
1661 4008 1784 4056 Cum
1801 4009 1960 4067 tuin,
1983 4022 2069 4056 21.
2092 4008 2250 4069 «Qua
2266 4006 2520 4071 dudum„
2541 4024 2632 4059 aa.

1607 4108 1634 4129 α
1648 4086 1884 4135 Kalama
1899 4096 2026 4149 sept.
2041 4106 2065 4129 s
2083 4087 2145 4134 23
2157 4122 2168 4134 .
2183 4086 2400 4150 «Accepi
2413 4103 2470 4135 vr
2489 4086 2592 4137 kal.
2607 4109 2636 4130 ι-

1609 4174 1691 4223 24.
1721 4187 1746 4219 ᾳ
1761 4165 2098 4231 Diligenter»,
2121 4164 2206 4217 25.
2233 4166 2455 4215 Mamur.
