3019 4681
559 381 1079 453 EPIsToLAE
1124 385 1259 452 AD
1308 381 1401 470 Q.
1437 381 1957 467 ΕΒΑΤΒΕΜ,
1991 383 2112 467 11,
2163 359 2269 452 ιε’.
2349 378 2492 476 607

346 578 715 600 mmm
718 579 809 598 m

1392 575 1840 600 mmm

2314 577 2496 597 mm

989 753 1594 839 EPISTOLA
1672 755 1858 832 XV.

354 911 593 969 Caesaris
617 909 679 968 in
707 928 768 967 se
788 927 1045 966 amorem
1071 921 1131 966 et
1158 905 1564 966 liberalitatem
1594 919 2036 975 commemorat,
2067 920 2127 965 et
2158 927 2326 966 suum
2353 927 2490 984 erga
2530 929 2536 976 ι

434 1027 567 1065 eum
588 1005 842 1066 studium
856 1005 1197 1084 pollicetur3
1225 1001 1528 1062 consilium
1556 1021 1726 1060 suum
1742 1045 1760 1074 ‚
1781 1016 1976 1061 utrum
1999 1009 2247 1064 Romam
2274 1003 2496 1076 redeat,

427 1125 500 1162 33
544 1105 605 1164 in
645 1104 831 1162 Gallia
874 1113 1130 1174 maneat,
1168 1114 1228 1159 et
1269 1099 1343 1158 de
1382 1097 1631 1168 ambitu,
1674 1099 1777 1178 qui
1807 1100 1867 1157 in
1896 1101 2197 1160 consulatu
2240 1099 2498 1179 petendo

436 1203 673 1262 exsistat
690 1245 709 1276 ,
737 1200 1065 1281 perscribit.
1091 1199 1315 1279 (Romae
1332 1241 1348 1268 ,
1370 1216 1524 1256 anno
1555 1203 1629 1258 U.
1651 1199 1714 1256 C.
1735 1197 1882 1276 699,
1913 1218 2108 1258 mense
2131 1199 2344 1279 junio.)

946 1373 1299 1442 MARCUS
1346 1376 1429 1458 Q.
1475 1378 1792 1446 FRA'rm
1837 1379 1906 1444 s,

460 1513 826 1581 A.1).1111
872 1531 1051 1578 non.
1085 1506 1241 1601 jun.
1282 1532 1434 1604 quo
1486 1508 1604 1580 die
1644 1513 1946 1580 Romam
2005 1513 2210 1599 veni,
2262 1515 2506 1609 accepi

360 1635 521 1692 tuas
558 1617 828 1705 literas,
856 1615 1056 1687 datas
1081 1615 1515 1708 Placentia13
1545 1617 1807 1692 deinde
1844 1620 2134 1708 alteraS,
2163 1622 2511 1720 postridie

364 1729 563 1802 datas
555 1728 845 1822 Laude,
881 1727 1167 1814 nonis’,
1195 1749 1363 1796 cum
1394 1729 1687 1800 Caesaris
1713 1729 1971 1819 literis,
1993 1725 2278 1801 refertis
2307 1731 2509 1801 omni

361 1837 609 1910 officio
628 1835 1071 1934 ,diligentia,
1109 1837 1475 1910 suavitate.
1514 1843 1698 1910 Sunt
1727 1840 1854 1910 ista
1883 1840 2180 1936 quidem
2213 1863 2506 1936 magna,

361 1949 475 2020 vel
525 1949 767 2056 potius
826 1946 1193 2016 maxima.
1261 1945 1534 2018 habent
1583 1949 1780 2020 enim
1835 1951 1980 2019 vim
2027 1975 2356 2046 magnam
2421 1949 2508 2020 ad

362 2059 697 2156 gloriam,
746 2069 821 2126 et
846 2054 937 2126 ad
964 2078 1319 2128 summam
1352 2055 1800 2155 dignitatem.
1838 2059 2018 2149 Sed,
2055 2059 2234 2130 mihi
2259 2061 2470 2132 crede
2494 2115 2514 2146 ,

366 2193 589 2266 quem
632 2169 861 2254 nosti,
907 2161 1165 2262 quod
1148 2191 1223 2234 1n
1268 2166 1417 2237 istis
1448 2165 1668 2239 rebus
1695 2193 1830 2266 ego
1861 2169 2162 2266 plurimi
2189 2170 2468 2240 aestimo
2489 2225 2508 2256 ,

364 2278 437 2351 id
467 2278 615 2374 jam
657 2274 893 2355 habeo
937 2301 953 2346 ε
999 2289 1073 2345 te
1125 2274 1394 2347 scilicet
1440 2278 1757 2376 primum
1809 2293 1955 2351 tam
2008 2281 2514 2352 inservientem

367 2388 745 2459 communi
794 2385 1175 2483 dignitati3
1230 2382 1496 2459 deinde
1551 2392 1843 2461 Caesaris
1910 2404 2192 2461 tantum
2259 2392 2334 2462 in
2395 2414 2514 2463 me

367 2520 729 2583 amorem,
784 2518 1007 2592 quem
1054 2493 1397 2567 omnibus
1449 2496 1564 2570 his
1600 2498 2004 2571 honoribus
2031 2556 2051 2590 ,
2096 2525 2281 2599 quos
2320 2526 2440 2574 me
2475 2527 2518 2573 a

367 2632 443 2678 se
482 2620 897 2704 exspectare
940 2604 1099 2676 vult
1126 2660 1146 2694 ,
1193 2619 1583 2705 antepono.
1638 2610 1891 2680 Literae
1944 2637 2119 2683 vero
2175 2612 2332 2709 ejus
2371 2637 2519 2684 una

371 2716 553 2788 datae
589 2740 759 2787 cum
802 2719 982 2804 tuiS,
1024 2740 1335 2813 quarum
1390 2718 1680 2790 initium
1721 2734 1869 2809 est,
1922 2746 2144 2817 quam
2181 2725 2414 2794 suavis
2451 2726 2514 2793 ei

371 2841 540 2898 tuus
586 2824 941 2899 adventus
986 2825 1239 2915 fuerit,
1288 2840 1363 2897 et
1413 2828 1825 2901 recordatio
1884 2835 2146 2903 veteris
2205 2834 2518 2921 amoris3

370 2935 673 3026 deinde,
712 2962 789 3008 se
842 2935 1276 3009 effecturum
1302 2992 1321 3025 ,
1366 2952 1449 3008 ut
1505 2963 1640 3036 ego
1686 2944 1764 3010 in
1803 2939 2048 3012 medio
2092 2940 2342 3015 dolore
2369 2998 2388 3029 ,
2441 2968 2522 3015 ac

374 3046 731 3121 desiderio
774 3048 919 3131 tui,
972 3062 1079 3137 te,
1123 3072 1353 3144 quum
1397 3072 1438 3118 a
1484 3073 1602 3119 me
1651 3048 1936 3129 abesses
1969 3105 1990 3139 ‚
2060 3054 2516 3149 potissimum

374 3182 619 3229 secum
666 3182 823 3229 esse
853 3157 1130 3231 laetarer
1163 3184 1179 3227 ε
1210 3156 1738 3230 incredibiliter
1769 3160 2248 3232 delectarunt.
2280 3164 2520 3252 Quare

375 3268 547 3341 facis
600 3282 683 3339 tu
733 3268 1034 3366 quidem
1085 3266 1400 3339 fraterne
1434 3322 1455 3356 ,
1522 3268 1724 3369 quod
1791 3293 1906 3339 me
1967 3269 2278 3343 hortaris
2303 3326 2324 3359 ,
2392 3270 2516 3343 sed

378 3380 794 3456 mehercule
830 3394 1241 3451 currentem
1286 3403 1485 3452 nunc
1545 3380 1840 3477 quidem
1867 3434 1890 3467 ‚
1937 3394 2020 3451 ut
2075 3372 2319 3451 omnia
2362 3404 2524 3451 mea

378 3489 614 3561 studia
672 3492 747 3560 in
804 3494 1023 3562 istum
1074 3513 1306 3560 unum
1359 3488 1748 3562 conferam.
1799 3494 1951 3587 Ego
2007 3514 2181 3562 vero
2242 3489 2524 3562 ardenti

380 3598 679 3699 quidem
713 3599 958 3673 studio
988 3598 1131 3673 hoc
1153 3596 1183 3642 ³
1220 3598 1520 3675 fortasse
1551 3599 1852 3673 efficiam
1872 3655 1893 3690 ,
1929 3599 2129 3698 quod
2169 3624 2352 3700 saepe
2384 3601 2527 3674 via-

458 3814 505 3847 ι.
528 3798 659 3857 Alii,
677 3798 961 3850 Placentia.
985 3800 1111 3848 J.v.
1138 3800 1193 3848 L.
1502 3798 1771 3861 cognitum.
1801 3800 1932 3845 Laus
1953 3832 1969 3857 ‚
2015 3796 2258 3861 oppidum
2300 3808 2374 3847 est
2415 3800 2524 3849 Ph-

458 3896 508 3928 2.
558 3878 761 3940 Laude,
788 3878 949 3927 nonis.
1000 3879 1081 3929 Sic
1128 3876 1416 3929 emendabat
1503 3876 1677 3925 centiae
1704 3875 2076 3939 proxiunn.—
2101 3876 2356 3940 sequimur
2381 3878 2526 3943 Sigo-

388 3958 593 4009 Carolus
611 3958 865 4021 Sigonius,
882 3958 1113 4021 probavit
1134 3959 1387 4007 Manutius
1401 3992 1417 4016 ,
1502 3957 1642 4007 nium
1663 3965 1714 4005 et
1730 3954 2023 4005 Munatium.
2046 3956 2098 4004 J.
2113 3956 2178 4004 V.
2205 3958 2262 4005 1..

386 4039 571 4103 recepit
588 4036 869 4095 lambiunt,
883 4052 1037 4100 qu-
1057 4036 1208 4102 vulgo
1233 4038 1418 4101 leg-tu·-
1577 4036 1629 4084 3.
1665 4032 1794 4093 Alii,
1822 4050 1916 4083 «ac
1937 4034 2200 4087 fortasse-2
2235 4036 2332 4085 Pro
2365 4039 2528 4088 studia

391 4116 728 4164 Blandenonoe
742 4150 756 4173 ,
801 4130 983 4167 nonen
1006 4115 1315 4180 Geographis
1340 4116 1414 4163 in·
1502 4130 1648 4177 supra
1673 4113 1788 4163 snb.
1811 4112 1928 4164 velit
1953 4111 2144 4182 officia.
2179 4117 2278 4165 En.
