3019 4681
649 373 1187 442 EPISTOLAE
1233 373 1371 442 AD
1419 375 1934 461 ATTICUM,
1973 376 2121 459 lx,
2176 372 2285 444 13.
2438 401 2529 472 97

392 473 710 590 ‘quatru's
743 493 1024 591 egregia
1059 507 1481 612 tffnpestaffi
1520 517 1664 592 qua
1692 518 1828 592 ego
1855 493 2057 567 illum
2086 519 2297 567 usum
2332 511 2533 594 put0.

388 605 736 698 ’Συναγωγή
760 596 788 642 ³
832 598 1302 671 consiliorum
1340 615 1637 672 tuorum
1683 625 1836 670 non
1872 614 1979 672 est
2015 625 2055 670 a
2089 625 2208 674 me
2244 601 2541 676 collecta

408 709 498 781 ad
525 709 927 806 querelam,
965 708 1092 780 sed
1126 713 1350 807 magis
1377 709 1469 781 ad
1496 709 2069 782 consolationem
2109 735 2363 784 meam.
2393 717 2543 785 Nec

409 815 603 890 enim
655 843 773 890 me
834 834 981 892 tam
1040 819 1193 890 haec
1250 818 1432 891 mala
1495 818 1859 916 angebant
1882 875 1900 908 ‚
1962 845 2182 918 quam
2226 823 2539 919 suspicio

407 929 639 1025 culpae
695 953 777 1001 ac
834 931 1255 1001 temeritatis
1310 953 1530 1000 meae:
1578 953 1733 1000 eam
1787 927 2057 999 nullam
2112 944 2293 1028 puto
2348 956 2501 1003 esse
2523 987 2543 1020 ‚

406 1041 754 1137 quoniam
793 1063 960 1112 cum
999 1040 1313 1112 consiliis
1349 1042 1492 1110 tuis
1528 1065 1690 1110 mea
1725 1037 1910 1110 sacta
1945 1054 2017 1110 et
2044 1040 2339 1121 consilia
2371 1067 2541 1114 con-

407 1151 757 1220 sentiunt.
805 1149 1024 1241 Quod
1075 1175 1231 1221 mea
1275 1148 1781 1248 praedicatione
1828 1147 2097 1221 factum
2163 1177 2315 1224 esse
2381 1155 2549 1224 scri-

408 1257 520 1330 bis
563 1261 820 1358 magis‚
877 1285 1096 1358 quam
1144 1261 1340 1332 illius
1373 1263 1676 1350 merito,
1717 1276 1799 1331 ut
1842 1275 2124 1333 tantum
2168 1264 2237 1334 ei
2276 1262 2544 1336 debere

409 1365 730 1456 viderer;
770 1385 877 1443 est
912 1374 1032 1441 ita.
1076 1375 1228 1468 Ego
1272 1370 1394 1441 illa
1426 1370 1650 1442 extuli
1681 1395 1991 1468 semper,
2024 1387 2097 1444 et
2122 1357 2212 1444 eo
2248 1373 2544 1471 quidem

409 1482 674 1575 magiS‚
713 1505 808 1552 ne
844 1480 1025 1578 quid
1065 1481 1184 1552 ille
1228 1483 1747 1578 superiorum‘*
1788 1483 2201 1554 meminisse
2244 1507 2363 1555 me
2409 1509 2547 1582 pu-

410 1604 634 1661 taret:
673 1615 834 1687 quae
877 1594 932 1662 si
972 1592 1281 1662 maxime
1325 1581 1843 1677 meminissem,
1879 1607 2119 1664 tamen
2154 1592 2343 1665 illius
2370 1607 2549 1666 tem-

408 1703 608 1797 poris
639 1700 1193 1773 similitudinem
1218 1697 1248 1744 ⁵
1295 1703 1446 1797 jam
1491 1703 1700 1798 sequi
1755 1701 2121 1772 deberem.
2174 1702 2370 1774 Nihil
2431 1729 2550 1775 me

411 1809 722 1906 adjuvit,
771 1835 1003 1908 quum
1053 1826 1342 1909 posset3
1387 1825 1460 1881 et
1516 1825 1769 1909 postea
1804 1809 1941 1882 fuit
1975 1812 2290 1899 amicm,
2334 1814 2551 1910 etiam
2615 1808 2634 1821 “

407 1922 612 1993 valde
631 1916 704 1991 ⁶:
741 1946 1051 2020 ecquam.
1093 1921 1192 1994 ob
1235 1946 1523 1994 causam
1547 1976 1567 2011 ,
1609 1923 1823 2019 plane
1870 1922 2135 1994 nescio,
2179 1927 2371 2019 Ergo
2413 1949 2553 2022 ego

412 2057 711 2131 quoque
745 2031 867 2103 illi.
903 2035 1099 2125 Quin
1134 2033 1346 2105 etiam
1381 2021 1558 2104 illud
1591 2056 1722 2130 par
1748 2036 1827 2103 in
1853 2045 2170 2129 utroque
2197 2047 2556 2123 nostrum,

411 2144 613 2240 quod
663 2142 755 2215 ab
795 2144 1062 2216 eisdem
1111 2143 1374 2216 illecti⁷
1428 2167 1700 2216 sumus.
1752 2142 1895 2214 Sed
1946 2143 2221 2213 utinam
2270 2158 2556 2216 tantum

413 2279 550 2354 ego
579 2255 652 2324 ei
684 2253 1027 2353 prodesse
1065 2256 1458 2353 potuissem
1480 2309 1498 2343 ‚
1534 2267 1888 2351 quantum
1924 2251 2103 2322 mihi
2133 2251 2254 2324 ille
2286 2252 2553 2351 potuit!

411 2364 590 2437 mihi
622 2380 903 2451 tamen,
939 2364 1144 2464 quod
1181 2363 1349 2438 fecit
1370 2419 1389 2452 ,
1426 2366 1906 2463 gratissimum
1936 2392 1949 2431 :
1994 2387 2128 2435 nec
2152 2388 2286 2461 ego
2317 2388 2553 2452 nunc,

413 2500 584 2547 eum
629 2476 878 2570 juvare
938 2498 1081 2572 qua
1132 2500 1208 2546 re
1263 2476 1532 2573 possim
1560 2528 1580 2563 ,
1634 2476 1828 2562 scio-3
1882 2498 2056 2555 nec,
2116 2473 2174 2543 si
2220 2498 2506 2570 possem
2532 2528 2551 2559 ‚

413 2607 642 2682 quum
693 2597 842 2655 tam
901 2582 1320 2681 pestiferum
1363 2583 1640 2655 bellum
1689 2598 1973 2682 pararet
1997 2638 2016 2668 ‚
2060 2584 2553 2679 adjuvandum

413 2710 766 2792 putarem.
805 2698 1114 2766 Tantum
1151 2692 1525 2767 offendere
1560 2698 1884 2765 animum
1913 2694 2071 2788 ejus
2097 2691 2220 2764 hic
2247 2718 2550 2766 manens

413 2922 625 2971 sectione
665 2936 771 2967 mee
812 2918 877 2967 sd
921 2920 1242 2983 Pompeinm3
1289 2934 1434 2983 quem

413 3016 568 3064 quum
579 2999 827 3065 scripserit
837 2997 1091 3047 Dolabella
1109 2999 1268 3063 primo
1285 3008 1434 3045 vento

415 3081 770 3144 navigaturum,
781 3078 1028 3141 navigasse
1042 3086 1191 3140 put03
1205 3076 1436 3139 quonism

412 3160 572 3224 pridie
603 3157 952 3221 Quinquatrus
967 3165 1225 3219 tempestas
1251 3153 1344 3201 fuit
1373 3155 1436 3202 sd

413 3238 742 3301 navigandum
766 3234 972 3283 maxime
989 3233 1184 3282 idonea.
1218 3235 1286 3280 At
1303 3248 1435 3296 quo·

415 3316 566 3365 modo
592 3316 703 3363 'hoe
733 3299 1094 3375 jubent⁴literoe
1134 3310 1400 3360 Dolabella
1419 3346 1434 3372 ,

415 3398 502 3460 qni
527 3394 728 3443 Castris
753 3393 807 3440 in
833 3391 1068 3457 praesidiis
1091 3392 1228 3439 erat?
1254 3417 1326 3427 —
1348 3388 1436 3438 Ju-

415 3474 530 3521 bem
553 3473 708 3532 dixit,
737 3487 830 3537 pro
846 3505 862 3530 ,
897 3468 1148 3543 effieinpt:
1175 3484 1328 3532 quum
1352 3484 1438 3518 ns-

417 3554 600 3619 vig-ne
618 3550 908 3616 Pompeium
922 3551 961 3597 si
967 3546 1213 3614 gnifleent.
1226 3550 1374 3597 Mur.

487 3634 536 3681 3.
583 3627 865 3701 Συναγωγή.
915 3627 1160 3677 Colleceio.
1202 3626 1436 3689 Intelligit

414 3712 498 3761 iun
541 3712 742 3761 consilis
760 3744 779 3771 ‚
825 3724 936 3773 quae
984 3722 1046 3754 ex
1096 3704 1242 3753 variis
1283 3704 1435 3752 literis

416 3792 570 3840 Attici
587 3792 790 3841 collecte
811 3789 1086 3849 conjecerat
1109 3785 1162 3832 in
1181 3782 1436 3849 epistolam

424 3884 486 3919 10
508 3870 658 3931 hujus
676 3868 806 3917 libri.
835 3869 1010 3917 ὕην.

489 3956 539 4003 4.
565 3945 894 4023 Super-iorum.
921 3943 1192 4009 Superioris
1209 3942 1400 4005 iniuria
1417 3977 1433 4003 ,

419 4043 580 4091 quum.
620 4042 698 4074 me
712 4060 726 4085 ‚
757 4040 900 4073 suum
943 4022 1220 4089 presidium
1245 4016 1436 4071 eontra

419 4122 554 4155 neos
567 4106 792 4153 inimicos
813 4103 1150 4169 implorantem
1166 4134 1181 4159 ‚
1209 4100 1436 4151 deseruit.

565 4196 686 4263 ῙῙῙ.
745 4208 840 4257 cic.
860 4221 980 4273 pars
1011 4213 1194 4271 quarta.

1524 2918 1652 2965 Vide
1670 2932 1815 2981 snpra
1835 2918 1981 2981 epist.
2002 2920 2035 2976 4
2058 2917 2205 2977 huius
2236 2918 2367 2969 libri.
2402 2920 2549 2969 Mur.

1597 2996 1646 3044 5.
1686 2994 2073 3045 similitudinem.
2110 2997 2276 3044 Primo
2300 3014 2380 3045 me
2407 2998 2548 3047 dese-

1524 3075 1648 3135 mit,
1670 3089 1820 3137 quum
1840 3075 1994 3139 petris
2011 3074 2182 3138 pulsus
2198 3090 2306 3123 sum
2327 3092 2341 3125 :
2370 3076 2550 3126 deinde

1524 3152 1714 3214 adjuvit
1726 3188 1741 3214 ‚
1758 3162 1814 3199 ut
1832 3154 2132 3202 restitueret:
2149 3154 2266 3202 item
2284 3170 2395 3219 ego,
2412 3156 2549 3218 qnod

1524 3243 1635 3280 unte
1667 3230 1812 3278 omisi
1826 3265 1841 3289 ‚
1888 3246 2024 3279 nnnc
2069 3232 2227 3280 faeere
2263 3234 2421 3282 debeo
2440 3267 2456 3293 ,
2492 3244 2551 3282 nt

1522 3326 1635 3358 eum
1661 3308 1903 3371 adjuvem.
1931 3312 2083 3359 Inus.

1593 3388 1645 3437 6.
1671 3388 1841 3436 Etiam
1858 3388 2029 3437 valde.
2050 3389 2355 3451 conjiciebat
2375 3392 2549 3441 Mure-

1524 3478 1634 3528 tns,
1676 3476 1774 3514 «et
1813 3479 1961 3530 qnam
2000 3466 2169 3526 valde,
2210 3476 2259 3515 et
2296 3484 2443 3532 qnam
2478 3470 2547 3519 ob

1522 3562 1713 3595 esuum
1731 3568 1775 3595 a.

1597 3642 1644 3685 ¹7.
1686 3623 1765 3672 Ab
1792 3624 1974 3673 eisdem
2000 3624 2165 3673 illecti.
2194 3624 2422 3688 Inducti,
2458 3630 2543 3678 de-

1523 3704 1653 3767 cepti
1700 3718 1875 3768 nempe
1924 3719 1953 3751 ιι
1990 3702 2169 3751 Bibulo
2204 3706 2446 3769 Lucceio,
2488 3718 2545 3757 nt

1523 3782 1717 3831 videtur
1741 3782 2041 3847 Mougaltio.
2089 3782 2201 3832 Seh.
2228 3784 2457 3849 intelligit
2482 3788 2546 3837 cle

1524 3860 1701 3910 Clodio
1721 3894 1739 3921 ‚
1784 3862 1983 3924 quietam
2026 3862 2170 3909 initio
2198 3870 2295 3911 tem
2319 3864 2547 3914 Ciceroni

1525 3954 1671 4004 quem
1713 3940 1951 4003 Pompeio
1994 3940 2202 3989 amicitia
2246 3941 2547 4003 intui-emin

1524 4018 1720 4084 utrique
1736 4017 1913 4067 deind·
1926 4018 2258 4069 inimicis-imo
2277 4031 2325 4069 et
2340 4023 2547 4071 mxime

1525 4113 1699 4149 exoso.
1727 4096 1819 4145 En.
2378 4096 2385 4104 '

2268 4210 2305 4278 7
