3019 4681
455 296 600 386 646
1092 304 1190 370 Μ.
1240 300 1318 369 Τ.
1371 300 1957 372 CICERONIS

454 426 616 495 Feci
676 444 958 495 summa
1017 446 1184 493 cum
1244 425 1589 521 gravitate
1613 476 1633 509 ‚
1684 436 1769 493 ut
1822 436 2079 493 omnes
2136 422 2461 493 sentiunt
2518 436 2601 495 et

457 558 736 606 summa
796 556 964 606 cum
1014 533 1351 619 lenitate,
1403 558 1565 630 quae
1627 531 1787 605 feci.
1834 532 2051 603 Illum
2103 556 2345 631 neque
2397 537 2595 621 ursi,

455 668 696 741 neque
736 645 984 716 levavi.
1033 648 1264 715 Testis
1303 643 1697 715 vehemens
1734 641 1877 731 fui3
1932 656 2278 742 praeterea
2320 644 2586 741 quievi.

452 758 742 826 Exitum
772 753 1026 851 judicii
1063 752 1342 825 foedum
1385 768 1460 825 et
1495 755 1987 852 perniciosum
2028 751 2385 824 levissime
2425 753 2587 824 tuli.

454 864 673 956 Quod
719 862 1018 960 quidem
1056 862 1339 934 bonum
1373 864 1553 933 mihi
1595 886 1793 934 nunc
1832 860 2153 960 denique
2192 859 2589 949 redundat,

451 989 538 1046 ut
591 974 704 1044 his
753 973 962 1045 malis
1013 970 1428 1070 reipublicae
1483 973 1917 1070 licentiaque
1970 970 2390 1059 audacium,
2438 994 2587 1069 qua

454 1100 622 1156 ante
662 1082 1055 1181 rumpebar
1075 1135 1095 1170 ‚
1141 1104 1340 1153 nunc
1385 1106 1480 1153 ne
1528 1106 1826 1154 movear
1880 1079 2195 1180 quidem.
2242 1079 2439 1153 Nihil
2476 1095 2588 1153 est

451 1199 646 1266 enim
703 1194 1056 1292 perditius
1101 1191 1214 1263 his
1262 1191 1717 1277 hominibus,
1762 1192 1873 1263 his
1916 1190 2391 1289 temporibus.
2436 1195 2585 1261 Ita·

453 1324 600 1399 que
621 1356 642 1391 ‚
677 1326 769 1373 ex
801 1300 1176 1400 republica
1217 1303 1565 1399 quoniam
1600 1302 1785 1375 nihil
1812 1303 1957 1399 jam
1992 1301 2387 1400 voluptatis
2418 1304 2585 1398 capi

449 1426 694 1509 potest
716 1466 736 1499 ‚
779 1436 910 1483 cur
946 1412 1378 1500 stomacher,
1423 1414 1690 1485 nescio.
1744 1414 1999 1485 Literae
2044 1436 2163 1484 me
2184 1466 2204 1500 ‚
2242 1426 2317 1485 et
2346 1410 2585 1483 studia

447 1537 698 1593 nostra
722 1576 742 1609 ‚
803 1538 876 1595 et
934 1525 1163 1594 otium
1187 1576 1208 1611 ,
1269 1523 1601 1621 villaeque
1658 1522 2058 1611 delectant,
2120 1524 2584 1619 maximeque

449 1635 660 1731 pueri
685 1638 936 1707 nostri.
969 1633 1185 1731 Angit
1213 1658 1406 1707 unus
1430 1634 1629 1706 Milo.
1665 1634 1807 1706 Sed
1838 1635 2055 1708 velim
2080 1630 2303 1705 finem
2331 1629 2585 1705 afferat

448 1742 906 1815 consulatus:
945 1745 1022 1815 in
1053 1767 1206 1840 quo
1239 1747 1469 1816 enitar
1498 1768 1651 1815 non
1676 1747 1953 1833 minus,
1988 1766 2209 1841 quam
2238 1768 2401 1814 sum
2433 1747 2587 1814 eni-

445 1874 568 1922 sus
598 1852 673 1923 in
705 1867 999 1941 nosti-03
1027 1866 1256 1950 tuque
1287 1855 1500 1925 istinc
1520 1908 1541 1944 ‚
1570 1854 1773 1953 quod
1802 1852 1977 1927 facis
1996 1910 2015 1944 ‚
2050 1852 2442 1949 adjuvabis.
2468 1857 2587 1924 De

445 1985 598 2058 quo
615 2015 634 2049 ,
685 1976 922 2035 cetera
951 1964 1132 2059 (nisi
1171 1964 1385 2061 plane
1419 1965 1526 2035 vis
1562 1964 1957 2062 eripuerit)
1994 1978 2189 2035 recte
2226 1963 2438 2053 sunt3'
2485 1962 2583 2035 de

442 2093 524 2141 re
563 2068 890 2144 familiari
927 2073 1169 2143 timeo.

683 2224 728 2287 ὁ
759 2229 818 2287 δὲ
843 2234 1074 2303 μαίνεται
1090 2235 1119 2282 3
1145 2236 1231 2290 οὐκ
1257 2234 1331 2288 (τ’
1352 2238 1564 2297 ἀνεκτῶς
1585 2278 1599 2301 ,

438 2415 564 2511 qui
589 2413 806 2486 ludos
831 2421 983 2488 H-S
1017 2441 1142 2488 ccc
1175 2433 1566 2516 comparet.
1606 2422 1831 2514 Cujus
1860 2423 1937 2490 in
1966 2419 2109 2492 hoc
2140 2443 2294 2491 uno
2326 2422 2584 2492 incon-

438 2521 946 2596 siderantiam⁴
991 2539 1067 2598 et
1110 2551 1246 2623 ego
1287 2527 1703 2617 sustinebo,
1746 2546 1829 2603 ut
1877 2546 2179 2628 potem,
2220 2547 2327 2620 et,
2373 2546 2453 2603 tu
2492 2547 2583 2604 ut

435 2635 668 2730 possis
690 2691 709 2722 ‚
766 2649 874 2706 est
925 2650 1224 2707 tuorum
1273 2662 1694 2711 nervorum.
1744 2645 1853 2713 De
1902 2657 2111 2714 motu
2160 2657 2579 2741 temporum

433 2744 787 2814 venientis
835 2745 1049 2833 anni,
1099 2745 1282 2816 nihil
1329 2762 1403 2818 te
1454 2750 1857 2848 intelligere
1904 2751 2272 2824 volueram
2320 2751 2577 2824 dome-

434 2852 592 2922 stici
645 2853 965 2944 timoris,
1017 2855 1146 2927 sed
1196 2857 1286 2927 de
1334 2863 1708 2931 communi
1754 2861 2168 2960 reipublicae
2218 2876 2451 2933 statu:
2494 2867 2575 2934 in

433 2985 584 3059 quo
639 2963 917 3034 etiamsi
966 2965 1148 3036 nihil
1196 2988 1518 3063 procuro
1544 3023 1565 3056 ‚
1618 2981 1862 3042 tamen
1914 2969 2095 3041 nihil
2151 2994 2402 3043 curare
2450 2972 2575 3043 vix

431 3094 750 3168 possum.
799 3074 1036 3166 Quam
1083 3088 1322 3146 autem
1365 3091 1434 3148 te
1479 3077 1699 3149 velim
1744 3096 2039 3158 cautum
2079 3105 2233 3153 esse
2276 3085 2353 3152 in
2392 3085 2574 3152 scri·-

426 3175 674 3251 bendo
699 3233 719 3266 ,
777 3203 864 3250 ex
922 3181 1063 3253 hoc
1125 3185 1466 3280 conjicito
1496 3242 1516 3276 ,
1579 3189 1782 3286 quod
1842 3215 1976 3288 ego
2028 3188 2119 3261 ad
2166 3206 2240 3262 te
2282 3215 2375 3262 ne
2416 3189 2573 3262 haec

431 3287 725 3384 quidem
784 3288 1025 3361 scribo
1049 3346 1068 3381 ,
1114 3318 1275 3390 quae
1331 3295 1568 3391 palam
1622 3300 1700 3368 in
1746 3299 2115 3398 republica
2156 3298 2569 3389 turbantur,

427 3422 523 3468 ne
561 3397 992 3496 cujusquam
1030 3404 1352 3474 animum
1399 3427 1575 3477 meae
1614 3407 1837 3480 literae
1870 3413 2289 3507 intercepta:
2324 3408 2565 3482 offen-

505 3623 550 3669 3.
579 3611 622 3670 ὁ
651 3617 710 3671 δὲ
731 3623 966 3691 μαίνεται.
1005 3622 1100 3674 Hic
1133 3637 1294 3676 autem
1321 3629 1446 3678 ima-
1536 3629 1757 3697 elegatis,
1797 3635 2052 3683 sententiae
2094 3645 2253 3684 tamen
2296 3627 2563 3684 admodum

429 3699 500 3744 nit
541 3701 635 3763 sie,
673 3715 728 3752 ut
759 3706 872 3752 ferri
898 3705 1104 3771 amplius
1139 3723 1240 3755 non
1266 3711 1441 3774 possit.
1536 3725 1775 3778 repugnat
1799 3725 1847 3762 et
1874 3716 2164 3762 conti-arium
2190 3725 2291 3773 est;
2312 3716 2564 3764 eratenim

431 3775 612 3842 Odyne.
631 3783 731 3842 11,
752 3783 886 3832 350:
917 3782 972 3833 σὺ
993 3779 1052 3833 δὲ
1065 3785 1288 3854 μαίνεαι,
1307 3799 1400 3837 ete.
1536 3795 1777 3841 temeritas
1820 3804 1868 3842 et
1907 3794 2091 3848 insania
2132 3795 2297 3858 potius
2338 3793 2563 3856 quedam

499 3865 548 3913 4.
579 3858 710 3906 oum
741 3863 1167 3914 considerantiam.
1199 3867 1302 3932 Ego
1331 3867 1383 3914 h.
1411 3867 1445 3914 l.
1536 3887 1638 3920 rem
1659 3885 1792 3920 cmm
1820 3871 2102 3920 familiarem
2125 3871 2377 3920 effundere
2396 3873 2450 3919 in
2482 3871 2563 3920 lu·

425 3947 714 4000 comptum
759 3951 917 4004 puto:
955 3943 1158 3992 verbum
1193 3945 1321 3993 enim
1349 3944 1448 3993 hoc
1538 3951 1711 4000 dorum
1755 3939 2072 4016 apparitione.
2116 3951 2345 4001 Ostendit
2396 3959 2561 3998 eutem

430 4011 686 4066 barbarum
717 4031 817 4081 eet;
845 4021 978 4084 quod
1004 4022 1046 4069 ei
1075 4023 1278 4071 latinum
1307 4025 1371 4073 sit
1399 4035 1446 4072 et
1536 4030 1697 4080 verbi,
1731 4032 1929 4083 Homeri
1966 4047 2101 4080 nune
2130 4030 2265 4078 illum
2298 4037 2561 4096 tantopere

2292 4315 2325 4359 ἱ
