3019 4681
538 366 681 463 674
845 360 1380 431 EPISTOLAE
1431 362 1632 430 CIC.
1684 360 1806 427 ET
1859 354 2222 438 BRUTI,
2279 350 2389 423 13.

536 544 999 567 mmm

1278 542 1463 563 mm

1743 538 2116 560 mmm

1127 730 1771 811 EPISTOLA
1841 728 2092 807 XIII.

545 911 792 972 Liberos
807 908 1044 989 Lepidi,
1076 909 1258 987 quise
1280 906 1661 985 conjunxerat
1687 925 1820 965 cum
1850 910 1936 965 M.
1957 904 2252 977 Antonio,
2284 902 2650 963 commendat
2665 948 2684 973 ,

626 1008 853 1085 sibique
888 1020 953 1064 ut
979 1004 1093 1063 hoc
1120 1004 1293 1061 detur
1324 1015 1522 1079 rogat,
1543 1022 1618 1061 ne
1647 1021 1720 1061 ex
1746 1002 1876 1079 lege
1905 1021 2038 1059 cum
2063 1000 2136 1059 iis
2161 1014 2396 1079 agatur.
2414 1001 2442 1079 (
2461 1004 2550 1061 Ex
2575 1004 2686 1059 lh-

630 1104 870 1165 cedonia
890 1146 909 1178 ‚
942 1120 1095 1160 anuo
1129 1106 1203 1160 U.
1230 1104 1294 1159 C.
1319 1120 1349 1173 7
1365 1118 1461 1172 10,
1492 1118 1685 1159 mense
1711 1096 2002 1177 quintili.)

1164 1264 1499 1329 BRUTUS
1547 1264 1960 1329 CICERONI
2005 1263 2069 1329 S.

638 1419 749 1487 Dr,
792 1416 887 1486 M.
928 1406 1246 1508 Lepido¹
1289 1408 1524 1479 vereri
1559 1432 1677 1477 me
1715 1408 1907 1504 cogit
1950 1392 2410 1506 reliquorum
2443 1411 2692 1479 timor:

552 1526 681 1629 qui
718 1526 779 1597 si
812 1521 1162 1620 eripuerit
1195 1543 1270 1589 se
1298 1515 1513 1589 nobis
1537 1514 1772 1615 (quod
1801 1517 2016 1587 velim
2045 1531 2321 1591 temere
2347 1532 2569 1615 atque
2597 1519 2696 1589 in-

550 1640 824 1737 juriose
882 1633 973 1704 de
1023 1631 1146 1702 illo
1200 1629 1546 1727 suspicati
1599 1629 1744 1699 sint
1795 1626 2224 1723 homines),
2280 1652 2415 1699 oro
2485 1641 2696 1724 atque

558 1749 863 1821 obsecro
903 1761 1016 1830 te,
1059 1742 1345 1823 Cicer0,
1394 1736 2002 1809 necessitudinem
2041 1754 2364 1811 nostram
2392 1792 2412 1826 ‚
2465 1752 2696 1808 tuam-

565 1882 711 1956 que
743 1857 819 1925 in
859 1876 975 1923 me
1014 1848 1574 1921 benivolentiam
1614 1847 2028 1937 obtestanS,
2073 1851 2344 1921 sororis
2385 1874 2572 1941 *meae
2616 1848 2700 1917 li-

560 1968 778 2039 beros
817 1960 1265 2033 obliviscaris
1286 1982 1440 2030 esse
1486 1958 1742 2059 Lepidi
1783 1956 2004 2048 filios,
2047 1984 2313 2058 meque
2339 1958 2456 2031 his
2486 1961 2562 2029 in
2578 1984 2700 2057 pa·

580 2080 706 2150 tris
743 2074 985 2147 locum
1024 2073 1441 2142 successisse
1480 2072 1859 2141 existimes.
1888 2074 2045 2141 Hoc
2082 2072 2140 2143 si
2183 2096 2222 2141 a
2257 2086 2330 2143 te
2355 2072 2702 2169 impetro,

565 2187 747 2260 nihil
784 2172 1111 2283 profecti>
1157 2176 1522 2253 dubitabis
1571 2205 1706 2279 pro
1739 2180 1851 2251 his
1899 2186 2283 2281 suscipere.
2327 2181 2555 2253 Aliter
2595 2178 2704 2251 alii

569 2323 735 2373 cum
772 2298 918 2368 suis
960 2294 1215 2364 vivunt
1256 2319 1271 2361 ε
1330 2289 1509 2361 nihil
1553 2315 1688 2390 ego
1743 2316 2038 2390 possum
2079 2291 2154 2363 in
2206 2292 2478 2364 sororis
2536 2313 2706 2362 meae

568 2407 810 2480 liberis
844 2403 1117 2489 facere,
1172 2426 1321 2498 quo
1368 2401 1596 2500 possit
1632 2401 1904 2500 expleri
1955 2401 2292 2476 voluntas
2345 2425 2548 2492 mea,
2589 2415 2706 2472 aut

570 2515 909 2588 officium.
948 2511 1143 2602 Quid
1184 2535 1358 2580 vero
1396 2524 1522 2581 aut
1563 2511 1739 2580 mihi
1789 2511 2108 2584 tribuere
2143 2513 2326 2584 boni
2365 2526 2708 2612 possunt,

574 2631 632 2698 si
678 2621 897 2695 modo
935 2621 1129 2716 digni
1178 2644 1467 2708 sumuS,
1512 2618 1780 2718 quibus
1825 2621 2100 2720 aliquid
2139 2621 2546 2712 tribuatur3
2592 2635 2710 2692 aut

572 2759 709 2832 ego
736 2731 977 2816 inatri,
1005 2753 1087 2799 ae
1120 2731 1349 2800 sorori
1372 2784 1392 2815 ,
1430 2733 1825 2828 puerisque
1853 2731 1988 2803 illis
2019 2748 2492 2831 praestaturus
2519 2757 2709 2822 sum,

574 2847 633 2916 si
690 2842 871 2913 nihil
934 2838 1240 2910 valuerit
1314 2839 1512 2940 apud
1565 2856 1674 2930 te,
1740 2843 2255 2940 reliquumque
2323 2857 2658 2914 senatum
2691 2895 2710 2926 ‚

578 2969 829 3026 contra
866 2965 1143 3049 patrem
1180 2950 1578 3049 Lepidum,
1607 2955 1871 3024 Brutus
1908 2952 2354 3026 avunculus?
2389 2952 2715 3026 Scribere

580 3064 807 3136 multa
851 3059 941 3132 ad
978 3077 1047 3134 te
1083 3086 1326 3158 neque
1376 3087 1672 3160 possum
1723 3089 1868 3162 prae
1907 3061 2393 3136 sollicitudine
2443 3089 2530 3136 ac
2571 3078 2712 3136 sto·

580 3173 876 3259 mach0,
904 3196 1143 3269 neque
1177 3170 1434 3244 debeo.
1469 3173 1651 3242 Nam
1688 3177 1749 3243 si
1786 3175 1860 3242 in
1887 3186 2084 3244 tanta
2119 3197 2232 3261 re,
2273 3188 2572 3270 tamque
2597 3197 2713 3244 ne·

581 3283 914 3368 cessaria,
962 3280 1202 3352 verbis
1248 3281 1429 3352 mihi
1473 3307 1661 3379 opus
1715 3297 1822 3352 cst
1879 3281 1964 3353 ad
2014 3298 2086 3354 te
2130 3282 2596 3356 excitandum
2647 3297 2716 3354 et

582 3389 1164 3466 confirmandum
1216 3418 1232 3460 :
1291 3390 1489 3461 nulla
1543 3417 1706 3492 spes
1749 3408 1890 3480 est,
1945 3391 2474 3490 facturum-te,
2519 3391 2712 3492 quod

584 3507 787 3590 volo,
824 3517 897 3574 et
938 3500 1141 3600 quod
1176 3516 1492 3599 oportet.
1539 3507 1783 3595 Quare
1821 3503 1972 3574 noli
2013 3517 2432 3602 exspectare
2468 3505 2716 3599 longas

583 3639 850 3712 preces.
886 3617 1179 3685 Intuere
1220 3635 1339 3684 me
1380 3613 1622 3710 ipsum
1643 3667 1664 3701 ,
1697 3614 1827 3711 qui
1868 3612 2009 3684 hoc
2054 3611 2218 3683 vel’
2255 3638 2300 3684 a
2333 3615 2718 3698 Cicerone,

580 3723 1167 3820 conjunctissimo
1208 3723 1548 3813 homine,
1609 3727 1982 3822 privatim,
2031 3723 2148 3796 vel
2211 3741 2253 3796 a
2315 3723 2716 3806 consulari,

582 3835 707 3906 tali
766 3836 919 3906 viro
942 3889 963 3921 ,
1014 3849 1293 3908 remota
1350 3833 1874 3906 necessitudine
1924 3835 2200 3932 privata
2229 3889 2248 3922 ,
2333 3837 2716 3934 impetrare

660 4015 706 4048 ι.
734 3997 805 4046 Μ.
834 3997 1030 4062 Lepido.
1056 4000 1323 4059 neemiam
1346 3999 1606 4050 declar-20.
1667 4000 1795 4068 ‚Sed
1829 4017 1863 4049 a
1895 4011 1943 4050 te
1977 4003 2031 4048 in
2071 3997 2220 4049 codd.
2257 3999 2446 4049 Rumor.
2487 4011 2536 4048 et
2573 3997 2712 4045 rada

658 4095 707 4126 a.
750 4077 832 4128 Al.
861 4079 991 4138 «qui
1020 4077 1120 4126 hoe
1150 4095 1182 4126 a
1214 4088 1293 4140 te,
1321 4078 1433 4139 vel,
1458 4092 1560 4130 etc.
1583 4101 1606 4124 ιι
1699 4080 1950 4129 omissum.
1979 4079 2107 4130 JJ.
2135 4082 2194 4127 1..
