3019 4681
469 375 604 448 712

1161 349 1895 422 EPISTOLARUM

562 475 626 544 N
631 475 794 570 ΟΝ.ι
847 475 1220 569 Com-equi.
1283 477 1617 544 Extrema
1672 495 1845 541 vero
1908 491 2047 540 nec
2094 483 2404 564 quanta,
2462 495 2597 544 nec

467 582 708 681 qualia
744 582 921 672 sint,
957 581 1198 654 verbis
1235 583 1587 680 consequi
1625 603 1940 680 possum.

733 833 859 901 AD
909 833 1354 902 CAESAREM
1401 831 1943 919 JUNIOREM¹‚
1980 852 2072 898 Ex
2103 851 2238 898 Lm.
2277 831 2342 912 Ι.

565 1061 832 1130 Omnia
867 1082 965 1128 ex
1002 1059 1322 1129 NONIO.
1359 1059 1647 1154 Sagum.
1684 1053 1917 1126 Pridie
1948 1076 2121 1124 non.
2148 1049 2333 1124 febr.
2363 1075 2587 1148 quum

463 1167 556 1240 ad
600 1183 670 1239 te
710 1168 948 1238 literas
997 1191 1206 1238 mane
1257 1166 1613 1238 dedissem
1633 1221 1653 1254 ‚
1694 1163 2032 1237 descendi
2079 1161 2168 1233 ad
2211 1159 2451 1232 forum
2486 1176 2593 1232 to-

465 1292 708 1374 gatae,
747 1301 976 1374 quum
1013 1277 1274 1375 reliqui
1307 1276 1718 1357 consulares
1754 1277 1974 1374 sagati
2004 1273 2272 1345 vellent
2302 1273 2594 1356 descen-

467 1384 662 1457 dere.

564 1493 848 1566 Aditus.
885 1499 977 1566 Et
1007 1510 1134 1576 aut
1166 1495 1254 1566 ad
1285 1494 1621 1580 consules
1635 1506 1692 1584 ²,
1720 1510 1846 1567 aut
1877 1493 1967 1566 ad
1995 1508 2067 1566 te
2089 1548 2109 1582 ,
2144 1507 2269 1564 aut
2296 1491 2386 1564 ad
2413 1498 2591 1564 Bru-

467 1619 624 1676 tum
662 1604 1010 1694 adissent,
1049 1604 1164 1676 his
1206 1603 1439 1677 fraudi
1470 1629 1566 1676 ne
1594 1621 1814 1695 esset,
1852 1603 2054 1703 quod
2082 1628 2248 1674 cum
2273 1604 2591 1674 Antonio

466 1712 792 1790 fuissent.
850 1739 858 1744 ·

565 1822 919 1895 Relatum.
943 1823 1084 1898 Sed
1102 1822 1253 1896 haec
1275 1823 1665 1897 viderimus
1683 1879 1705 1914 ,
1720 1851 1949 1923 quum
1969 1822 2180 1936 legati
2196 1822 2227 1868 ³
2244 1847 2591 1922 responsa

467 1935 864 2007 retulerint.

565 2043 965 2118 Vinchcare
1003 2045 1224 2136 Quasi
1253 2045 1312 2116 si
1338 2069 1456 2116 me
1483 2045 1576 2122 ad
1601 2045 1677 2117 id
1702 2043 2139 2126 heneficium
2166 2068 2552 2117 arcesseres
2570 2099 2591 2132 ‚

466 2179 617 2250 quo
655 2179 788 2254 per
833 2169 903 2227 te
939 2179 1056 2227 me
1091 2181 1240 2227 una
1273 2179 1442 2226 cum
1472 2153 1894 2253 republica
1878 2183 1949 2227 m
1988 2155 2393 2244 libertatem
2428 2157 2587 2228 vin-

463 2263 830 2340 dicassem.

559 2378 938 2471 Accipere.
953 2382 1258 2472 Rogare.
1287 2377 1531 2475 Roga
1511 2400 1788 2474 ipsum,
1814 2331 2427 2475 quemadmodum
2454 2399 2588 2473 ego

469 2506 636 2559 eum
671 2487 974 2557 Arimini
1007 2487 1428 2609 acceperim.

567 2596 917 2665 Cunctari.
957 2594 1100 2665 Sed
1134 2596 1277 2666 cito
1321 2596 1698 2692 poenituit,
1742 2592 2041 2665 domum
2081 2590 2331 2679 rediit,
2371 2592 2591 2662 ceteri

461 2694 1007 2773 cunctabantur.

539 2924 584 2960 ι.
613 2906 698 2955 Aa
718 2905 1344 2957 Coesaremlunionm.1d
1379 2917 1481 2964 est,

462 2986 528 3039 sd
563 2988 622 3037 C.
665 2986 902 3046 Cmssrem
934 2986 1275 3050 Octavianum.
1315 2988 1479 3049 Quum

461 3066 544 3115 ille
568 3065 864 3129 Apollonia,
885 3065 1072 3114 Caesare
1097 3077 1236 3131 pstte
1255 3080 1342 3135 per
1361 3080 1481 3112 con-

455 3147 646 3206 iuratos
667 3142 966 3205 interfecto,
1004 3162 1255 3205 reversus,
1299 3144 1482 3208 insigni

463 3236 661 3289 accepts
701 3240 732 3273 ι
765 3226 838 3273 Μ.
872 3226 1093 3274 Antonio
1112 3241 1250 3274 cons.
1275 3224 1478 3287 injuris·

462 3305 732 3355 Cicerone
717 3322 774 3353 ιιι
799 3306 966 3369 primis
988 3316 1216 3364 suctore3
1242 3320 1372 3354 erma
1391 3302 1480 3357 sd-

461 3399 630 3433 versus
672 3383 894 3432 eumdem
931 3386 1198 3433 Antonium
1236 3398 1328 3448 pro
1369 3399 1478 3447 rep.

459 3464 776 3529 suscepisset,
803 3473 947 3527 atque
971 3464 1219 3521 eumdem,
1234 3461 1480 3511 Mutinam

461 3542 705 3591 coloniam
756 3552 806 3590 et
848 3544 911 3590 D.
966 3544 1166 3591 Brutum
1212 3556 1312 3589 cos.
1376 3541 1477 3588 des.

461 3618 762 3670 obsidentem
778 3658 792 3680 ‚
819 3638 915 3670 una
939 3639 1050 3681 cum
1074 3621 1240 3683 Hirtio
1260 3632 1308 3669 et
1324 3622 1478 3685 Pansa

459 3700 740 3749 consulibus
749 3716 859 3748 cum
873 3702 1078 3766 imperio
1094 3700 1476 3749 extraordinario

460 3790 710 3841 premeret.
753 3781 827 3827 De
854 3784 978 3844 sagis
1004 3791 1172 3832 sutem
1205 3778 1335 3828 bello
1361 3780 1474 3833 Mu-

459 3856 636 3903 tinensi
675 3872 703 3903 a
745 3852 935 3922 populo
981 3875 1182 3909 romano
1225 3856 1474 3905 sumendis

457 3951 584 3999 saepe
611 3937 851 3984 censuisse
880 3938 1191 3997 Ciceronem,
1229 3954 1257 3985 e
1277 3938 1348 3983 vl
1367 3970 1383 3993 ,
1423 3946 1474 3984 et

456 4015 562 4061 aliis
582 4012 636 4061 in
652 4015 926 4062 Antonium
944 4017 1252 4065 orationibus
1265 4014 1473 4078 intelligi

451 4104 636 4157 potest.
670 4094 844 4142 Narrat
887 4106 1048 4143 eutem
1089 4112 1221 4143 nnnc
1265 4094 1472 4153 Caesari,

1569 2905 1691 2976 quid
1702 2904 1762 2955 iis
1780 2904 1842 2955 de
1856 2906 2002 2957 rehus
2020 2909 2193 2956 Rome
2204 2916 2367 2956 actum
2382 2906 2463 2956 sit.
2478 2906 2585 2957 Sic..

1643 3002 1692 3043 a.
1725 2988 1795 3036 Ee
1816 2998 1905 3035 aut
1926 2988 2001 3049 nd
2030 2987 2264 3047 eonsules.
2298 2990 2439 3037 Hauc
2476 3002 2586 3035 sen-

1570 3068 1771 3131 teutiam
1799 3068 1923 3131 dixit
1956 3064 2133 3117 Cicero
2164 3067 2435 3131 Philippica
2466 3068 2583 3114 VIII

1566 3147 1859 3197 hisverbis:
1898 3168 1921 3191 ι
1952 3146 2171 3211 Qnasoh
2198 3146 2365 3195 resite
2391 3160 2582 3205 censeo,

1568 3242 1767 3289 eorum,
1799 3228 1887 3292 qui
1930 3242 2043 3276 cnm
2081 3228 2158 3277 M.
2176 3224 2398 3275 Antonio
2434 3234 2578 3284 sunt,

1567 3308 1653 3371 qui
1674 3308 1736 3355 sb
1762 3308 1904 3355 ermis
1922 3306 2225 3367 discesserint
2240 3336 2256 3363 ,
2277 3314 2326 3351 et
2352 3313 2494 3350 aut...
2518 3301 2581 3350 sd

1566 3388 1629 3435 D.
1656 3388 1857 3433 Brutum
1882 3386 2225 3449 imperatorem
2245 3398 2344 3430 cos.
2374 3380 2475 3427 des.
2494 3389 2580 3427 snt

1568 3464 1631 3514 nd
1665 3467 1724 3515 C.
1758 3466 2001 3513 Cassi-em
2047 3472 2283 3527 propi-nt.
2324 3469 2435 3507 unte
2469 3457 2583 3509 idus

1566 3546 1759 3592 martias
1774 3544 1955 3609 primns
1977 3542 2211 3598 adierint,
2240 3540 2310 3587 eis
2334 3536 2494 3586 fraudi
2517 3552 2583 3585 ue

1566 3626 1629 3673 sit
1642 3659 1657 3683 ‚
1695 3622 1834 3687 quod
1857 3639 1971 3669 cum
1994 3622 2069 3669 M.
2095 3618 2316 3668 Antonio
2342 3617 2525 3665 fuerint
2536 3637 2578 3665 a.

1562 3705 1713 3751 Ῑιιιιι.

1638 3775 1685 3822 3.
1714 3770 1905 3837 Legati.
1928 3772 2134 3834 Legatos
2168 3768 2232 3816 de
2256 3783 2375 3832 pace
2408 3768 2581 3815 missos

1562 3854 1626 3903 ad
1651 3854 1724 3901 M.
1752 3852 2049 3910 Antonium,
2080 3849 2201 3897 dnm
2222 3848 2463 3896 Mutinam
2485 3862 2576 3910 op-

1564 3944 1827 3997 pugnaret,
1838 3932 1952 3981 ntis
1976 3940 2186 3999 constat,
2202 3930 2257 3978 1..
2276 3926 2574 3991 Philippum,

1564 4016 1618 4060 1..
1644 4014 1894 4069 Pisonem,
1920 4013 2020 4059 Ser.
2038 4010 2342 4074 Sulpicium,
2360 4002 2543 4069 quoshi
2530 4019 2574 4049 ic

1562 4090 1809 4153 intelligit.
1837 4094 1985 4140 Inus.
