3019 4681
543 386 634 468 4²
1179 381 1276 456 M.
1329 387 1409 454 T.
1465 386 2035 456 CICERONIS

547 608 1011 628 mmmm
1019 608 1480 630 mmmm
1488 607 2621 634 mmmfflmmmmmm
2630 611 2735 632 m

1159 810 1758 891 EPISTOLA
1830 811 2088 890 XIII.

542 991 785 1050 Caesaris
821 1008 1162 1068 progressus
1206 989 1505 1068 praedicat.
1548 989 1822 1068 (Formiis
1843 1033 1859 1059 ,
1900 1009 2055 1049 anno
2094 993 2170 1050 U.
2205 995 2273 1049 C.
2314 1000 2460 1065 704,
2508 1012 2729 1052 mense

1423 1087 1795 1166 ..februm-io.)

1230 1283 1547 1349 CICERO
1592 1283 1916 1348 ATTICO
1961 1283 2059 1347 S.*

643 1431 1139 1504 Lwrrrnmms
1193 1449 1371 1502 meae
1421 1428 1705 1524 signum
1764 1425 1902 1500 tibi
1942 1427 2036 1500 sit
2086 1425 2362 1500 librarii
2405 1452 2721 1520 manuS,

549 1551 624 1612 et
659 1535 912 1614 eadem
953 1561 1166 1614 causa
1205 1535 1577 1612 brevitatis
1619 1563 1636 1606 ε
1691 1536 1827 1607 etsi
1874 1561 2077 1610 nunc
2118 1535 2455 1636 quidem,
2498 1539 2723 1640 quod

547 1646 982 1738 scriberem,
1017 1646 1197 1722 nihil
1251 1662 1426 1724 erat.
1471 1648 1729 1722 Omnis
1770 1649 2214 1746 exspectatio
2254 1662 2505 1722 nostra
2550 1663 2721 1724 erat

551 1762 630 1832 in
683 1761 959 1834 nuntiis
1001 1757 1473 1836 Brundisinis.
1521 1761 1593 1833 Si
1630 1771 1884 1834 nactus
1932 1756 2055 1832 hic
2110 1767 2341 1832 esset¹
2400 1761 2717 1836 Cnaeum
2828 1774 2833 1778 '

546 1884 882 1943 nostrum
901 1895 1101 1970 ‚spes
1132 1868 1356 1943 dubia
1377 1867 1573 1968 pacis
1592 1895 1611 1958 ;
1631 1871 1743 1942 sin
1771 1868 1891 1940 ille
1921 1883 2087 1942 ante
2115 1871 2633 1946 transmisisset
2652 1882 2718 1960 ²,

550 1981 832 2057 exitiosi
869 1979 1047 2056 belli
1069 1995 1328 2055 metus.
1359 1980 1501 2057 Sed
1540 1979 1873 2066 videsne,
1915 1980 1994 2054 in
2030 1976 2295 2080 quem³
2324 1978 2713 2058 hominem

547 2092 888 2170 inciderit
918 2091 1372 2192 respublica?
1394 2115 1615 2190 quam
1641 2105 1937 2167 acutum
1956 2143 1975 2175 ‚
2003 2114 2224 2189 quam
2249 2090 2673 2188 vigilantem
2692 2143 2716 2182 ,

549 2225 773 2300 quam
833 2202 1224 2301 paratum?
1271 2205 1347 2278 Si
1404 2200 1823 2276 mehercule
1885 2201 2259 2282 neminem
2318 2202 2712 2292 occiderit,

544 2337 686 2385 nec
735 2313 1080 2411 cuiquam
1138 2311 1539 2412 quidquam
1580 2311 1971 2403 ademerit,
2013 2311 2107 2387 ab
2152 2311 2309 2402 his,
2355 2316 2484 2411 qui
2530 2337 2709 2391 eum

546 2425 859 2496 maxime
884 2425 1308 2508 timuerant,
1329 2427 1643 2501 maxime
1672 2422 2033 2523 diligetur.
2064 2424 2383 2499 Multum
2410 2450 2709 2503 mecum

545 2528 1026 2633 municipales
1071 2532 1412 2609 homines
1466 2534 1877 2633 loquuntur
1898 2588 1918 2624 ,
1968 2535 2280 2609 multum
2328 2539 2701 2610 rusticani.

547 2644 742 2718 Nihil
785 2668 1087 2747 prorsus
1133 2642 1328 2719 aliud
1384 2660 1643 2721 curant
1678 2700 1698 2733 ‚
1753 2647 1890 2721 nisi
1926 2670 2179 2745 εει-οε,
2208 2646 2349 2719 nisi
2381 2646 2705 2735 villulaS,

548 2756 690 2829 nisi
707 2756 1126 2836 nummulos
1166 2782 1358 2831 suos.
1385 2762 1474 2831 Et
1514 2755 1707 2845 vide,
1762 2782 1985 2854 quam
2014 2781 2365 2831 conversa
2402 2782 2519 2835 res
2564 2772 2699 2834 est.

546 2866 765 2942 Illum
786 2869 1011 2965 ⁴,qu0
1039 2882 1252 2942 antea
1274 2867 1779 2957 confidebant,
1794 2882 2171 2955 metuunt3
2198 2868 2403 2942 hunc
2420 2884 2704 2955 amant,

547 3001 770 3076 quem
829 2977 1206 3053 timebant.
1253 2977 1336 3053 Id
1385 2980 1675 3076 quantis
1712 2982 1977 3055 nostris
2006 2983 2320 3079 peccatis
2364 2980 2705 3081 vitiisque

547 3093 870 3164 evenerit
908 3144 928 3177 ‚
975 3114 1130 3163 non
1187 3114 1485 3191 possum
1536 3092 1693 3163 sine
1745 3091 2072 3167 molestia
2106 3093 2477 3189 cogitare.
2522 3091 2704 3183 Quae

615 3348 641 3375 *
669 3352 702 3400 J
705 3352 800 3399 .V.
823 3352 878 3397 L.
902 3349 968 3397 ad
985 3349 1113 3398 lianc
1130 3351 1273 3414 epist.
1289 3350 1456 3411 adjicit
1469 3366 1577 3398 ver-
1666 3347 1815 3414 qu’en
1862 3349 2075 3414 quelque
2122 3348 2415 3413 republiqne
2455 3348 2578 3413 qu’il
2625 3348 2705 3399 stit

545 3432 608 3481 ba
627 3431 722 3479 viri
749 3429 1000 3479 clarissimi
1019 3429 1358 3493 Montesqm'eu
1372 3464 1390 3487 ‚
1413 3429 1579 3479 Gran·
1664 3427 1730 3479 ne
1748 3464 1763 3489 ,
1786 3429 1821 3476 il
1845 3445 1907 3477 ne
1923 3426 2045 3477 l'efit
2062 3428 2339 3492 gouvernee
2356 3450 2399 3477 n.
2427 3428 2521 3477 En.

545 3511 672 3559 deur
684 3521 735 3557 ee
750 3509 1036 3557 Decadmce
1058 3509 1141 3556 des
1171 3507 1436 3572 Romaim,
1465 3527 1573 3577 cap.
1743 3527 1790 3557 1.
1819 3508 1877 3557 Si
1900 3518 2077 3559 nactus
2101 3508 2182 3559 bic
2205 3508 2410 3558 “sensi
2437 3508 2705 3581 Pompeius

552 3605 756 3655 tuque
775 3590 977 3638 istarum
995 3588 1338 3659 epp.lectione
1351 3602 1575 3655 suggesta
1663 3590 1901 3641 Cesarem
1954 3589 2039 3637 hic
2080 3588 2393 3653 prestolatus
2448 3600 2598 3648 esset,
2644 3602 2706 3639 nt

539 3670 731 3735 indicet
765 3686 780 3721 z
810 3692 836 3711 ι
863 3670 945 3719 On
970 3670 1105 3735 parle
1135 3670 1395 3743 beaucoup
1430 3670 1492 3721 de
1527 3670 1575 3719 la
1668 3686 1783 3719 cum
1808 3686 1870 3718 eo
1902 3684 2071 3718 coram
2089 3684 2241 3734 agere,
2260 3680 2447 3735 posset.
2474 3672 2595 3719 Seu.

543 3752 740 3805 fortune
787 3750 850 3799 de
883 3748 1066 3804 Ceurz
1101 3752 1222 3803 mais
1262 3761 1342 3805 eet
1379 3752 1573 3801 homme
1738 3766 1787 3799 a.
1820 3748 2201 3801 stammaezeissee.
2238 3750 2378 3799 Mare
2414 3750 2703 3809 transisset,

542 3830 928 3889 extraordinaire
963 3831 1093 3881 avait
1127 3842 1234 3881 tant
1271 3832 1334 3881 de
1366 3831 1575 3897 grandes
1663 3840 1716 3877 nt
1744 3828 1797 3875 in
1814 3830 2055 3878 Graeciam
2078 3828 2191 3879 iret.
2214 3830 2307 3878 En.

542 3910 751 3977 qni-lites
778 3926 890 3961 nne
909 3927 996 3983 pas
1021 3929 1090 3964 nn
1117 3912 1308 3972 de'fnut,
1327 3912 1573 3979 quoiqu'il
1733 3910 1789 3956 3.
1819 3906 1883 3956 In
1915 3924 2060 3973 quem
2088 3907 2347 3957 hominem.
2368 3912 2627 3961 Gentem.

545 3989 634 4041 etit
647 3990 765 4039 bien
799 3990 886 4041 dee
912 3991 1045 4040 vicen
1061 4026 1076 4053 ‚
1114 3990 1234 4057 qn'il
1253 3988 1337 4040 etit
1363 3990 1440 4041 ete
1457 3992 1573 4040 bien
1736 3996 1787 4045 4.
1816 3990 1964 4038 Illum
2001 4000 2235 4037 metuunt.
2277 3989 2504 4054 Intellige
2548 3992 2701 4039 Pom·

543 4069 746 4121 difficile
771 4086 868 4135 que
904 4071 1116 4135 quelque
1150 4069 1312 4118 aii-mee
1342 4071 1466 4135 qu’il
1489 4068 1577 4121 etit
1664 4070 1847 4137 peium.
1875 4096 1945 4107 --
1972 4072 2117 4119 Hunc
2145 4081 2342 4119 amam.
2370 4070 2569 4121 Scilicet
2594 4072 2700 4121 Cne-

543 4150 860 4201 eommendee
876 4186 892 4211 ,
915 4150 952 4199 il
973 4148 1110 4199 n'etit
1127 4147 1205 4197 ete
1227 4150 1517 4216 vainqueur,
1528 4160 1580 4200 et
1668 4169 1842 4203 sarem.
1874 4154 1968 4202 En.
