3019 4681
291 411 722 435 mm
725 411 2303 439 mmm-“mmmmm
2308 415 2402 440 m

774 618 1879 726 ARGUMENTUM

829 817 1843 928 LIBRIVDUODECIMI.

289 1043 624 1102 omittuntur
663 1043 796 1102 sine
827 1043 1010 1101 literis
1051 1061 1276 1101 menses
1306 1061 1426 1100 non
1452 1041 1759 1120 pauciores
1788 1061 1921 1114 sex3
1955 1061 2163 1121 nempe
2190 1062 2260 1101 ex
2290 1045 2406 1102 kal.

353 1154 480 1216 sept.
502 1141 564 1198 in
586 1139 810 1218 quibus
834 1139 1046 1199 desinit
1065 1138 1216 1198 liber
1235 1139 1539 1217 proximus
1563 1141 1851 1217 superior,
1882 1139 1956 1198 ad
1977 1160 2160 1218 usque
2186 1153 2411 1220 tempus

353 1237 691 1316 illud‚quum
700 1237 827 1316 jam
839 1236 1061 1302 bellum
1077 1237 1138 1294 in
1151 1235 1348 1294 Africa
1362 1249 1565 1294 contra
1580 1237 1911 1315 Scipione·
1932 1249 1991 1295 et
2002 1243 2035 1296 J
2038 1237 2214 1296 ubam
2224 1240 2415 1297 Caesar

353 1349 580 1412 gereret.
613 1341 772 1395 Nam
803 1355 838 1392 a
867 1333 1026 1394 bello
1074 1331 1470 1392 Alexandrino
1518 1347 1576 1390 et
1608 1333 1779 1392 Ponti
1811 1353 2113 1408 reversuS,
2171 1336 2411 1393 consul-

353 1450 456 1508 que
486 1437 574 1492 111
605 1453 744 1491 cum
775 1437 862 1490 Μ.
889 1431 1124 1490 AEmilio
1149 1430 1375 1509 Lepido
1403 1443 1653 1503 creatus,
1674 1450 1901 1489 summa
1924 1431 2145 1504 hieme,
2166 1431 2281 1490 hoc
2306 1445 2411 1506 est,

356 1531 406 1587 11
430 1531 536 1588 kal.
555 1530 678 1608 jan.
709 1529 1079 1599 conscendit,
1133 1529 1568 1604 exercitumque
1600 1527 1661 1584 in
1686 1527 1946 1586 Africam
1975 1527 2237 1605 trajecit,
2297 1549 2415 1607 quo
2508 1579 2513 1586 .

353 1639 598 1706 tempore
631 1639 893 1705 quatuor
920 1625 1122 1704 primae
1153 1625 1412 1702 epistolae
1441 1624 1673 1702 scriptae
1701 1639 1852 1684 sunt.
1891 1625 2111 1698 Quinta
2148 1641 2209 1684 et
2250 1639 2411 1685 sexta

354 1722 486 1784 datae
507 1725 808 1797 videntur,
826 1743 1006 1802 quum
1020 1724 1142 1801 jam
1157 1726 1346 1780 Caesar
1359 1721 1452 1778 vel
1473 1722 1991 1800 appropinquaret,
2002 1724 2093 1781 vel
2122 1722 2409 1785 rediisset.

353 1799 534 1880 itediit
561 1835 766 1882 autem
781 1843 833 1880 a.
851 1821 1042 1880 d.xn
1057 1820 1170 1878 kal.
1193 1830 1342 1896 sept.
1364 1831 1604 1876 auctore
1616 1819 2125 1897 Hirtio.1teliquae,
2150 1839 2331 1898 quum
2357 1821 2419 1880 in

355 1919 620 1999 Hispania
645 1932 856 1979 contra
883 1916 1143 1995 Pompeii
1174 1915 1390 1975 liberos
1419 1928 1809 1991 pugnaretur,
1852 1915 2063 1980 eodem
2091 1923 2156 1976 C.
2187 1921 2415 1978 Caesare

358 2012 626 2076 dictatore
665 2019 763 2076 111
779 2059 796 2088 ,
839 2013 1139 2092 designato
1161 2015 1262 2084 IV,
1278 2010 1536 2094 ¹collega,
1569 2021 1628 2068 et
1650 2012 1928 2089 magistro
1952 2031 2042 2090 eq.
2070 2017 2153 2070 M.
2181 2017 2414 2074 AEmilio

356 2112 567 2192 Lepido
585 2158 601 2186 ,
623 2133 748 2192 quo
773 2125 1034 2189 tempore
1060 2109 1254 2169 Tullia
1279 2127 1351 2166 ex
1363 2111 1570 2185 pai-tu,
1594 2101 1661 2166 u't
1686 2107 1977 2167 Pedianus
1998 2122 2059 2167 et
2079 2111 2416 2172 Plutarchus

361 2209 532 2283 aiunt,
573 2209 734 2290 apud
765 2207 1076 2269 Lentulum
1116 2206 1379 2266 decessit.
1412 2212 1621 2285 Itaque
1652 2223 1833 2284 quum
1868 2225 1928 2264 se
1957 2208 2165 2266 Cicero
2191 2213 2416 2270 Asturae

363 2306 696 2381 abdidisset,
736 2305 1103 2391 quotidianas
1136 2325 1303 2385 poene
1331 2296 1548 2365 liteiias-
1564 2293 1861 2377 mittebat,
1898 2304 2147 2383 gemitus
2182 2307 2406 2369 luctus·-

363 2423 464 2481 que
489 2407 850 2465 continentes
875 2426 889 2461 :
919 2404 1054 2462 item
1087 2422 1293 2483 preces
1319 2401 1895 2477 contentionemque,
1914 2415 1982 2460 ut
2006 2402 2167 2461 horti
2194 2403 2306 2463 sibi
2338 2404 2411 2465 ab

363 2502 538 2561 Attico
567 2515 940 2572 curarentur,
955 2500 1013 2558 in
1037 2498 1250 2577 quibus
1267 2498 1396 2557 filiae
1413 2476 1613 2557 fadum
1634 2496 1886 2556 condere
1903 2512 2121 2577 posset.
2142 2502 2409 2575 Fluxere,

364 2594 487 2656 dum
513 2599 602 2659 hae
633 2598 1000 2669 scribuntur,
1041 2614 1268 2655 menses
1293 2596 1425 2673 plus
1449 2596 1639 2653 minus
1676 2593 2094 2672 duodeviginti.
2140 2600 2291 2655 Nam
2340 2615 2414 2657 ex

367 2693 466 2752 kal.
484 2696 602 2774 jan.
633 2695 756 2773 ejus
785 2695 954 2767 anni,
985 2712 1118 2771 quo,
1135 2696 1326 2751 Caesar
1349 2692 1410 2750 in
1433 2692 1692 2751 Africam
1716 2692 2068 2765 transmisit,
2093 2692 2170 2751 ad
2188 2694 2409 2754 aestatis

365 2790 572 2852 initium
597 2795 732 2853 anni
757 2793 914 2851 illius
933 2834 950 2861 ‚
981 2810 1100 2869 quo
1125 2804 1394 2869 quartam
1419 2776 1768 2849 dictaturam
1797 2788 1861 2847 in
1892 2790 2176 2869 Hispania
2198 2794 2373 2869 gessit
2386 2836 2405 2864 ‚

369 2900 446 2949 tot
481 2890 596 2951 fere
633 2902 1036 2951 numerantur.
1081 2892 1360 2959 AEstatem
1387 2906 1571 2965 porro
1606 2885 1891 2964 reliquam
1934 2887 2138 2963 fuisse,
2176 2889 2409 2971 scriptis

368 2985 488 3047 libri
517 2990 684 3071 hujus
709 2990 1002 3071 epistoliS,
1033 3008 1104 3049 ex
1128 2987 1318 3067 prima
1344 2986 1501 3047 tertii
1531 2985 1743 3045 decimi
1767 2988 2041 3063 cognosci
2072 2987 2225 3047 licet.
