3019 4681
680 404 1228 475 EPISTOLAE
1278 407 1419 476 AD
1467 406 1982 497 ATTICUM,
2017 412 2228 497 XIV,
2265 411 2331 481 8.
2437 411 2577 487 385

434 524 732 625 probari
781 526 1179 597 Antonium
1200 521 1255 597 4.
1312 528 1497 597 Nam
1546 526 1748 625 quod
1790 533 2078 601 suniam
2129 532 2382 606 scribis
2423 560 2584 607 mo-

435 639 683 709 derate
721 651 795 710 et
839 639 1065 708 amice
1107 634 1456 735 scriptas⁵
1495 638 1738 711 literas
1774 642 2134 733 attulisse,
2171 644 2349 717 mihi
2376 648 2588 719 Paul-

434 748 549 819 lus
586 747 785 820 dedit
832 745 922 819 ad
992 772 1067 819 se
1122 773 1165 819 a
1208 746 1429 820 fratre
1460 750 1709 821 missas
1747 778 1764 821 ε
1829 751 2100 849 quibus
2134 757 2212 827 in
2247 749 2616 832 extremis

437 873 625 948 erat,
666 857 804 930 sibi
838 856 1129 929 insidias
1161 855 1356 947 fieri3
1393 882 1469 930 se
1497 858 1573 929 id
1602 862 1816 931 certis
1849 863 2270 936 auctoribus
2299 891 2589 965 compe-

434 969 635 1039 risse.
690 972 847 1039 Hoc
897 991 1033 1039 nec
1079 966 1259 1038 mihi
1312 966 1642 1066 placebat
1666 964 1723 1059 ⁶,
1785 985 1858 1042 et
1899 973 2132 1044 multo
2183 973 2284 1045 illi
2325 979 2586 1050 minus.

436 1079 774 1177 Reginae⁷
828 1074 1000 1175 fuga
1048 1078 1229 1149 mihi
1276 1104 1433 1151 non
1484 1078 1809 1151 molesta.
1865 1080 2004 1153 Sed
2063 1073 2585 1186 Clodiass‘quid

438 1190 669 1287 egerit
691 1243 712 1278 ,
748 1188 1019 1261 scribas
1051 1187 1142 1260 ad
1176 1212 1293 1259 me
1326 1188 1566 1260 velim.
1613 1192 1723 1262 De
1757 1194 2115 1287 Byzantiis
2151 1193 2470 1285 curabis,
2507 1212 2592 1269 ut

436 1314 711 1389 cetera;
755 1314 829 1369 et
858 1299 1251 1396 Pelopem⁹
1280 1296 1369 1368 ad
1404 1311 1478 1370 te
1516 1322 1852 1372 arcesses.
1887 1304 2083 1399 Ege,
2115 1318 2201 1374 ut
2233 1305 2588 1402 postulas,

436 1414 698 1515 Baiana
722 1418 787 1453 ¹⁰
822 1414 1153 1507 negotia,
1192 1407 1648 1505 chorumque
1672 1418 1734 1453 ¹¹
1781 1409 2026 1497 illum,
2071 1410 2164 1483 de
2209 1438 2360 1511 quo
2405 1416 2602 1488 scire·

434 1520 575 1607 vis,
608 1542 841 1618 quum
868 1542 1305 1617 perspexero
1323 1572 1343 1606 ,
1371 1532 1528 1588 tum
1553 1517 1904 1607 scribam3
1939 1546 2032 1593 ne
2062 1523 2582 1622 quid-ignores.

438 1628 637 1722 Quid
690 1627 921 1717 Galli,
974 1626 1153 1726 quid
1193 1628 1532 1727 Hispani,
1587 1628 1770 1727 quid
1814 1634 2075 1703 Sextus
2131 1649 2328 1730 agat,
2365 1636 2586 1708 vehe-

438 1754 723 1812 menter
751 1754 1092 1837 exspecto
1122 1765 1139 1809 τ
1172 1764 1257 1811 ea
1286 1739 1555 1811 scilicet
1586 1754 1667 1811 tu
1701 1738 2133 1830 declarabis,
2166 1745 2295 1841 qui
2325 1760 2583 1818 cetera.

436 1850 871 1923 Nauseolam
916 1848 1049 1921 tibi
1095 1864 1253 1921 tum
1292 1874 1581 1921 causam
1619 1852 1748 1921 otii
1785 1850 2070 1923 dedisse
2113 1852 2322 1926 facile
2363 1859 2588 1954 patie-
2693 1885 2698 1893 ·

436 1958 617 2031 bar:
664 1958 1089 2031 videbare¹²
1147 1961 1343 2032 enim
1399 1959 1577 2030 mihi
1635 1960 1906 2059 legenti
1955 1976 2116 2034 tuas
2169 1964 2412 2038 literas
2465 1972 2584 2040 re-'
2687 1954 2692 1959 ⁴

438 2073 723 2170 quiesse
781 2070 1195 2168 paullisper.
1258 2074 1369 2141 De
1424 2074 1651 2143 Bruto
1707 2098 1998 2172 semper
2050 2076 2143 2147 ad
2185 2101 2303 2147 me
2339 2082 2586 2151 omnia

439 2179 869 2279 perscribito
890 2234 911 2267 ,
956 2178 1085 2251 ubi
1128 2182 1255 2269 sit,
1293 2181 1473 2278 quid
1513 2186 1824 2279 cogitet:
1865 2208 2085 2281 quem
2119 2185 2413 2282 quidem
2443 2212 2580 2285 ego

440 2314 652 2390 spero
691 2290 841 2387 jam
884 2304 1048 2362 tuto
1082 2290 1198 2362 vel
1236 2290 1471 2364 solum
1509 2307 1664 2366 tota
1691 2291 1875 2366 urbe
1904 2297 2142 2393 vagari
2175 2318 2409 2392 posse.
2441 2303 2582 2373 Ve-

439 2416 847 2473 rumtamen
870 2396 957 2470 1³.

511 2582 564 2640 4.
607 2577 897 2638 Antonium.
934 2581 1137 2628 Factum
1172 2579 1377 2629 Antonii
1410 2580 1465 2629 iu
1553 2575 1678 2624 vim
1697 2575 1988 2626 odowmm·
2017 2575 2150 2626 Suet.
2176 2579 2309 2644 Aug·
2339 2583 2427 2644 98-
2445 2583 2494 2631 J·
2521 2587 2578 2636 F.

440 2657 664 2707 tollendo
698 2659 797 2706 isto
817 2659 995 2706 Mario.
1027 2657 1206 2723 Philip.
1234 2661 1273 2706 Ι.
1300 2659 1465 2710 Con.
1551 2657 1798 2707 Gnonov.

514 2737 563 2787 5.
591 2737 820 2802 Scriptus.
859 2741 906 2786 A
938 2739 1015 2787 M.
1053 2737 1265 2802 Lepido,
1299 2739 1465 2787 Juniae
1629 2751 1713 2784 τε.
1747 2733 2070 2798 Cher-umque.
2100 2735 2314 2784 Turbam
2339 2753 2450 2802 qua
2477 2739 2578 2790 illie

439 2817 579 2866 Bruti
598 2817 782 2866 sororis
800 2817 977 2865 marito
990 2853 1005 2874 ,
1024 2817 1173 2865 fratre
1197 2818 1258 2866 1..
1281 2817 1465 2866 AEmilii

443 2895 609 2946 Pauli:
634 2911 694 2944 ex
708 2895 863 2944 Gallia
886 2894 1204 2959 transalpina,
1234 2894 1322 2942 ubi
1353 2911 1465 2944 eum

440 2974 661 3022 exercitu
680 2984 799 3022 erat.
823 2973 906 3021 Ad
925 2973 1039 3021 Div,
1062 2975 1140 3032 X,
1156 2975 1243 3031 34.
1262 2975 1463 3025 Porus.

514 3055 567 3101 6.
591 3054 695 3101 Nee
718 3051 838 3101 milu'
850 3053 1102 3117 placebat.
1131 3053 1305 3102 Cicero
1323 3054 1467 3102 iuterb

441 3123 721 3198 pretabatur
752 3132 849 3181 hoe
883 3130 1067 3197 fingere
1102 3131 1343 3196 Lepidum
1365 3168 1380 3192 ,
1406 3144 1465 3181 ut

442 3227 635 3260 cauum
678 3211 1007 3261 tumultuandi
1048 3223 1099 3261 et
1136 3211 1395 3260 secedendi
1434 3227 1463 3260 a

442 3291 589 3340 bouis
607 3291 826 3340 haberet.
848 3295 882 3342 J
884 3329 898 3342 .
926 3295 983 3340 F.
999 3295 1171 3342 Gnou-

518 3387 567 3433 7.
592 3370 804 3436 Regina.
832 3371 1104 3436 Cleopatra
1118 3405 1135 3432 ,
1165 3371 1369 3436 AEgypti
1386 3387 1461 3418 re·-

443 3452 571 3514 ginae
602 3465 615 3500 :
636 3467 779 3515 quam
801 3448 965 3501 Cam
980 3450 1185 3510 amavit,
1210 3449 1463 3516 filiumque

438 3541 609 3580 natum
648 3530 892 3596 appellare
928 3547 1021 3579 suo
1056 3529 1256 3579 nomine
1290 3545 1463 3595 passus

442 3621 533 3659 est.
559 3611 705 3659 Mur.

516 3691 566 3740 8.
596 3689 781 3739 ᾶοᾰία.
799 3689 903 3740 Lib.
928 3691 1003 3748 11,
1021 3706 1102 3754 ep.
1128 3691 1217 3750 3¹7.
1243 3689 1407 3737 Coun.

512 3785 565 3833 9.
582 3771 826 3833 Pelopem.
845 3771 1167 3834 Byzantium
1183 3803 1197 3828 ,
1224 3768 1289 3815 ad
1313 3782 1460 3831 quem

441 3847 617 3897 Cicero
646 3864 799 3913 graeee
822 3849 1031 3913 scripsit.
1056 3848 1187 3896 Plut.
1226 3847 1277 3893 in
1302 3845 1459 3894 Cicer.

440 3927 581 3974 Tunc
627 3928 828 3976 fortasse
878 3929 1225 3993 Byzantiorum
1266 3924 1459 3989 negotis

440 4008 613 4055 Romae
637 4006 947 4070 procurabat.
982 4008 1147 4056 Con.

520 4100 594 4133 xo.
626 4085 821 4133 Baiana
842 4085 1057 4150 negotia.
1086 4089 1205 4134 Haec
1234 4083 1354 4132 dicit
1377 4099 1465 4147 per

438 4163 663 4212 ironiam.
691 4163 837 4213 Nulla
854 4165 925 4212 ibi
950 4165 1143 4229 negotia
1166 4178 1178 4212 :
1202 4161 1289 4211 sed
1307 4173 1377 4212 est
1396 4160 1464 4210 ci-

638 4251 768 4320 111.
820 4267 911 4312 Cie-
934 4281 1048 4328 pars
1070 4273 1246 4327 quana-
1332 4305 1341 4316 .

1553 2825 1774 2862 versatur
1796 2814 2064 2878 voluptatis
2079 2829 2237 2862 eausa.
2255 2815 2380 2864 Nam
2399 2818 2579 2869 chorus

1551 2893 1752 2956 proprie
1768 2891 2260 2957 symphoniacorum,
2284 2907 2370 2944 aut
2396 2897 2577 2949 ultan·

1553 2973 1676 3021 tium
1699 2973 1752 3021 in
1775 2974 1940 3021 sacris.
1966 2973 2000 3020 J
2004 3007 2016 3018 .
2040 2975 2096 3021 F.
2116 2973 2288 3024 Giton.

1629 3068 1713 3102 ια.
1734 3051 1987 3100 Videbat-e.
2003 3054 2247 3102 Sententia
2274 3053 2380 3104 haee
2399 3061 2578 3107 esthe

1551 3131 1746 3181 fastidio
1785 3131 2007 3180 ciborum
2045 3143 2094 3180 et
2141 3135 2468 3197 propensione
2510 3137 2576 3186 ad

1551 3213 1792 3260 vomitum
1821 3211 1994 3258 leviter
2021 3221 2257 3259 tentatum
2285 3211 2574 3265 abstinuisse

1551 3301 1813 3355 propterea
1852 3305 1881 3338 a
1917 3291 2149 3353 negotiis,
2174 3299 2224 3337 et
2259 3293 2459 3356 corpori
2495 3311 2576 3343 eu-

1550 3369 1708 3418 rando
1726 3385 1936 3428 vacasse,
1961 3385 2064 3416 non
2091 3384 2219 3432 aegre
2243 3369 2472 3420 ferebam.
2486 3375 2574 3422 Vi·

1554 3447 1703 3497 debar
1742 3449 1870 3497 enim
1912 3447 2034 3495 mihi
2079 3463 2338 3512 agnoscere
2380 3451 2434 3498 in
2474 3454 2570 3501 tuis

1550 3525 1703 3575 literis
1720 3561 1735 3586 ,
1757 3539 1807 3576 te
1833 3541 1967 3574 novo
1995 3526 2208 3590 quodam
2237 3527 2424 3591 impetu
2459 3543 2572 3594 post

1551 3617 1769 3670 receptas
1785 3605 1911 3652 vires
1939 3601 2002 3650 ad
2019 3603 2332 3652 scribendum
2363 3610 2570 3660 venisse.

1549 3685 1584 3733 J
1587 3719 1602 3734 .
1632 3687 1689 3732 F.
1711 3681 2034 3732 Gamo—Sic
2058 3683 2260 3732 omuino
2277 3685 2536 3748 legendum
2556 3726 2574 3751 ,

1548 3773 1604 3812 ut
1623 3765 1724 3824 iam
1753 3759 2025 3820 Corradus,
2044 3763 2264 3812 Gronov.
2293 3763 2362 3815 nl.
2381 3781 2578 3820 censue-

1545 3853 1678 3891 runt.
1699 3841 1846 3905 Vulg.
1882 3839 2112 3890 Videbar.
2143 3843 2192 3892 J.
2212 3844 2276 3892 V.
2302 3845 2359 3893 L.

1627 3923 1707 3970 13.
1754 3925 2096 3972 Ver-umentem.
2128 3922 2206 3970 Ne
2245 3923 2388 3972 nimis
2433 3924 2572 3978 fidat.

1549 4001 1602 4050 J.
1626 3997 1687 4050 F.
1711 4004 1886 4050 Gnou.
1912 4027 1983 4037 —
2015 4001 2258 4061 Subandi,
2283 4003 2486 4054 scribito
2509 4009 2572 4055 ad

1551 4097 1628 4127 me
1649 4080 1735 4128 ubi
1755 4081 1820 4128 sit
1835 4115 1849 4138 ,
1885 4089 1934 4126 et
1955 4079 2076 4144 quid
2106 4081 2305 4144 cogitet.
2329 4084 2572 4135 Gronovii

1555 4159 1940 4208 emendationem
1961 4159 2238 4222 probamus.
2266 4162 2358 4208 lin.

2249 4243 2352 4314 25·
