3019 4681
618 382 1137 452 EPISTOLAE
1185 383 1320 453 AD
1372 382 1872 468 A‘r'rlcUM,
1921 383 2160 470 xm,
2206 383 2322 466 40.
2425 367 2564 478 357

429 505 513 574 At
568 527 703 600 ego
759 501 1093 593 verebar,
1142 529 1235 575 ne
1281 503 1497 574 etiam
1543 507 1803 574 Brutus
1845 526 2015 575 eum
2062 502 2412 600 diligeret.
2451 509 2566 578 Ita·
2626 517 2634 524 ’

423 618 620 685 enirn
658 613 1095 712 significarat
1133 613 1255 700 iis,
1303 637 1485 710 quas
1522 613 1608 684 ad
1655 624 1959 685 measu.
2004 619 2094 684 At
2132 613 2396 685 vellem
2431 614 2566 684 ali-

424 723 603 822 quid
632 723 1044 821 degustasse
1064 733 1126 768 ¹²
1154 722 1247 795 de
1278 721 1545 796 fabulis
1569 720 1652 794 ¹³.
1689 722 1828 796 Sed
1856 747 2102 795 coram
2119 778 2139 812 ‚
2171 738 2256 796 ut
2289 723 2568 796 scribis,

424 836 575 906 Etsi
617 832 800 930 quid
834 834 934 904 mi
969 847 1227 904 auctor
1261 834 1380 906 es?
1416 833 1776 906 advolone
1797 887 1818 922 ‚
1864 858 1958 904 an
1997 834 2312 909 maneo?
2347 837 2570 932 Equi-

424 943 590 1014 dem
634 958 709 1014 et
748 943 825 1014 in
863 942 1111 1015 libris⁴
1150 944 1429 1034 hae-ren,
1474 959 1548 1016 et
1579 945 1784 1016 illum
1828 943 1948 1016 hic
1980 948 2314 1043 excipere
2351 947 2566 1018 nolo:

426 1052 517 1126 ad
548 1078 767 1152 quem
786 1107 807 1138 ‚
844 1069 929 1125 ut
964 1054 1220 1143 audio,
1248 1069 1451 1154 pater
1474 1053 1696 1126 hodie
1727 1054 1818 1125 ad
1843 1059 2022 1126 Saxa
2049 1059 2459 1128 Acronoma
2479 1053 2572 1125 ¹⁵.

426 1165 737 1256 Mirum,
778 1188 1001 1262 quam
1038 1167 1371 1238 inimicus
1400 1167 1586 1256 ibat,
1615 1179 1699 1236 ut
1736 1190 1874 1263 ego
1907 1164 2393 1264 objurgarem.
2434 1165 2574 1238 Sed

429 1295 563 1370 ego
590 1273 743 1370 ipse
776 1285 1125 1368 κεπφοῢμαι
1142 1269 1229 1342 ¹⁶.
1259 1277 1516 1369 Itaque
1544 1271 1936 1371 postha017.
1953 1276 2066 1342 Tu
2099 1285 2346 1346 tamen
2370 1271 2574 1360 vide,

436 1377 614 1474 quid
677 1377 769 1450 de
825 1377 1143 1452 adventu
1192 1403 1355 1450 meo
1407 1401 1736 1474 censeas;
1795 1393 1870 1449 et
1915 1381 2002 1449 τὰ
2043 1375 2269 1466 62:2¹⁸,
2314 1403 2469 1454 cras
2515 1379 2577 1452 si

431 1491 740 1588 perspici
788 1491 1198 1589 potuerint,
1234 1514 1447 1561 mane
1488 1490 1730 1561 statim
1761 1503 1844 1560 ut
1883 1491 2126 1562 sciam.

429 1643 607 1693 caesar.
644 1641 773 1689 Nam
808 1642 849 1693 is
892 1641 957 1689 sd
994 1641 1233 1692 Caesarem
1265 1641 1453 1706 Quinto

428 1717 534 1768 fflio
560 1719 747 1768 aditum
769 1720 960 1784 speruit
975 1720 1083 1787 (lib.
1106 1722 1207 1780 XI,
1231 1738 1315 1786 ep.
1335 1723 1453 1787 20);

430 1810 487 1848 ut
511 1815 819 1863 quecunque
852 1799 1033 1864 flagitia
1062 1801 1275 1863 Quintus
1311 1817 1453 1849 com-

431 1879 615 1940 mittit,
650 1879 852 1930 casaris
882 1880 1034 1944 gratis
1068 1881 1217 1929 fretus
1237 1915 1253 1942 ,
1290 1881 1457 1930 Hirtio

430 1955 638 2005 adscribi
658 1959 768 2019 jure
793 1959 997 2022 possint.
1025 1961 1172 2010 Mu«.

506 2052 588 2085 11.
616 2037 707 2086 Ad
732 2053 890 2087 meas.
926 2039 1209 2104 Rescripsit.
1236 2039 1423 2104 supple
1439 2029 1467 2102 ,⁶

432 2115 613 2164 literas.
642 2117 1029 2176 ContumRecte
1048 2118 1125 2167 ad
1144 2135 1248 2175 me,
1276 2117 1461 2166 scilicet

436 2195 571 2245 dedit
598 2197 815 2261 Quintus
840 2195 989 2245 filius.
1018 2198 1147 2246 Vide
1174 2215 1283 2264 sup.
1317 2197 1458 2262 epist.

437 2275 521 2325 38.
540 2279 715 2325 Gnon.
738 2303 805 2312 —
819 2277 1100 2327 Gronovius
1118 2277 1247 2340 conj.
1275 2277 1349 2326 ad
1366 2293 1459 2326 me.

434 2358 647 2405 Frustra.
676 2358 709 2405 J
712 2394 725 2406 .
749 2360 817 2408 V.
834 2360 894 2407 L.

516 2452 597 2484 12.
626 2438 935 2501 Deguseasse.
960 2437 1153 2486 'Vellem
1176 2440 1353 2487 Brutus
1376 2436 1465 2486 ali-

438 2514 559 2579 quid
604 2515 901 2581 degustasset
936 2514 998 2565 de
1034 2518 1207 2565 sabulis
1252 2528 1301 2566 et
1334 2516 1463 2565 fictis

439 2596 741 2644 sermonibus
760 2630 779 2659 ,
804 2612 927 2662 quos
952 2598 1023 2660 Q.
1054 2594 1185 2645 filius
1220 2594 1281 2645 de
1315 2612 1393 2644 me
1414 2606 1463 2644 et

438 2684 489 2721 te
522 2676 725 2735 hahui23
764 2688 895 2725 certe
931 2676 1069 2725 illum
1114 2691 1219 2725 nou
1262 2684 1460 2723 amaret.

438 2754 634 2803 Porus.
651 2778 726 2791 —-
744 2756 910 2804 Scribe
935 2790 951 2815 ,
980 2756 1278 2821 degustasses
1293 2790 1308 2815 ‚
1337 2756 1465 2804 scili·

438 2842 517 2879 oet
548 2842 605 2880 tu
630 2843 831 2897 patrue,
858 2834 1025 2882 Marce
1056 2834 1251 2893 Cicero,
1290 2834 1464 2882 vellem

442 2920 681 2975 gustasses
708 2912 892 2978 aliquid
926 2914 991 2961 do
1021 2915 1257 2963 suavitate
1286 2930 1466 2962 sermo-

448 3006 565 3039 num
583 3025 599 3050 ‚
628 3006 754 3055 quos
788 3008 899 3039 eum
934 2993 1088 3042 Bruto
1126 2992 1312 3053 habui,
1350 2994 1466 3042 dum

441 3084 537 3117 una
562 3070 616 3117 in
636 3071 869 3134 Hispanis
889 3086 1070 3120 sumus.
1090 3074 1469 3121 Gitone-Facit

441 3164 553 3196 eum
581 3150 836 3199 Gronov10
856 3150 1189 3215 Mongsltius:
1218 3168 1374 3217 neque
1399 3152 1470 3201 sl-

440 3305 715 3328 m
718 3308 901 3329 mm

1268 3310 1912 3331 mmmmm
1915 3308 2096 3331 mm

1545 1651 1696 1691 teram
1710 1651 1872 1690 tamen
1889 1641 2339 1708 iuterpreutionem
2369 1657 2574 1708 prorsus

1543 1718 1785 1786 repudiat.

1621 1803 1702 1849 13.
1721 1802 1975 1848 Victorius·
1992 1799 2134 1862 iubet
2147 1801 2420 1849 accuratius
2441 1801 2576 1849 vide-

1545 1895 1600 1928 re
1617 1913 1634 1940 ,
1661 1895 1724 1928 su
1743 1879 1916 1928 tabulis
1933 1877 2192 1943 legendum
2213 1881 2294 1930 sit.
2319 1881 2370 1928 J.
2391 1881 2459 1928 V.
2481 1884 2536 1929 L.

1546 1971 1554 1978 ·
1622 1969 1706 2017 14.
1732 1959 1816 2008 ΑΙ.
1844 1969 1896 2006 et
1918 1959 1967 2006 in
1989 1959 2064 2007 lais
2085 1959 2237 2008 libris.
2257 1961 2386 2009 J.V.
2406 1961 2466 2008 L.

1625 2038 1706 2088 15.
1743 2045 2043 2088 Aerunorna.
2083 2037 2233 2100 Quod
2264 2055 2468 2097 nomen,
2488 2039 2580 2086 etsi

1547 2119 1802 2182 proprium
1855 2118 1920 2166 sit
1965 2117 2170 2178 alicujus
2210 2119 2312 2166 loci
2327 2151 2343 2176 ,
2381 2117 2577 2166 videtur

1549 2209 1712 2246 tamen
1729 2213 1792 2244 ex
1811 2211 1872 2244 eo
1889 2194 2058 2245 fictum
2072 2231 2088 2256 ‚
2106 2196 2244 2261 quod
2263 2213 2448 2245 summa
2466 2213 2580 2262 pars

1547 2293 1716 2324 eorum
1753 2291 1982 2324 saxorum
2008 2293 2034 2324 s
2063 2292 2240 2342 pecore
2271 2274 2467 2343 depasta
2503 2295 2576 2324 es-

1550 2367 1638 2406 set.
1681 2357 1797 2405 Bos.
1841 2383 1912 2393 —
1953 2358 2011 2405 P.
2052 2356 2274 2405 Pithoeus
2308 2356 2574 2421 margiiiem

1549 2446 1832 2495 notaverat,
1867 2452 1930 2484 ex
1953 2436 2153 2499 ingenio
2170 2470 2186 2497 ,
2214 2452 2278 2485 au
2312 2452 2373 2486 ex
2413 2448 2574 2485 vetere

1550 2516 1681 2564 libro
1701 2530 1802 2563 uon
1821 2514 1998 2579 liquet,
2012 2514 2272 2579 legendum
2293 2534 2304 2565 ε
2327 2538 2348 2560 ι
2361 2515 2443 2565 Ad
2463 2532 2578 2565 saxu

1551 2589 1870 2643 Acherontis.
1890 2614 1912 2637 ι
1941 2594 2117 2644 Gnaev.
2145 2623 2211 2633 -
2227 2596 2397 2645 Lectio
2423 2598 2582 2645 incer-

1553 2685 1621 2723 ta.
1646 2674 1868 2722 Pithoeus
1897 2674 2031 2735 conj.
2074 2672 2371 2723 Acheruntia
2389 2712 2404 2739 ‚
2445 2676 2584 2740 quod

1552 2754 1778 2802 Emestio
1811 2753 1945 2803 haud
1991 2754 2255 2804 absurdum
2305 2755 2576 2807 videbatur.

1553 2836 1606 2884 J.
1623 2836 1694 2884 V.
1719 2836 1775 2882 L.

1631 2914 1714 2962 16.
1767 2916 2072 2981 Κεπφοῦμαι.
2123 2912 2333 2962 Fluctuo
2347 2949 2364 2976 ,
2416 2914 2578 2962 animo

1555 3008 1790 3057 suspenso
1814 2991 1913 3041 huc
1939 2992 2058 3040 illuc
2085 2992 2330 3057 impelior.

1632 3088 1714 3135 1⁶7.
1736 3072 1965 3121 Posthac.
1979 3072 2120 3123 Nihil
2137 3072 2211 3119 illi
2227 3071 2401 3120 dicam.
2419 3070 2580 3140 qous.

1635 3154 1716 3202 18.
1737 3148 1812 3201 Τὰ
1835 3150 1940 3201 ὄλά.
1967 3152 2163 3200 Omnis.

2379 3306 2589 3327 §mu

1069 3458 1669 3541 EPISTOLA
1721 3460 1949 3539 XLI.

445 3630 533 3685 De
558 3624 803 3703 epistola
830 3626 906 3685 ad
937 3628 1117 3687 Attici
1144 3647 1405 3688 sororem
1433 3634 1507 3703 Q.
1540 3628 1708 3687 fratri
1742 3630 1912 3689 missa
1929 3672 1946 3701 ,
1991 3642 2048 3687 et
2080 3628 2156 3687 de
2182 3626 2410 3685 ratione
2437 3629 2560 3706 ejus

524 3722 707 3783 filium
732 3723 1075 3803 aecipiendi.
1103 3726 1125 3807 (
1139 3727 1554 3787 lnTusculano
1567 3770 1586 3801 ,
1613 3746 1766 3787 anno
1780 3732 1854 3787 U.
1874 3730 1938 3789 C.
1956 3726 2102 3801 708,
2119 3744 2316 3785 mense
2334 3724 2585 3805 sextili.)

1127 3870 1443 3935 CICERO
1489 3870 1815 3936 ATTICO
1861 3871 1926 3935 S.

547 4002 705 4069 Eoo
736 4021 912 4069 vero
944 4000 1223 4091 Quinto
1256 4000 1636 4100 epistolam
1669 3998 1762 4072 ad
1791 4024 2116 4073 sororem
2144 4001 2329 4072 misi.
2348 4002 2592 4091 Quum

454 4106 571 4177 ille
612 4124 1046 4205 quereretur
1081 4110 1235 4183 filio
1275 4136 1444 4185 cum
1474 4122 1703 4185 matre
1732 4108 2006 4185 benum
2032 4166 2052 4201 ‚
2093 4126 2164 4184 et
2198 4136 2276 4184 se
2313 4109 2412 4182 ob
2442 4134 2598 4182 eam
