3019 4681
507 393 650 490 678
797 392 1324 464 EPISTOLAE
1373 391 1570 460 cle.
1624 393 1749 459 ET
1800 392 2169 477 BRUTI,
2224 389 2335 460 15.

510 515 604 588 de
653 539 734 588 re
791 515 1252 613 propositum
1287 525 1396 584 est
1433 512 1577 584 hoc
1624 513 1785 586 loco
1832 512 2221 610 disputare.
2259 512 2453 604 Quid
2502 537 2639 612 ego

509 639 752 700 autem
775 639 1130 721 sequutus
1171 623 1314 696 hoc
1355 621 1553 694 bello
1588 623 1721 695 sim
1758 626 1837 694 in
1870 626 2245 696 sententiis
2274 621 2597 696 dicendis
2616 679 2637 712 ‚

511 738 796 835 aperire
833 759 982 806 non
1018 734 1334 806 alienum
1373 748 1576 831 puto.

601 850 772 918 Post
833 845 1206 916 interitum
1275 843 1567 914 Caesaris
1592 898 1612 929 ,
1678 857 1753 913 et
1806 856 2075 912 vestras
2136 839 2639 913 memorabiles

501 953 670 1026 idus
697 955 989 1026 martias
1009 1007 1030 1040 ,
1065 959 1282 1024 Brute
1302 1006 1322 1038 ‚
1349 951 1531 1049 quid
1568 976 1707 1048 ego
1736 954 2295 1049 praetermissum
2326 975 2367 1020 a
2394 950 2638 1036 vobis,

505 1077 1001 1162 quantamque
1035 1061 1458 1160 impendere
1484 1059 1897 1158 reipublicae
1924 1073 2423 1156 tempestatem
2452 1055 2639 1130 dixe-

505 1177 686 1258 rim,
733 1197 884 1244 non
941 1195 1018 1244 es
1065 1170 1356 1244 oblitus.
1401 1175 1663 1268 Magna
1704 1172 1927 1268 pestis
1968 1185 2123 1242 erat
2172 1169 2473 1266 depulsa
2506 1193 2639 1266 per

515 1307 677 1367 vos,
713 1305 968 1377 magna
994 1279 1250 1378 populi
1287 1285 1573 1352 romani
1610 1279 1889 1351 macula
1912 1277 2147 1350 deleta
2176 1305 2193 1346 :
2232 1277 2443 1348 vobis
2462 1301 2638 1348 vero

509 1407 712 1490 parta
741 1391 986 1462 divina
1015 1391 1276 1487 gloria;
1311 1389 1438 1462 sed
1473 1391 2041 1464 instrumentum
2074 1393 2285 1485 regni
2318 1387 2637 1460 delatum

507 1501 600 1574 ad
633 1499 988 1599 Lepidum
1029 1515 1101 1572 et
1135 1501 1533 1570 Antonium
1580 1527 1597 1570 z
1640 1525 1957 1597 quorum
2000 1500 2181 1572 alter
2220 1501 2638 1570 inconstan-

505 1612 674 1700 tior,
715 1610 894 1682 alter
931 1612 1324 1707 impurior3
1367 1624 1677 1707 uterque
1724 1633 1973 1707 pacem
2012 1624 2374 1695 metuens,
2408 1609 2637 1678 inimi-

509 1744 638 1792 cus
671 1723 826 1793 otio
840 1717 894 1790 ⁶.
929 1721 1058 1791 His
1081 1718 1504 1792 ardentibus
1538 1719 2049 1817 perturbandae
2078 1719 2493 1815 reipublicae
2519 1743 2641 1790 cu-

504 1829 842 1929 piditate,
888 1827 1093 1927 quod
1132 1833 1410 1926 opponi
1447 1845 1693 1927 posset
1730 1828 2139 1926 praesidium
2164 1881 2185 1912 ,
2226 1827 2660 1901 nonhabe·-

401 2025 415 2038 ,
505 1937 790 2012 bamus.
840 1943 1180 2012 Erexerat
1221 1940 1416 2010 enim
1454 1965 1529 2010 se
1568 1941 1849 2026 civitas,
1890 1943 1965 2010 in
2003 1937 2381 2012 retinenda
2416 1937 2637 2010 liber-

509 2065 656 2121 tate
705 2052 1185 2125 consentiens.
1241 2054 1390 2122 Nos
1437 2065 1597 2122 tum
1644 2051 1863 2122 nimis
1899 2073 2136 2122 acres:
2176 2073 2305 2120 vos
2340 2046 2639 2120 fortasse

508 2161 903 2258 sapientius
939 2159 1338 2232 excessistis
1375 2158 1564 2232 urbe
1604 2183 1685 2230 ea
1708 2214 1730 2247 ‚
1771 2184 1989 2257 quam
2028 2157 2461 2245 liberm-atim
2494 2163 2635 2232 Itan

507 2269 616 2340 liae
651 2295 780 2343 sua
805 2269 1014 2345 vobis
1041 2269 1274 2343 studia
1307 2267 1683 2370 profitenti
1718 2269 2377 2366 remisistis.1taque
2404 2292 2637 2365 quum

507 2380 740 2453 teneri
773 2379 1046 2451 Urbem
1082 2404 1122 2451 a
1163 2379 1531 2478 parricidis
1574 2379 1931 2465 viderem,
1976 2403 2111 2453 nec
2138 2393 2209 2451 te
2244 2382 2321 2449 in
2350 2402 2469 2466 ea,
2502 2402 2639 2451 nec

507 2490 828 2561 Cassium
857 2504 1018 2560 tuto
1045 2513 1198 2562 esse
1226 2512 1478 2588 posse,
1520 2514 1825 2586 eamque
1853 2490 2068 2561 armis
2094 2512 2511 2585 oppressam
2544 2485 2637 2559 ab

507 2600 870 2669 Antonio:
909 2598 1086 2670 mihi
1122 2623 1420 2698 quoque
1459 2602 1593 2697 ipsi
1632 2624 1787 2673 esse
1826 2598 2323 2673 excedendum
2364 2600 2633 2723 putavi.

501 2709 800 2777 Tetrum
853 2708 1046 2779 enim
1084 2710 1620 2805 spectaculum,
1665 2734 2011 2837 oppressa
2050 2708 2143 2781 ab
2171 2710 2425 2833 ‘impiis
2460 2708 2637 2781 civi-

503 2830 648 2899 tas,
686 2816 1091 2912 opitulandi
1139 2832 1492 2915 potestate
1538 2824 1847 2917 praecisa.
1888 2820 2027 2891 Sed
2072 2821 2357 2901 animus
2400 2818 2591 2900 idem
2610 2873 2634 2907 ,

499 2927 630 3023 qui
673 2948 958 3024 semper
999 2925 1262 2999 infixus
1310 2945 1418 3002 est
1459 2931 1535 3001 in
1571 2932 1819 3029 patriae
1866 2932 2197 3017 caritate,
2240 2929 2635 3001 discessum

501 3034 592 3109 ab
641 3037 798 3131 ejus
851 3037 1188 3134 periculis
1233 3036 1421 3113 ferre
1463 3065 1616 3113 non
1668 3042 1925 3137 potuit.
1970 3042 2224 3137 Itaque
2272 3042 2348 3111 in
2392 3037 2633 3111 medio

499 3146 807 3221 Achaico
862 3172 1080 3219 cursu
1103 3202 1122 3235 ,
1165 3173 1396 3245 quum
1447 3152 1825 3223 etesiarum
1852 3160 1878 3204 '7
1932 3148 2187 3223 diebus
2234 3164 2475 3222 auster
2516 3172 2633 3219 me

495 3256 574 3328 in
599 3255 912 3342 Italiam,
957 3257 1158 3353 quasi
1195 3256 1555 3331 dissuasor
1590 3262 1733 3331 mei
1769 3260 2089 3347 consilii,
2132 3258 2528 3343 retulisset,
2557 3274 2631 3331 te

497 3363 646 3435 vidi
703 3364 920 3437 Veliae
943 3419 964 3453 ‚
1037 3364 1386 3463 doluique
1455 3368 1947 3441 vehementer.
2016 3367 2337 3441 Cedebas
2398 3370 2629 3453 enim,

492 3476 751 3560 Brute,
794 3472 1138 3561 cedebas;
1182 3480 1528 3572 quoniam
1577 3480 1783 3551 stoici
1832 3474 2111 3551 nostri⁸
2164 3492 2469 3575 negant,
2511 3478 2627 3551 fu·

492 3607 660 3681 gere
705 3586 1045 3682 sapientis
1065 3596 1116 3655 9.
1174 3588 1478 3659 Romam
1533 3604 1615 3661 ut
1666 3592 1878 3677 veni,
1928 3591 2166 3661 statim
2222 3613 2339 3659 me
2391 3588 2632 3663 obtuli

560 3731 612 3779 ὓ.
643 3730 806 3781 Codd.
831 3746 932 3795 reg.
952 3729 1054 3781 ou‘t'.
1086 3733 1136 3779 J.
1154 3734 1219 3780 V.
1245 3734 1298 3782 L.
1598 3744 1763 3783 auster
1778 3734 1831 3783 in
1852 3733 2188 3783 occidentem:
2210 3732 2375 3797 itaque
2392 3733 2625 3783 Ciceroni

559 3822 610 3875 7.
623 3808 1340 3873 Etesiarquuasidiseessnm
1349 3828 1511 3859 meum
1598 3814 1835 3861 Graeciam
1851 3811 2037 3876 petenti
2053 3812 2279 3876 prosperi
2300 3813 2481 3871 etesiae,
2502 3828 2626 3861 con·

493 3884 560 3935 dii
577 3902 680 3935 non
699 3886 962 3952 probarent
977 3922 994 3949 ‚
1021 3890 1104 3953 qui
1127 3890 1380 3939 etesiarum
1409 3890 1511 3939 die·
1598 3900 1671 3940 trn
1692 3902 1871 3941 auster.
1895 3892 2037 3941 Mu.

488 3966 584 4015 bus
603 3975 816 4017 austrum
837 3970 1018 4031 spirare
1046 3978 1221 4035 prater
1243 3980 1505 4019 eonsuem-
1670 3973 1719 4019 8.
1744 3970 1928 4019 Nostri.
1950 3970 2077 4029 Alii,
2118 3969 2292 4020 wer-i.
2336 3998 2407 4009 --
2448 3970 2623 4019 Velia.

487 4045 650 4097 dinen
695 4044 952 4096 voluerint.
1005 4048 1188 4099 Euesa
1239 4059 1400 4099 antem
1451 4050 1506 4097 in
1596 4050 1787 4101 Confer
1808 4050 2025 4116 Philipp.
2044 4052 2094 4099 X
2111 4084 2126 4109 ,
2148 4057 2197 4105 4.
2224 4054 2320 4100 En.

488 4124 724 4174 orientem
759 4124 1096 4189 navigantibus
1129 4128 1331 4177 secundi
1365 4140 1506 4189 sunt,
1668 4146 1716 4193 9.
1743 4129 2001 4194 Sapientis.
2018 4130 2196 4189 Stoici,
2214 4144 2423 4193 quorum
2443 4139 2623 4179 sectam
