3019 4681
567 406 702 480 δια
1188 404 1283 471 Μ.
1337 404 1412 469 Τ.
1466 400 2049 471 CICERONIS

561 526 1020 628 appellentur
1041 578 1062 612 ‚
1103 534 1611 621 procuratores
1658 520 2144 592 introducere.
2200 525 2453 618 Neque
2498 528 2693 595 enim

558 643 659 715 ini
686 642 878 711 litem
912 631 1513 708 contestabuntur
1542 657 1731 731 :quo
1751 632 1941 705 facto
1960 686 1979 721 ‚
2006 658 2157 705 non
2180 658 2339 705 sum
2368 638 2656 707 nescius
2676 692 2696 717 ,

561 772 950 849 sponsores
985 745 1294 817 liberari.
1342 743 1484 815 Sed
1526 758 1599 815 et
1634 742 1987 842 illi.turpe
2032 742 2381 834 arbitror,
2430 770 2522 818 eo
2567 772 2695 819 no—

505 842 514 859 *
557 864 756 933 mine
783 914 803 946 ‚
844 856 1044 955 quod
1093 855 1429 927 satisdato
1463 852 1765 941 debeat,
1796 868 2303 951 procuratores
2346 852 2503 949 ejus
2542 880 2695 926 non

537 970 986 1054 'dissolvere3
1047 981 1121 1037 et
1173 980 1434 1036 nostrae
1497 966 1861 1062 gravitatis
1881 1018 1900 1053 ‚
1960 964 2079 1059 jus
2140 980 2472 1037 nostrum
2538 967 2695 1037 sine

560 1102 841 1151 summa
881 1076 1068 1147 illius
1108 1074 1504 1172 ignominia
1540 1076 1901 1174 persequi.
1950 1078 2063 1146 De
2121 1075 2261 1145 hoc
2300 1074 2485 1172 quid
2542 1076 2693 1175 pla-

561 1204 748 1275 ceat,
783 1184 1132 1259 rescribas
1173 1184 1390 1254 velim
1435 1212 1452 1254 :
1508 1210 1645 1258 nec
1702 1183 1996 1269 dubim,
2040 1184 2220 1280 quin
2256 1181 2400 1255 hoc
2454 1196 2690 1259 totum

559 1301 794 1372 lenius
831 1296 1455 1367 administraturus
1485 1297 1599 1366 sis.
1631 1294 1879 1368 Redeo
1906 1294 1999 1365 ad
2025 1294 2575 1392 rempublicam.

654 1403 883 1475 Multa
909 1402 1323 1474 mehercule
1356 1426 1397 1473 a
1423 1416 1494 1473 te
1526 1425 1711 1500 saepe
1748 1407 1808 1471 ἐν
1842 1410 2143 1496 πολιτικῷ
2162 1397 2193 1443 ⁵
2228 1424 2498 1497 genere
2526 1426 2698 1500 pru·

559 1515 854 1602 denter3
887 1512 1014 1585 sed
1046 1513 1159 1585 his
1185 1512 1413 1585 literis
1435 1511 1623 1583 nihil
1656 1512 2127 1611 prudentius:
2167 1541 2201 1577 c<
2232 1514 2693 1611 Quamquam

561 1628 758 1699 enim
800 1639 1050 1723 postea
1067 1620 1126 1713 ⁶,
1178 1626 1253 1694 in
1294 1628 1671 1722 praesentia
1720 1620 1913 1693 belle
1962 1625 2097 1693 iste
2142 1646 2328 1719 puer
2368 1622 2695 1695 retundit

560 1738 958 1808 Antonium
981 1788 1001 1821 ‚
1041 1750 1284 1805 tamen
1327 1736 1598 1805 exitum
1637 1747 2048 1831 exspectare
2091 1732 2444 1805 debemus
2470 1765 2521 1805 ι».
2568 1741 2694 1821 At,

561 1872 724 1945 quae
767 1845 1132 1917 conciet?
1180 1868 1348 1916 nam
1405 1858 1515 1915 est
1564 1846 1775 1915 missa
1818 1842 2012 1915 mihi.
2066 1849 2302 1931 Jurat‚
2341 1874 2377 1909 α
2403 1846 2507 1917 ita
2558 1844 2694 1917 sibi

561 1958 879 2055 parentis
913 1955 1226 2027 honores
1253 1957 1601 2050 consequi
1630 1954 1838 2025 liceat
1856 1951 1885 1997 ⁸
1914 1984 1949 2021 »
1976 1981 1991 2023 :
2023 1968 2099 2025 et
2128 1954 2342 2026 simul
2369 1954 2691 2026 dextram

561 2062 877 2135 intendit
929 2062 1018 2133 ad
1079 2075 1387 2141 statuam
1408 2070 1462 2129 9.
1501 2054 1696 2137 Μηδὲ
1742 2064 1989 2139 σωθείην
2030 2064 2152 2132 ὑπό
2179 2088 2249 2158 γε
2270 2070 2331 2103 ¹⁰
2388 2066 2691 2133 τοιούτου.

563 2172 739 2259 Sed,
783 2188 867 2243 ut
907 2170 1191 2259 scribiS,
1229 2171 1711 2242 certissimum
1756 2194 1907 2241 esse
1947 2168 2159 2241 video
2197 2167 2589 2241 discrimen
2611 2181 2692 2253 ¹¹,

1666 2393 1859 2459 populo
1878 2391 2096 2456 redegit:
2124 2391 2397 2440 Antonium
2416 2393 2688 2442 accusavit:

1667 2473 1868 2532 milites,
1897 2473 1983 2537 qui
2007 2487 2059 2519 se
2086 2472 2258 2519 ducem
2284 2467 2485 2534 sequuti
2511 2481 2691 2528 essent,

561 2411 662 2444 rem
691 2410 846 2458 agere.
883 2395 1252 2444 Introdncemus
1285 2405 1579 2460 procurato·

559 2491 662 2522 rem
675 2509 688 2532 ‚
711 2473 796 2537 qui
815 2489 1076 2539 sponsores
1093 2473 1324 2539 appellet.
1355 2473 1432 2522 Illi
1447 2473 1581 2536 judi-

559 2553 640 2601 cio
685 2568 788 2600 non
832 2553 1172 2617 disceptabunt
1188 2587 1202 2612 ,
1252 2552 1338 2600 sed
1381 2569 1476 2600 nos
1518 2551 1581 2600 ad

560 2630 825 2680 Dolabellae
861 2631 990 2678 hona
1019 2631 1254 2692 rejicient.
1293 2632 1364 2678 Ita
1395 2642 1446 2678 et
1484 2631 1583 2696 ipsi

557 2709 916 2758 liberabuntur:
940 2725 1090 2772 quum
1111 2725 1222 2756 rens
1237 2708 1428 2768 habeat,
1449 2709 1578 2758 unde

559 2787 716 2836 solvat
744 2799 762 2835 :f
795 2800 844 2835 et
879 2803 970 2834 nos
1003 2798 1106 2834 tum
1142 2787 1337 2834 demum
1374 2788 1579 2837 honeste

555 2871 636 2930 jus
654 2879 872 2914 nostrum
886 2877 1250 2930 persequentes,
1267 2883 1294 2916 e
1309 2866 1578 2916 Dolabellae

558 2964 610 2995 re
641 2963 748 2996 eam
776 2959 964 3011 partein
993 2947 1236 3012 capiemus
1251 2980 1268 3006 ‚
1307 2963 1416 3011 quae
1451 2947 1579 2995 facta

559 3027 906 3086 aestimatione,
938 3025 1114 3074 debitae
1139 3026 1359 3090 pecunioe
1381 3043 1582 3093 respon·

559 3105 687 3154 deat.
711 3105 858 3154 Man.

633 3179 680 3226 5.
719 3165 781 3226 Ἐν
819 3179 1063 3243 πολιτικῷ.
1109 3179 1172 3224 In
1207 3191 1304 3236 eo,
1345 3176 1482 3241 quod
1516 3177 1582 3225 ad

557 3255 836 3319 reipublicae
861 3253 1322 3304 administrationem
1347 3257 1575 3320 pertinet.

629 3335 681 3382 6.
728 3333 1035 3399 Quamquam
1062 3334 1190 3382 enim
1209 3347 1397 3398 postea.
1429 3338 1578 3392 Bate,

559 3411 670 3474 qnae
691 3431 882 3463 sensum
911 3413 1222 3462 commodum
1247 3429 1348 3462 nou
1369 3415 1579 3472 habent,

559 3493 610 3539 J.
631 3496 682 3540 F.
705 3494 925 3540 Gronov.
945 3493 1222 3555 corrigebat
1240 3493 1310 3540 sic
1322 3530 1336 3554 ,
1355 3514 1380 3536 α
1395 3496 1578 3557 Quam-

561 3587 704 3633 quam
741 3573 868 3620 enim
904 3582 1066 3636 potest
1084 3609 1099 3633 ,
1127 3585 1177 3620 et
1211 3572 1265 3620 in
1293 3576 1545 3636 praesentia
1562 3609 1577 3632 ,

565 3659 662 3696 etc.
681 3671 706 3691 n
736 3650 870 3698 Olim
904 3652 1186 3709 Manutius,
1227 3673 1252 3693 α
1275 3655 1576 3717 Quamquam

560 3726 688 3774 enim
722 3739 888 3791 posset
925 3729 980 3776 in
1019 3731 1272 3794 praesentia
1317 3731 1442 3779 belle
1486 3734 1577 3780 iste

558 3821 683 3870 puer
718 3808 974 3857 retundere
1009 3811 1342 3859 Antonium».
1379 3808 1577 3860 Schiitz.

557 3899 676 3931 vero
696 3887 844 3934 satius
862 3899 1003 3951 putat
1020 3901 1190 3953 postea
1215 3890 1391 3939 delere.
1405 3892 1576 3940 Malim

553 3963 864 4012 Gronov-ium
889 3969 1042 4031 sequi.
1065 3971 1114 4018 J.
1136 3972 1200 4020 V.
1229 3972 1288 4018 L.

627 4057 652 4100 7
665 4075 678 4090 .
715 4041 906 4092 Cuneio.
931 4047 991 4092 ln
1007 4061 1061 4093 ea
1087 4049 1326 4096 concione
1350 4052 1574 4099 Octavia-

553 4131 645 4164 nus
664 4135 740 4166 res
757 4131 912 4182 gestas
929 4124 1078 4184 patris
1098 4127 1131 4172 J
1133 4125 1219 4173 ulii
1231 4129 1284 4174 in
1297 4130 1573 4179 memoriam

1665 2551 1897 2599 laudibus
1926 2551 2149 2610 ornavit;
2177 2566 2325 2613 seque
2362 2567 2463 2598 nna
2500 2568 2613 2600 cum
2634 2552 2693 2599 iis

1667 2631 1735 2678 ita
1764 2631 2030 2678 animatum
2061 2645 2164 2678 esse
2204 2629 2365 2690 dixit,
2400 2641 2461 2677 ut
2494 2631 2691 2696 obsequi

1668 2709 1733 2756 ad
1763 2711 1925 2757 omnia
1943 2744 1958 2768 ‚
1990 2721 2039 2758 et
2070 2709 2301 2757 inservire
2335 2712 2523 2773 patriae-
2539 2711 2691 2758 vellet.

1666 2792 1784 2836 Haec
1806 2800 1964 2837 autem
1981 2791 2035 2836 in
2054 2787 2237 2853 templo
2258 2788 2481 2838 Castoris
2497 2801 2550 2838 et
2573 2787 2691 2838 Pol-

1666 2867 1791 2916 lucis
1806 2903 1821 2927 ,
1844 2883 1995 2931 quum
2015 2883 2075 2915 eo
2108 2868 2188 2916 Ti.
2208 2867 2452 2916 Canutius
2470 2869 2693 2918 m'bnnns

1666 2946 1823 3011 plebis
1865 2947 2086 2996 Antonio
2118 2947 2336 2994 infensus
2350 2981 2365 3007 ,
2404 2949 2691 2997 concionem

1668 3025 1964 3074 advocasset.
1985 3026 2082 3073 Dio
2094 3025 2183 3073 lib.
2202 3027 2355 3084 XLV,
2370 3037 2423 3074 et
2440 3029 2694 3092 Appianas

1668 3104 1756 3152 lib.
1785 3106 1877 3152 111.
1902 3106 2050 3152 Mu.

1742 3185 1793 3232 8.
1810 3185 1893 3231 Ita
1904 3181 2223 3247 sibipmmt’s
2234 3183 2447 3232 honores
2464 3188 2697 3250 consequi

1670 3263 1831 3311 liccat.
1862 3265 1931 3310 Ut
1962 3263 2132 3328 patriae
2166 3262 2502 3312 defensionem
2536 3282 2690 3314 susce-

1668 3341 1813 3406 perit.
1844 3343 1995 3390 Insn.

1740 3437 1791 3482 9.
1822 3419 1909 3467 Ad
1922 3429 2155 3470 statuam.
2176 3422 2267 3468 Per
2288 3431 2543 3483 parentem
2561 3422 2691 3482 jnra-

1667 3499 1769 3558 vit,
1796 3515 1941 3547 manu
1970 3509 2142 3548 statuae
2174 3498 2306 3547 illius
2330 3502 2599 3564 imposita:
2630 3519 2689 3549 ex

1666 3589 1827 3626 vetere
1854 3579 2133 3627 Graecornm
2157 3595 2319 3636 more,
2337 3579 2417 3627 illa
2448 3581 2580 3644 ipsa,
2607 3597 2690 3646 pex-

1665 3645 1776 3721 qnoe
1822 3657 2078 3718 iurabant,
2124 3658 2321 3705 numina
2372 3663 2687 3722 tangentium.

1665 3736 1965 3796 Herodotus,
1984 3736 2077 3785 lib.
2097 3737 2483 3796 V13Juvenalis,
2503 3752 2593 3790 sat.
2616 3749 2685 3796 ιι.

1666 3817 1820 3866 Inus.

1744 3910 1824 3942 10.
1856 3887 2001 3946 Μηδὲ
2034 3892 2221 3947 σωθείην
2250 3892 2349 3944 ὑπό
2376 3913 2435 3964 γε
2462 3899 2684 3948 τοιούτω.

1664 3975 1743 4024 Ne
1758 3975 1907 4024 veh'm
1932 3975 2129 4039 quidem
2146 3977 2325 4024 servari
2350 3979 2419 4025 ab
2444 3978 2553 4028 isto.

1739 4069 1761 4102 ι
1778 4071 1819 4104 ι.
1840 4054 2124 4103 visor-ima.
2146 4055 2207 4103 Id
2224 4066 2297 4104 est
2314 4089 2332 4114 ,
2358 4070 2495 4106 certo
2518 4058 2687 4106 discer-

1662 4144 1745 4182 net
1768 4147 1821 4184 et
1854 4136 2037 4199 aperiet
2068 4137 2371 4186 voluntatem
2402 4137 2683 4192 Octaviani,
