3019 4681
542 369 686 466 2396
1168 363 1266 439 Μ.
1318 374 1397 441 Τ.
1455 366 2041 445 CICERONIS

1143 702 1738 783 EPISTOLA
1790 687 2049 778 VIII.

512 860 677 940 Quid
700 865 1050 927 Octavianus
1078 884 1112 923 a
1138 884 1199 923 se
1226 826 1513 943 postulet,
1538 876 1754 921 narrat.
1789 861 1895 941 (ln
1922 866 2270 938 PuteolanO,
2304 884 2456 923 anno
2481 870 2553 925 U.
2579 866 2653 924 C.

1222 979 1337 1037 7⁰9
1353 1001 1372 1031 ‚
1390 976 1586 1017 mense
1613 957 1928 1045 novembri.
1951 966 1972 1032 )

1202 1086 1514 1221 c'ICERo
1559 1125 1885 1191 ATTICO
1931 1128 1997 1191 S.

610 1256 843 1343 Quum
894 1253 1111 1323 sciam
1141 1304 1161 1336 ‚
1219 1274 1368 1347 quo
1421 1248 1540 1320 die
1589 1264 1938 1321 venturus
1989 1228 2516 1339 simsfaciam,
2567 1266 2654 1322 ut

516 1362 723 1431 scias,
776 1359 1307 1457 Impedimenta
1349 1357 1830 1458 exspectanda
1875 1376 2077 1449 sunt,
2121 1384 2284 1457 quae
2331 1361 2656 1457 Anagnia

519 1474 823 1541 veniunt
857 1496 871 1538 :
914 1485 987 1541 et
1023 1467 1287 1540 familia
1324 1494 1512 1567 aegra
1552 1485 1681 1542 est.
1715 1470 1872 1541 Kal.
1905 1474 2187 1569 vesperi
2226 1471 2445 1542 literae
2471 1470 2652 1541 mihi

516 1578 609 1651 ab
642 1581 1071 1653 OctavianO.
1107 1582 1367 1678 Magna
1403 1580 1721 1651 molitur.
1760 1582 2192 1669 Veteran05‚
2229 1572 2489 1677 quiqui
2523 1581 2652 1649 Ca-

513 1691 747 1761 silini¹
792 1706 868 1763 et
908 1688 1187 1761 Calatiae
1228 1704 1434 1777 sunt,
1471 1687 1808 1787 perduxit
1841 1686 1934 1759 ad
1960 1712 2161 1765 suam
2191 1691 2642 1759 sententiam.

510 1804 665 1873 Nec
718 1804 984 1871 mirum
1026 1827 1043 1869 ε
1102 1802 1556 1896 quingenos²
1597 1796 1928 1870 denarios
1971 1797 2112 1869 dat.
2156 1799 2436 1894 Cogitat
2476 1794 2642 1867 reli-

509 1932 690 2007 ·quas
745 1910 1069 1983 colonias
1124 1908 1369 1981 obire.¹
1404 1910 1622 1981 Plane
1662 1909 1806 1981 hoc
1849 1922 2163 2006 spectat,
2211 1924 2292 1979 ut
2334 1933 2410 1979 se
2458 1906 2644 1979 duce

510 2018 785 2091 bellum
846 2034 1135 2117 geratur
1194 2042 1361 2091 cum
1422 2021 1762 2093 Antonio.
1827 2024 2082 2116 Itaque
2135 2018 2344 2089 video
2395 2019 2643 2116 paucis

508 2118 766 2202 diebus
819 2156 955 2201 nos
1013 2132 1090 2201 in
1142 2134 1358 2202 armis
1413 2128 1589 2201 fore.
1637 2133 1878 2220 Quem
1922 2142 2160 2200 autem
2209 2128 2644 2225 sequamur?

504 2241 686 2311 Vide
738 2265 1056 2330 nomen;
1105 2240 1269 2312 vide
1317 2255 1593 2311 aetatem
1617 2236 1670 2311 3.
1732 2244 1970 2335 Atque
2019 2263 2061 2309 a
2112 2262 2226 2310 me
2280 2238 2636 2336 postulat,

502 2355 823 2448 primum
860 2366 944 2422 ut
979 2351 1161 2423 clam
1190 2352 1652 2450 colloquatur
1681 2375 2003 2438 mecum,
2043 2349 2154 2420 vel
2194 2351 2488 2446 Capuae,
2523 2347 2638 2420 vel

499 2485 650 2531 non
689 2461 902 2557 longe
940 2485 981 2531 a
1014 2460 1315 2558 Capua4.
1354 2461 1636 2534 Puerile
1674 2460 1817 2531 hoc
1852 2458 2192 2556 quidem,
2230 2459 2289 2528 si
2325 2455 2398 2528 id
2430 2471 2638 2554 putat

502 2560 689 2640 clam
732 2567 887 2640 fieri
928 2593 1156 2670 poese.
1192 2573 1428 2642 Docui
1465 2595 1600 2670 per
1635 2571 1908 2655 literas,
1941 2567 2017 2640 id
2052 2593 2190 2639 nec
2225 2591 2412 2666 opus
2445 2591 2634 2656 esse,

496 2704 637 2750 nec
672 2677 829 2750 fieri
872 2701 1104 2775 posse.
1152 2682 1347 2751 Misit
1388 2681 1480 2752 ad
1520 2704 1640 2752 me
1677 2682 2030 2752 Caecinam
2063 2677 2450 2776 quemdam
2484 2682 2634 2748 Vo-

491 2789 927 2860 laterranum
952 2843 971 2877 ‚
1007 2785 1430 2862 familiarem
1463 2815 1714 2876 suum,
1759 2791 1890 2886 qui
1925 2789 2076 2860 haec
2113 2787 2450 2886 pertulit:
2481 2791 2630 2858 An-

498 2903 786 2969 tonium
827 2921 993 2968 cum
1032 2895 1315 2996 legione
1348 2895 1848 2971 Alaudarum5·
1869 2897 1960 2971 ad
1985 2897 2261 2970 Urbem
2295 2921 2624 2996 pergere,

497 3007 844 3106 pecunias
896 3008 1309 3106 municipiis
1358 3010 1758 3107 imperare,
1810 3010 2170 3106 legionem
2226 3006 2361 3078 sub
2413 3008 2628 3104 signis

498 3118 786 3190 ducere.
833 3116 1307 3190 Consultabat
1329 3174 1349 3208 ,
1384 3133 1636 3190 utrum
1677 3123 1977 3190 Romam
2015 3141 2182 3190 cum
2219 3141 2332 3188 cm
2371 3141 2486 3188 cm
2517 3141 2626 3188 clo

494 3243 1007 3300 veteranorum
1044 3183 1656 3325 proficisceretur}
1695 3253 1788 3299 an
1834 3230 2154 3326 Capuam
2193 3241 2511 3316 teneret,
2555 3241 2626 3298 et

565 3397 744 3447 1.Vett.
760 3395 982 3461 quaedam
1000 3394 1111 3444 edd.
1136 3395 1431 3446 Casili.J.v.
1454 3399 1509 3446 L.
1598 3413 1675 3446 ur
1697 3397 1753 3444 in
1779 3397 1934 3445 Gallia
1985 3395 2240 3460 delegerat.
2281 3395 2483 3443 sueton.
2517 3393 2619 3443 sul.

560 3493 611 3527 α.
636 3479 711 3525 Ita
736 3477 949 3525 correxit
983 3475 1251 3526 Victorius.
1278 3477 1419 3524 Prius
1438 3475 1511 3524 le·
1598 3493 1644 3526 c.
1680 3484 1762 3531 24.
1791 3473 1872 3525 Sic
1901 3475 2028 3524 dicta
2047 3475 2110 3523 ab
2131 3477 2209 3522 avi
2227 3489 2372 3538 quam
2401 3475 2454 3521 in
2475 3472 2624 3538 signis

486 3555 687 3622 gebatur
713 3554 1013 3620 quingentos.
1037 3556 1087 3603 J.
1111 3557 1176 3603 V.
1197 3557 1254 3605 L.
1595 3555 1866 3615 habebant,
1902 3555 2138 3602 Romanis
2176 3554 2392 3619 galerita
2410 3589 2426 3616 ‚
2473 3551 2624 3602 Gallis

558 3637 607 3682 3.
635 3629 845 3682 Nomen.
860 3666 900 3680 ..
931 3643 1143 3680 aetatem.
1165 3633 1265 3696 Qui
1281 3643 1331 3683 et
1352 3634 1512 3683 (ζωι-
1598 3633 1800 3682 alauda.
1839 3635 2045 3694 Plinius,
2068 3635 2168 3692 XI,
2199 3635 2280 3694 37.
2305 3632 2550 3682 Antonius
2563 3641 2626 3678 ‘ut

482 3712 779 3779 appelletur3
798 3721 847 3758 et
855 3711 1150 3773 adolescens,
1162 3728 1217 3761 ae
1236 3729 1373 3778 paene
1390 3729 1513 3778 puer
1598 3711 1724 3760 hane
1736 3713 1974 3776 legionem
1995 3712 2088 3760 sibi
2105 3711 2406 3770 conciliaret,
2431 3711 2622 3759 tertium

488 3795 573 3842 eit.
594 3795 736 3838 Mn.
1602 3791 1823 3840 ordinem
1847 3791 2068 3852 judicum
2089 3790 2364 3838 instituerat
2378 3823 2394 3848 ‚
2421 3805 2482 3837 ex
2509 3804 2622 3836 een-

558 3879 607 3926 4.
626 3865 787 3914 Verba
800 3867 928 3926 haee,
944 3891 969 3910 u
981 3869 1056 3917 vel
1081 3886 1183 3917 non
1203 3871 1346 3935 longe
1364 3887 1391 3918 a
1410 3872 1504 3921 Ca-
1598 3870 1871 3919 tut-ionibus
1895 3870 2014 3933 ipsis
2039 3868 2370 3932 manipulariis
2387 3868 2533 3928 hujus
2549 3867 2622 3914 le-

480 3966 648 4016 punn,
676 3961 703 3991 e
726 3942 848 3994 MSS
875 3948 1086 3997 restituit
1109 3950 1282 3997 Bosius
1298 3984 1313 4008 ‚
1331 3965 1441 4014 quae
1474 3965 1502 3996 a
1593 3949 1752 4015 gionis
1795 3949 2072 3998 collectum.
2109 3945 2256 4009 Quod
2283 3945 2544 4010 sepiasime
2571 3954 2621 3993 et

480 4025 687 4090 vulgatis
704 4023 840 4071 libris
864 4023 1083 4076 aberant.
1106 4029 1157 4077 J.
1184 4031 1248 4076 V.
1271 4031 1327 4077 L.
1591 4029 1799 4090 graviter
1823 4027 1997 4075 Cicero
2019 4025 2295 4088 indignatus
2321 4036 2413 4073 est.
2437 4023 2618 4087 Philip.

555 4105 603 4156 5.
636 4101 847 4166 [agione
870 4103 1195 4156 Alaudarum.
1222 4107 1379 4169 Quam
1396 4107 1501 4155 Cae-
1543 4123 1548 4128 ·
1589 4108 1639 4164 1,
1669 4105 1719 4153 8.
1744 4107 1834 4154 En.
