<?xml version="1.0" encoding="UTF-8"?>
<!DOCTYPE html PUBLIC "-//W3C//DTD XHTML 1.0 Transitional//EN"
    "http://www.w3.org/TR/xhtml1/DTD/xhtml1-transitional.dtd">
<html xmlns="http://www.w3.org/1999/xhtml" xml:lang="en" lang="en">
 <head>
  <title>
</title>
<meta http-equiv="Content-Type" content="text/html;charset=utf-8" />
  <meta name='ocr-system' content='tesseract 3.04.00' />
  <meta name='ocr-capabilities' content='ocr_page ocr_carea ocr_par ocr_line ocrx_word'/>
</head>
<body>
  <div class='ocr_page' id='page_1' title='image "./mtciceronisquae04lemagoog_0520.png"; bbox 0 0 3019 4681; ppageno 0'>
   <div class='ocr_carea' id='block_1_1' title="bbox 543 394 2043 480">
    <p class='ocr_par' dir='ltr' id='par_1_1' title="bbox 543 394 2043 480">
     <span class='ocr_line' id='line_1_1' title="bbox 543 394 2043 480; baseline 0.001 -14"><span class='ocrx_word' id='word_1_1' title='bbox 543 394 680 480; x_wconf 71' lang='lat'><strong>514</strong></span> <span class='ocrx_word' id='word_1_2' title='bbox 1171 398 1270 465; x_wconf 92' lang='grc' dir='ltr'><strong>Μ.</strong></span> <span class='ocrx_word' id='word_1_3' title='bbox 1318 398 1394 465; x_wconf 93' lang='grc' dir='ltr'><strong>Τ.</strong></span> <span class='ocrx_word' id='word_1_4' title='bbox 1449 397 2043 468; x_wconf 86' lang='lat' dir='ltr'>CICERONIS</span> 
     </span>
    </p>
   </div>
   <div class='ocr_carea' id='block_1_2' title="bbox 507 517 2679 2934">
    <p class='ocr_par' dir='ltr' id='par_1_2' title="bbox 507 517 2679 2934">
     <span class='ocr_line' id='line_1_2' title="bbox 534 517 2679 609; baseline 0.001 -16"><span class='ocrx_word' id='word_1_5' title='bbox 534 521 869 593; x_wconf 88' lang='lat' dir='ltr'><strong>dicinam.</strong></span> <span class='ocrx_word' id='word_1_6' title='bbox 926 520 1166 609; x_wconf 85' lang='lat' dir='ltr'><strong>Quare</strong></span> <span class='ocrx_word' id='word_1_7' title='bbox 1217 520 1352 591; x_wconf 86' lang='lat' dir='ltr'><strong>ista</strong></span> <span class='ocrx_word' id='word_1_8' title='bbox 1397 518 1731 591; x_wconf 86' lang='lat' dir='ltr'><strong>valeant:</strong></span> <span class='ocrx_word' id='word_1_9' title='bbox 1782 544 1898 590; x_wconf 90' lang='lat' dir='ltr'><strong>me</strong></span> <span class='ocrx_word' id='word_1_10' title='bbox 1944 544 2063 591; x_wconf 88' lang='lat' dir='ltr'><strong>res</strong></span> <span class='ocrx_word' id='word_1_11' title='bbox 2104 517 2476 593; x_wconf 86' lang='lat' dir='ltr'><strong>familiaris</strong></span> <span class='ocrx_word' id='word_1_12' title='bbox 2518 546 2679 595; x_wconf 88' lang='lat' dir='ltr'><strong>mo-</strong></span> 
     </span>
     <span class='ocr_line' id='line_1_3' title="bbox 535 628 2675 723; baseline 0.002 -22"><span class='ocrx_word' id='word_1_13' title='bbox 535 646 692 719; x_wconf 81' lang='lat' dir='ltr'><strong>vet3</strong></span> <span class='ocrx_word' id='word_1_14' title='bbox 732 655 886 703; x_wconf 90' lang='lat' dir='ltr'><strong>rem</strong></span> <span class='ocrx_word' id='word_1_15' title='bbox 926 628 1140 702; x_wconf 77' lang='lat' dir='ltr'><strong>dico?</strong></span> <span class='ocrx_word' id='word_1_16' title='bbox 1186 632 1410 700; x_wconf 88' lang='lat' dir='ltr'><strong>immo</strong></span> <span class='ocrx_word' id='word_1_17' title='bbox 1458 654 1633 702; x_wconf 83' lang='lat' dir='ltr'><strong>vero</strong></span> <span class='ocrx_word' id='word_1_18' title='bbox 1682 630 2139 703; x_wconf 78' lang='lat' dir='ltr'><strong>existimatiO.</strong></span> <span class='ocrx_word' id='word_1_19' title='bbox 2190 632 2439 723; x_wconf 90' lang='lat' dir='ltr'><strong>Quum</strong></span> <span class='ocrx_word' id='word_1_20' title='bbox 2478 636 2675 705; x_wconf 90' lang='lat' dir='ltr'><strong>enim</strong></span> 
     </span>
     <span class='ocr_line' id='line_1_4' title="bbox 531 732 2678 839; baseline 0 -24"><span class='ocrx_word' id='word_1_21' title='bbox 531 758 734 815; x_wconf 88' lang='lat' dir='ltr'><strong>tanta</strong></span> <span class='ocrx_word' id='word_1_22' title='bbox 799 742 1078 839; x_wconf 87' lang='lat' dir='ltr'><strong>reliqua</strong></span> <span class='ocrx_word' id='word_1_23' title='bbox 1107 732 1170 783; x_wconf 85' lang='lat'><strong>¹⁵</strong></span> <span class='ocrx_word' id='word_1_24' title='bbox 1235 740 1420 826; x_wconf 87' lang='lat' dir='ltr'><strong>sint;</strong></span> <span class='ocrx_word' id='word_1_25' title='bbox 1487 765 1580 811; x_wconf 89' lang='lat' dir='ltr'><strong>ne</strong></span> <span class='ocrx_word' id='word_1_26' title='bbox 1642 743 1995 813; x_wconf 68' lang='lat' dir='ltr'><strong>Terentiae</strong></span> <span class='ocrx_word' id='word_1_27' title='bbox 2045 740 2344 839; x_wconf 90' lang='lat' dir='ltr'><strong>quidem</strong></span> <span class='ocrx_word' id='word_1_28' title='bbox 2390 741 2678 833; x_wconf 89' lang='lat' dir='ltr'><strong>adhuc,</strong></span> 
     </span>
     <span class='ocr_line' id='line_1_5' title="bbox 533 849 2677 961; baseline 0.001 -36"><span class='ocrx_word' id='word_1_29' title='bbox 533 852 734 951; x_wconf 91' lang='lat' dir='ltr'><strong>quod</strong></span> <span class='ocrx_word' id='word_1_30' title='bbox 759 852 1030 925; x_wconf 83' lang='lat' dir='ltr'><strong>solvam</strong></span> <span class='ocrx_word' id='word_1_31' title='bbox 1050 906 1071 940; x_wconf 88' lang='lat'><strong>,</strong></span> <span class='ocrx_word' id='word_1_32' title='bbox 1110 849 1529 949; x_wconf 88' lang='lat' dir='ltr'><strong>expeditum</strong></span> <span class='ocrx_word' id='word_1_33' title='bbox 1548 864 1675 923; x_wconf 87' lang='lat' dir='ltr'><strong>est.</strong></span> <span class='ocrx_word' id='word_1_34' title='bbox 1705 852 2112 925; x_wconf 81' lang='lat' dir='ltr'><strong>Terentiam</strong></span> <span class='ocrx_word' id='word_1_35' title='bbox 2132 852 2342 924; x_wconf 77' lang='lat' dir='ltr'><strong>dico?</strong></span> <span class='ocrx_word' id='word_1_36' title='bbox 2376 854 2517 925; x_wconf 89' lang='lat' dir='ltr'><strong>scis</strong></span> <span class='ocrx_word' id='word_1_37' title='bbox 2540 880 2677 961; x_wconf 73' lang='lat' dir='ltr'><strong>nos</strong></span> 
     </span>
     <span class='ocr_line' id='line_1_6' title="bbox 529 957 2677 1062; baseline 0.001 -28"><span class='ocrx_word' id='word_1_38' title='bbox 529 961 811 1062; x_wconf 88' lang='lat' dir='ltr'><strong>pridem</strong></span> <span class='ocrx_word' id='word_1_39' title='bbox 849 962 998 1058; x_wconf 87' lang='lat' dir='ltr'><strong>jam</strong></span> <span class='ocrx_word' id='word_1_40' title='bbox 1044 960 1500 1033; x_wconf 88' lang='lat' dir='ltr'><strong>constituisse</strong></span> <span class='ocrx_word' id='word_1_41' title='bbox 1544 962 1877 1033; x_wconf 82' lang='lat' dir='ltr'><strong>Montani</strong></span> <span class='ocrx_word' id='word_1_42' title='bbox 1895 957 1961 1006; x_wconf 80' lang='lat'><strong>¹⁶</strong></span> <span class='ocrx_word' id='word_1_43' title='bbox 1994 963 2291 1035; x_wconf 89' lang='lat' dir='ltr'><strong>nomine</strong></span> <span class='ocrx_word' id='word_1_44' title='bbox 2342 966 2487 1034; x_wconf 87' lang='lat' dir='ltr'><strong>H·S</strong></span> <span class='ocrx_word' id='word_1_45' title='bbox 2530 991 2677 1037; x_wconf 78' lang='lat' dir='ltr'><strong>xxv</strong></span> 
     </span>
     <span class='ocr_line' id='line_1_7' title="bbox 524 1066 2673 1171; baseline 0.001 -28"><span class='ocrx_word' id='word_1_46' title='bbox 524 1069 937 1143; x_wconf 80' lang='lat' dir='ltr'><strong>dissolvere.</strong></span> <span class='ocrx_word' id='word_1_47' title='bbox 980 1066 1506 1141; x_wconf 88' lang='lat' dir='ltr'><strong>Pudentissime</strong></span> <span class='ocrx_word' id='word_1_48' title='bbox 1544 1068 1687 1143; x_wconf 89' lang='lat' dir='ltr'><strong>hoc</strong></span> <span class='ocrx_word' id='word_1_49' title='bbox 1726 1072 1984 1143; x_wconf 90' lang='lat' dir='ltr'><strong>Cicero</strong></span> <span class='ocrx_word' id='word_1_50' title='bbox 2027 1072 2373 1171; x_wconf 87' lang='lat' dir='ltr'><strong>petierat,</strong></span> <span class='ocrx_word' id='word_1_51' title='bbox 2410 1088 2499 1145; x_wconf 91' lang='lat' dir='ltr'><strong>ut</strong></span> <span class='ocrx_word' id='word_1_52' title='bbox 2528 1072 2673 1147; x_wconf 85' lang='lat' dir='ltr'><strong>fide</strong></span> 
     </span>
     <span class='ocr_line' id='line_1_8' title="bbox 524 1178 2670 1282; baseline 0.001 -29"><span class='ocrx_word' id='word_1_53' title='bbox 524 1206 652 1253; x_wconf 89' lang='lat' dir='ltr'><strong>sua</strong></span> <span class='ocrx_word' id='word_1_54' title='bbox 675 1190 760 1249; x_wconf 84' lang='lat'><strong>¹⁷.</strong></span> <span class='ocrx_word' id='word_1_55' title='bbox 811 1178 1372 1264; x_wconf 86' lang='lat' dir='ltr'><strong>Liberalissime,</strong></span> <span class='ocrx_word' id='word_1_56' title='bbox 1421 1194 1504 1251; x_wconf 87' lang='lat' dir='ltr'><strong>ut</strong></span> <span class='ocrx_word' id='word_1_57' title='bbox 1547 1179 1680 1252; x_wconf 86' lang='lat' dir='ltr'><strong>tibi</strong></span> <span class='ocrx_word' id='word_1_58' title='bbox 1716 1204 2011 1278; x_wconf 88' lang='lat' dir='ltr'><strong>quoque</strong></span> <span class='ocrx_word' id='word_1_59' title='bbox 2048 1180 2457 1279; x_wconf 82' lang='lat' dir='ltr'><strong>placuerat,</strong></span> <span class='ocrx_word' id='word_1_60' title='bbox 2498 1207 2670 1282; x_wconf 86' lang='lat' dir='ltr'><strong>pro-</strong></span> 
     </span>
     <span class='ocr_line' id='line_1_9' title="bbox 523 1286 2669 1391; baseline 0.002 -29"><span class='ocrx_word' id='word_1_61' title='bbox 523 1294 893 1378; x_wconf 82' lang='lat' dir='ltr'><strong>miseram3</strong></span> <span class='ocrx_word' id='word_1_62' title='bbox 928 1292 1277 1389; x_wconf 90' lang='lat' dir='ltr'><strong>Erotique</strong></span> <span class='ocrx_word' id='word_1_63' title='bbox 1305 1288 1628 1363; x_wconf 85' lang='lat' dir='ltr'><strong>dixeram</strong></span> <span class='ocrx_word' id='word_1_64' title='bbox 1646 1346 1665 1378; x_wconf 93' lang='lat'>‚</span> <span class='ocrx_word' id='word_1_65' title='bbox 1700 1303 1786 1361; x_wconf 86' lang='lat' dir='ltr'><strong>ut</strong></span> <span class='ocrx_word' id='word_1_66' title='bbox 1814 1294 2216 1391; x_wconf 83' lang='lat' dir='ltr'><strong>sepositum</strong></span> <span class='ocrx_word' id='word_1_67' title='bbox 2240 1286 2302 1337; x_wconf 80' lang='lat'><strong>¹⁸</strong></span> <span class='ocrx_word' id='word_1_68' title='bbox 2342 1292 2669 1367; x_wconf 86' lang='lat' dir='ltr'><strong>haberet.</strong></span> 
     </span>
     <span class='ocr_line' id='line_1_10' title="bbox 519 1398 2671 1497; baseline 0.001 -23"><span class='ocrx_word' id='word_1_69' title='bbox 519 1406 682 1474; x_wconf 87' lang='lat' dir='ltr'><strong>Non</strong></span> <span class='ocrx_word' id='word_1_70' title='bbox 725 1401 988 1488; x_wconf 88' lang='lat' dir='ltr'><strong>modo;</strong></span> <span class='ocrx_word' id='word_1_71' title='bbox 1035 1398 1159 1471; x_wconf 89' lang='lat' dir='ltr'><strong>sed</strong></span> <span class='ocrx_word' id='word_1_72' title='bbox 1197 1400 1657 1497; x_wconf 88' lang='lat' dir='ltr'><strong>iniquissimo</strong></span> <span class='ocrx_word' id='word_1_73' title='bbox 1694 1398 1980 1473; x_wconf 85' lang='lat' dir='ltr'><strong>foenore</strong></span> <span class='ocrx_word' id='word_1_74' title='bbox 2016 1426 2388 1474; x_wconf 86' lang='lat' dir='ltr'><strong>versuram</strong></span> <span class='ocrx_word' id='word_1_75' title='bbox 2433 1402 2671 1477; x_wconf 88' lang='lat' dir='ltr'><strong>facere</strong></span> 
     </span>
     <span class='ocr_line' id='line_1_11' title="bbox 523 1512 2671 1603; baseline 0.003 -20"><span class='ocrx_word' id='word_1_76' title='bbox 523 1512 856 1584; x_wconf 83' lang='lat' dir='ltr'><strong>Aurelius</strong></span> <span class='ocrx_word' id='word_1_77' title='bbox 894 1526 1187 1583; x_wconf 87' lang='lat' dir='ltr'><strong>coactus</strong></span> <span class='ocrx_word' id='word_1_78' title='bbox 1226 1527 1355 1583; x_wconf 86' lang='lat' dir='ltr'><strong>est.</strong></span> <span class='ocrx_word' id='word_1_79' title='bbox 1391 1514 1579 1584; x_wconf 87' lang='lat' dir='ltr'><strong>Nam</strong></span> <span class='ocrx_word' id='word_1_80' title='bbox 1614 1512 1707 1585; x_wconf 90' lang='lat' dir='ltr'><strong>de</strong></span> <span class='ocrx_word' id='word_1_81' title='bbox 1737 1513 2087 1584; x_wconf 82' lang='lat' dir='ltr'><strong>Terentiae</strong></span> <span class='ocrx_word' id='word_1_82' title='bbox 2122 1514 2461 1603; x_wconf 88' lang='lat' dir='ltr'><strong>nomine,</strong></span> <span class='ocrx_word' id='word_1_83' title='bbox 2498 1516 2671 1589; x_wconf 88' lang='lat' dir='ltr'><strong>Tiro</strong></span> 
     </span>
     <span class='ocr_line' id='line_1_12' title="bbox 521 1620 2667 1719; baseline 0.001 -27"><span class='ocrx_word' id='word_1_84' title='bbox 521 1621 607 1692; x_wconf 90' lang='lat' dir='ltr'><strong>ad</strong></span> <span class='ocrx_word' id='word_1_85' title='bbox 651 1646 766 1693; x_wconf 87' lang='lat' dir='ltr'><strong>me</strong></span> <span class='ocrx_word' id='word_1_86' title='bbox 811 1622 1132 1719; x_wconf 85' lang='lat' dir='ltr'><strong>scripsit,</strong></span> <span class='ocrx_word' id='word_1_87' title='bbox 1179 1634 1248 1691; x_wconf 85' lang='lat' dir='ltr'><strong>te</strong></span> <span class='ocrx_word' id='word_1_88' title='bbox 1291 1620 1569 1705; x_wconf 81' lang='lat' dir='ltr'><strong>dicere,</strong></span> <span class='ocrx_word' id='word_1_89' title='bbox 1618 1646 1959 1693; x_wconf 88' lang='lat' dir='ltr'><strong>nummos</strong></span> <span class='ocrx_word' id='word_1_90' title='bbox 1994 1647 2035 1694; x_wconf 86' lang='lat' dir='ltr'><strong>a</strong></span> <span class='ocrx_word' id='word_1_91' title='bbox 2068 1622 2448 1695; x_wconf 88' lang='lat' dir='ltr'><strong>Dolabella</strong></span> <span class='ocrx_word' id='word_1_92' title='bbox 2488 1622 2667 1697; x_wconf 83' lang='lat' dir='ltr'><strong>fore.</strong></span> 
     </span>
     <span class='ocr_line' id='line_1_13' title="bbox 517 1729 2663 1830; baseline 0.002 -29"><span class='ocrx_word' id='word_1_93' title='bbox 517 1729 707 1819; x_wconf 85' lang='lat' dir='ltr'><strong>Male</strong></span> <span class='ocrx_word' id='word_1_94' title='bbox 753 1754 922 1801; x_wconf 89' lang='lat' dir='ltr'><strong>eum</strong></span> <span class='ocrx_word' id='word_1_95' title='bbox 979 1730 1200 1801; x_wconf 81' lang='lat' dir='ltr'><strong>credo</strong></span> <span class='ocrx_word' id='word_1_96' title='bbox 1251 1729 1725 1819; x_wconf 84' lang='lat' dir='ltr'><strong>intellexisse,</strong></span> <span class='ocrx_word' id='word_1_97' title='bbox 1772 1733 1832 1803; x_wconf 92' lang='lat' dir='ltr'><strong>si</strong></span> <span class='ocrx_word' id='word_1_98' title='bbox 1883 1734 2273 1830; x_wconf 87' lang='lat' dir='ltr'><strong>quisquam</strong></span> <span class='ocrx_word' id='word_1_99' title='bbox 2322 1733 2511 1806; x_wconf 87' lang='lat' dir='ltr'><strong>male</strong></span> <span class='ocrx_word' id='word_1_100' title='bbox 2554 1736 2663 1807; x_wconf 91' lang='lat' dir='ltr'><strong>in-</strong></span> 
     </span>
     <span class='ocr_line' id='line_1_14' title="bbox 520 1840 2665 1940; baseline 0.001 -28"><span class='ocrx_word' id='word_1_101' title='bbox 520 1841 776 1940; x_wconf 87' lang='lat' dir='ltr'><strong>telligit</strong></span> <span class='ocrx_word' id='word_1_102' title='bbox 803 1850 906 1929; x_wconf 77' lang='lat'><strong>¹⁹3</strong></span> <span class='ocrx_word' id='word_1_103' title='bbox 946 1841 1231 1938; x_wconf 89' lang='lat' dir='ltr'><strong>potius,</strong></span> <span class='ocrx_word' id='word_1_104' title='bbox 1275 1840 1453 1911; x_wconf 87' lang='lat' dir='ltr'><strong>nihil</strong></span> <span class='ocrx_word' id='word_1_105' title='bbox 1501 1841 1965 1915; x_wconf 83' lang='lat' dir='ltr'><strong>intellexisse.</strong></span> <span class='ocrx_word' id='word_1_106' title='bbox 2014 1846 2123 1913; x_wconf 91' lang='lat' dir='ltr'><strong>Tu</strong></span> <span class='ocrx_word' id='word_1_107' title='bbox 2168 1845 2361 1914; x_wconf 88' lang='lat' dir='ltr'><strong>enim</strong></span> <span class='ocrx_word' id='word_1_108' title='bbox 2408 1844 2504 1917; x_wconf 89' lang='lat' dir='ltr'><strong>ad</strong></span> <span class='ocrx_word' id='word_1_109' title='bbox 2548 1869 2665 1916; x_wconf 89' lang='lat' dir='ltr'><strong>me</strong></span> 
     </span>
     <span class='ocr_line' id='line_1_15' title="bbox 517 1950 2665 2051; baseline 0.002 -28"><span class='ocrx_word' id='word_1_110' title='bbox 517 1952 858 2050; x_wconf 89' lang='lat' dir='ltr'><strong>scripsisti</strong></span> <span class='ocrx_word' id='word_1_111' title='bbox 907 1951 1193 2023; x_wconf 89' lang='lat' dir='ltr'><strong>Cocceii</strong></span> <span class='ocrx_word' id='word_1_112' title='bbox 1229 1976 1663 2049; x_wconf 89' lang='lat' dir='ltr'><strong>responsum</strong></span> <span class='ocrx_word' id='word_1_113' title='bbox 1688 2006 1709 2040; x_wconf 90' lang='lat'><strong>,</strong></span> <span class='ocrx_word' id='word_1_114' title='bbox 1746 1965 1835 2025; x_wconf 89' lang='lat' dir='ltr'><strong>·et</strong></span> <span class='ocrx_word' id='word_1_115' title='bbox 1868 1950 2127 2024; x_wconf 90' lang='lat' dir='ltr'><strong>iisdem</strong></span> <span class='ocrx_word' id='word_1_116' title='bbox 2168 1978 2375 2051; x_wconf 81' lang='lat' dir='ltr'><strong>paene</strong></span> <span class='ocrx_word' id='word_1_117' title='bbox 2422 1954 2665 2028; x_wconf 81' lang='lat' dir='ltr'><strong>verbis</strong></span> 
     </span>
     <span class='ocr_line' id='line_1_16' title="bbox 517 2058 2661 2161; baseline 0.001 -28"><span class='ocrx_word' id='word_1_118' title='bbox 517 2068 714 2135; x_wconf 88' lang='lat' dir='ltr'><strong>Eros.</strong></span> <span class='ocrx_word' id='word_1_119' title='bbox 750 2058 1212 2135; x_wconf 88' lang='lat' dir='ltr'><strong>Veniendum</strong></span> <span class='ocrx_word' id='word_1_120' title='bbox 1242 2076 1349 2133; x_wconf 87' lang='lat' dir='ltr'><strong>est</strong></span> <span class='ocrx_word' id='word_1_121' title='bbox 1383 2062 1599 2159; x_wconf 87' lang='lat' dir='ltr'><strong>igitur</strong></span> <span class='ocrx_word' id='word_1_122' title='bbox 1633 2061 1749 2135; x_wconf 89' lang='lat' dir='ltr'><strong>vel</strong></span> <span class='ocrx_word' id='word_1_123' title='bbox 1777 2065 1850 2134; x_wconf 91' lang='lat' dir='ltr'><strong>in</strong></span> <span class='ocrx_word' id='word_1_124' title='bbox 1890 2064 2123 2161; x_wconf 88' lang='lat' dir='ltr'><strong>ipsam</strong></span> <span class='ocrx_word' id='word_1_125' title='bbox 2150 2073 2216 2108; x_wconf 80' lang='lat'><strong>²⁰</strong></span> <span class='ocrx_word' id='word_1_126' title='bbox 2254 2062 2661 2137; x_wconf 87' lang='lat' dir='ltr'><strong>flammam:</strong></span> 
     </span>
     <span class='ocr_line' id='line_1_17' title="bbox 518 2160 2662 2270; baseline 0.002 -27"><span class='ocrx_word' id='word_1_127' title='bbox 518 2175 806 2269; x_wconf 81' lang='lat' dir='ltr'><strong>turpius</strong></span> <span class='ocrx_word' id='word_1_128' title='bbox 841 2186 950 2243; x_wconf 85' lang='lat' dir='ltr'><strong>est</strong></span> <span class='ocrx_word' id='word_1_129' title='bbox 983 2172 1176 2243; x_wconf 89' lang='lat' dir='ltr'><strong>enim</strong></span> <span class='ocrx_word' id='word_1_130' title='bbox 1215 2172 1547 2267; x_wconf 86' lang='lat' dir='ltr'><strong>privatim</strong></span> <span class='ocrx_word' id='word_1_131' title='bbox 1584 2160 1875 2259; x_wconf 77' lang='lat' dir='ltr'><strong>cadere,</strong></span> <span class='ocrx_word' id='word_1_132' title='bbox 1913 2196 2134 2269; x_wconf 91' lang='lat' dir='ltr'><strong>quam</strong></span> <span class='ocrx_word' id='word_1_133' title='bbox 2182 2172 2499 2270; x_wconf 90' lang='lat' dir='ltr'><strong>publice.</strong></span> <span class='ocrx_word' id='word_1_134' title='bbox 2527 2179 2662 2247; x_wconf 87' lang='lat' dir='ltr'><strong>lta-</strong></span> 
     </span>
     <span class='ocr_line' id='line_1_18' title="bbox 514 2279 2663 2384; baseline 0.002 -30"><span class='ocrx_word' id='word_1_135' title='bbox 514 2308 660 2384; x_wconf 89' lang='lat' dir='ltr'><strong>que</strong></span> <span class='ocrx_word' id='word_1_136' title='bbox 715 2282 969 2354; x_wconf 84' lang='lat' dir='ltr'><strong>ceteris</strong></span> <span class='ocrx_word' id='word_1_137' title='bbox 1020 2280 1112 2353; x_wconf 89' lang='lat' dir='ltr'><strong>de</strong></span> <span class='ocrx_word' id='word_1_138' title='bbox 1167 2280 1426 2368; x_wconf 89' lang='lat' dir='ltr'><strong>rebus,</strong></span> <span class='ocrx_word' id='word_1_139' title='bbox 1484 2306 1667 2380; x_wconf 88' lang='lat' dir='ltr'><strong>quas</strong></span> <span class='ocrx_word' id='word_1_140' title='bbox 1716 2279 1807 2354; x_wconf 86' lang='lat' dir='ltr'><strong>ad</strong></span> <span class='ocrx_word' id='word_1_141' title='bbox 1858 2306 1975 2356; x_wconf 91' lang='lat' dir='ltr'><strong>me</strong></span> <span class='ocrx_word' id='word_1_142' title='bbox 2018 2284 2439 2358; x_wconf 82' lang='lat' dir='ltr'><strong>suavissime</strong></span> <span class='ocrx_word' id='word_1_143' title='bbox 2495 2288 2663 2359; x_wconf 90' lang='lat' dir='ltr'><strong>scri-</strong></span> 
     </span>
     <span class='ocr_line' id='line_1_19' title="bbox 515 2393 2660 2494; baseline 0.001 -29"><span class='ocrx_word' id='word_1_144' title='bbox 515 2397 712 2494; x_wconf 88' lang='lat' dir='ltr'><strong>psisti</strong></span> <span class='ocrx_word' id='word_1_145' title='bbox 737 2449 756 2482; x_wconf 99' lang='lat'><strong>,</strong></span> <span class='ocrx_word' id='word_1_146' title='bbox 801 2393 1226 2494; x_wconf 86' lang='lat' dir='ltr'><strong>perturbato</strong></span> <span class='ocrx_word' id='word_1_147' title='bbox 1265 2395 1542 2478; x_wconf 87' lang='lat' dir='ltr'><strong>anim0,</strong></span> <span class='ocrx_word' id='word_1_148' title='bbox 1586 2419 1739 2465; x_wconf 87' lang='lat' dir='ltr'><strong>non</strong></span> <span class='ocrx_word' id='word_1_149' title='bbox 1775 2398 2025 2493; x_wconf 88' lang='lat' dir='ltr'><strong>potui,</strong></span> <span class='ocrx_word' id='word_1_150' title='bbox 2067 2408 2150 2465; x_wconf 84' lang='lat' dir='ltr'><strong>ut</strong></span> <span class='ocrx_word' id='word_1_151' title='bbox 2188 2418 2660 2485; x_wconf 88' lang='lat' dir='ltr'><strong>consueram,</strong></span> 
     </span>
     <span class='ocr_line' id='line_1_20' title="bbox 507 2503 2658 2594; baseline 0 -16"><span class='ocrx_word' id='word_1_152' title='bbox 507 2505 926 2578; x_wconf 86' lang='lat' dir='ltr'><strong>rescribere.</strong></span> <span class='ocrx_word' id='word_1_153' title='bbox 972 2505 1398 2575; x_wconf 79' lang='lat' dir='ltr'><strong>Consenti²1</strong></span> <span class='ocrx_word' id='word_1_154' title='bbox 1441 2503 1693 2576; x_wconf 87' lang='lat' dir='ltr'><strong>in.hac</strong></span> <span class='ocrx_word' id='word_1_155' title='bbox 1739 2529 1953 2594; x_wconf 89' lang='lat' dir='ltr'><strong>cura,</strong></span> <span class='ocrx_word' id='word_1_156' title='bbox 2001 2504 2130 2576; x_wconf 87' lang='lat' dir='ltr'><strong>ubi</strong></span> <span class='ocrx_word' id='word_1_157' title='bbox 2168 2529 2371 2594; x_wconf 91' lang='lat' dir='ltr'><strong>sum,</strong></span> <span class='ocrx_word' id='word_1_158' title='bbox 2416 2523 2504 2578; x_wconf 89' lang='lat' dir='ltr'><strong>ut</strong></span> <span class='ocrx_word' id='word_1_159' title='bbox 2540 2533 2658 2579; x_wconf 89' lang='lat' dir='ltr'><strong>me</strong></span> 
     </span>
     <span class='ocr_line' id='line_1_21' title="bbox 511 2612 2658 2714; baseline 0.002 -29"><span class='ocrx_word' id='word_1_160' title='bbox 511 2613 936 2714; x_wconf 83' lang='lat' dir='ltr'><strong>expediam:</strong></span> <span class='ocrx_word' id='word_1_161' title='bbox 974 2612 1244 2710; x_wconf 90' lang='lat' dir='ltr'><strong>quibus</strong></span> <span class='ocrx_word' id='word_1_162' title='bbox 1288 2628 1527 2684; x_wconf 88' lang='lat' dir='ltr'><strong>autem</strong></span> <span class='ocrx_word' id='word_1_163' title='bbox 1570 2613 1833 2702; x_wconf 88' lang='lat' dir='ltr'><strong>rebus,</strong></span> <span class='ocrx_word' id='word_1_164' title='bbox 1884 2616 2085 2686; x_wconf 82' lang='lat' dir='ltr'><strong>venit</strong></span> <span class='ocrx_word' id='word_1_165' title='bbox 2132 2615 2437 2712; x_wconf 87' lang='lat' dir='ltr'><strong>quidem</strong></span> <span class='ocrx_word' id='word_1_166' title='bbox 2478 2617 2658 2689; x_wconf 88' lang='lat' dir='ltr'><strong>mihi</strong></span> 
     </span>
     <span class='ocr_line' id='line_1_22' title="bbox 513 2720 2657 2823; baseline 0.002 -29"><span class='ocrx_word' id='word_1_167' title='bbox 513 2727 588 2794; x_wconf 87' lang='lat' dir='ltr'><strong>in</strong></span> <span class='ocrx_word' id='word_1_168' title='bbox 641 2735 1005 2809; x_wconf 79' lang='lat' dir='ltr'><strong>mentem3</strong></span> <span class='ocrx_word' id='word_1_169' title='bbox 1070 2720 1194 2792; x_wconf 90' lang='lat' dir='ltr'><strong>sed</strong></span> <span class='ocrx_word' id='word_1_170' title='bbox 1256 2736 1448 2794; x_wconf 89' lang='lat' dir='ltr'><strong>certe</strong></span> <span class='ocrx_word' id='word_1_171' title='bbox 1465 2733 1531 2765; x_wconf 78' lang='lat'><strong>²²</strong></span> <span class='ocrx_word' id='word_1_172' title='bbox 1590 2726 2031 2796; x_wconf 85' lang='lat' dir='ltr'><strong>constituere</strong></span> <span class='ocrx_word' id='word_1_173' title='bbox 2082 2724 2264 2797; x_wconf 89' lang='lat' dir='ltr'><strong>nihil</strong></span> <span class='ocrx_word' id='word_1_174' title='bbox 2316 2750 2657 2823; x_wconf 90' lang='lat' dir='ltr'><strong>possum,</strong></span> 
     </span>
     <span class='ocr_line' id='line_1_23' title="bbox 509 2831 2661 2934; baseline 0.004 -30"><span class='ocrx_word' id='word_1_175' title='bbox 509 2835 930 2932; x_wconf 87' lang='lat' dir='ltr'><strong>priusquam</strong></span> <span class='ocrx_word' id='word_1_176' title='bbox 983 2845 1055 2903; x_wconf 87' lang='lat' dir='ltr'><strong>te</strong></span> <span class='ocrx_word' id='word_1_177' title='bbox 1101 2831 1373 2904; x_wconf 86' lang='lat' dir='ltr'><strong>videro.</strong></span> <span class='ocrx_word' id='word_1_178' title='bbox 1425 2835 1572 2923; x_wconf 92' lang='lat' dir='ltr'><strong>Qui</strong></span> <span class='ocrx_word' id='word_1_179' title='bbox 1626 2831 1951 2906; x_wconf 78' lang='lat' dir='ltr'><strong>minus²³</strong></span> <span class='ocrx_word' id='word_1_180' title='bbox 2009 2849 2251 2906; x_wconf 88' lang='lat' dir='ltr'><strong>autem</strong></span> <span class='ocrx_word' id='word_1_181' title='bbox 2310 2860 2453 2934; x_wconf 86' lang='lat' dir='ltr'><strong>ego</strong></span> <span class='ocrx_word' id='word_1_182' title='bbox 2502 2841 2661 2912; x_wconf 88' lang='lat' dir='ltr'><strong>istic</strong></span> 
     </span>
    </p>
   </div>
   <div class='ocr_carea' id='block_1_3' title="bbox 505 3029 1539 4046">
    <p class='ocr_par' dir='ltr' id='par_1_3' title="bbox 512 3029 1539 3239">
     <span class='ocr_line' id='line_1_24' title="bbox 585 3029 1537 3095; baseline -0.002 -16"><span class='ocrx_word' id='word_1_183' title='bbox 585 3032 667 3080; x_wconf 76' lang='lat'><strong>15.</strong></span> <span class='ocrx_word' id='word_1_184' title='bbox 701 3029 923 3094; x_wconf 72' lang='lat' dir='ltr'><strong>Reliqua.</strong></span> <span class='ocrx_word' id='word_1_185' title='bbox 951 3030 1116 3092; x_wconf 81' lang='lat' dir='ltr'><strong>Quum</strong></span> <span class='ocrx_word' id='word_1_186' title='bbox 1143 3045 1292 3095; x_wconf 73' lang='lat' dir='ltr'><strong>supra</strong></span> <span class='ocrx_word' id='word_1_187' title='bbox 1317 3029 1368 3078; x_wconf 84' lang='lat' dir='ltr'><strong>id</strong></span> <span class='ocrx_word' id='word_1_188' title='bbox 1395 3029 1537 3094; x_wconf 80' lang='lat' dir='ltr'><strong>quod</strong></span> 
     </span>
     <span class='ocr_line' id='line_1_25' title="bbox 513 3109 1539 3171; baseline -0.002 -11"><span class='ocrx_word' id='word_1_189' title='bbox 513 3111 775 3171; x_wconf 80' lang='lat' dir='ltr'><strong>debemus,</strong></span> <span class='ocrx_word' id='word_1_190' title='bbox 797 3119 986 3158; x_wconf 69' lang='lat' dir='ltr'><strong>tantum</strong></span> <span class='ocrx_word' id='word_1_191' title='bbox 1011 3109 1274 3159; x_wconf 63' lang='lat' dir='ltr'><strong>habeamus</strong></span> <span class='ocrx_word' id='word_1_192' title='bbox 1293 3109 1346 3157; x_wconf 89' lang='lat' dir='ltr'><strong>in</strong></span> <span class='ocrx_word' id='word_1_193' title='bbox 1374 3111 1539 3158; x_wconf 85' lang='lat' dir='ltr'><strong>nomi—</strong></span> 
     </span>
     <span class='ocr_line' id='line_1_26' title="bbox 512 3189 846 3239; baseline -0.006 -1"><span class='ocrx_word' id='word_1_194' title='bbox 512 3189 674 3239; x_wconf 74' lang='lat' dir='ltr'><strong>nibus.</strong></span> <span class='ocrx_word' id='word_1_195' title='bbox 701 3190 846 3237; x_wconf 72' lang='lat' dir='ltr'><strong>Mu«.</strong></span> 
     </span>
    </p>

    <p class='ocr_par' dir='ltr' id='par_1_4' title="bbox 514 3263 1535 3410">
     <span class='ocr_line' id='line_1_27' title="bbox 589 3263 1535 3328; baseline -0.004 -10"><span class='ocrx_word' id='word_1_196' title='bbox 589 3272 672 3320; x_wconf 79' lang='lat'><strong>16.</strong></span> <span class='ocrx_word' id='word_1_197' title='bbox 702 3265 948 3318; x_wconf 70' lang='lat' dir='ltr'><strong>Montani.</strong></span> <span class='ocrx_word' id='word_1_198' title='bbox 975 3265 1103 3314; x_wconf 81' lang='lat' dir='ltr'><strong>Vide</strong></span> <span class='ocrx_word' id='word_1_199' title='bbox 1127 3265 1162 3314; x_wconf 84' lang='lat' dir='ltr'><strong>l.</strong></span> <span class='ocrx_word' id='word_1_200' title='bbox 1189 3267 1319 3326; x_wconf 80' lang='lat'><strong>111,</strong></span> <span class='ocrx_word' id='word_1_201' title='bbox 1349 3281 1428 3328; x_wconf 83' lang='lat' dir='ltr'><strong>ep.</strong></span> <span class='ocrx_word' id='word_1_202' title='bbox 1453 3263 1535 3314; x_wconf 84' lang='lat'><strong>50.</strong></span> 
     </span>
     <span class='ocr_line' id='line_1_28' title="bbox 514 3346 1444 3410; baseline -0.006 -11"><span class='ocrx_word' id='word_1_203' title='bbox 514 3348 736 3398; x_wconf 76' lang='lat' dir='ltr'><strong>Aurelius</strong></span> <span class='ocrx_word' id='word_1_204' title='bbox 759 3347 874 3396; x_wconf 80' lang='lat' dir='ltr'><strong>infr·</strong></span> <span class='ocrx_word' id='word_1_205' title='bbox 893 3346 994 3407; x_wconf 79' lang='lat' dir='ltr'><strong>ejus</strong></span> <span class='ocrx_word' id='word_1_206' title='bbox 1020 3353 1328 3410; x_wconf 82' lang='lat' dir='ltr'><strong>procurator.</strong></span> <span class='ocrx_word' id='word_1_207' title='bbox 1350 3346 1444 3393; x_wconf 82' lang='lat' dir='ltr'><strong>En.</strong></span> 
     </span>
    </p>

    <p class='ocr_par' dir='ltr' id='par_1_5' title="bbox 509 3423 1537 3792">
     <span class='ocr_line' id='line_1_29' title="bbox 585 3423 1537 3494; baseline -0.006 -16"><span class='ocrx_word' id='word_1_208' title='bbox 585 3445 667 3490; x_wconf 82' lang='lat'><strong>17.</strong></span> <span class='ocrx_word' id='word_1_209' title='bbox 717 3429 782 3474; x_wconf 77' lang='lat' dir='ltr'><strong>Ue</strong></span> <span class='ocrx_word' id='word_1_210' title='bbox 797 3425 914 3494; x_wconf 68' lang='lat' dir='ltr'><strong>fide</strong></span> <span class='ocrx_word' id='word_1_211' title='bbox 949 3441 1058 3474; x_wconf 81' lang='lat' dir='ltr'><strong>ma.</strong></span> <span class='ocrx_word' id='word_1_212' title='bbox 1099 3423 1273 3472; x_wconf 83' lang='lat' dir='ltr'><strong>Cicero</strong></span> <span class='ocrx_word' id='word_1_213' title='bbox 1311 3423 1442 3472; x_wconf 75' lang='lat' dir='ltr'><strong>finus</strong></span> <span class='ocrx_word' id='word_1_214' title='bbox 1483 3441 1537 3472; x_wconf 79' lang='lat' dir='ltr'><strong>se</strong></span> 
     </span>
     <span class='ocr_line' id='line_1_30' title="bbox 509 3503 1537 3570; baseline -0.006 -12"><span class='ocrx_word' id='word_1_215' title='bbox 509 3509 842 3570; x_wconf 70' lang='lat' dir='ltr'><strong>fideiussorem</strong></span> <span class='ocrx_word' id='word_1_216' title='bbox 861 3505 963 3566; x_wconf 77' lang='lat' dir='ltr'><strong>ejus</strong></span> <span class='ocrx_word' id='word_1_217' title='bbox 982 3517 1182 3552; x_wconf 59' lang='lat' dir='ltr'><strong>summa</strong></span> <span class='ocrx_word' id='word_1_218' title='bbox 1207 3503 1537 3552; x_wconf 77' lang='lat' dir='ltr'><strong>constituebat</strong></span> 
     </span>
     <span class='ocr_line' id='line_1_31' title="bbox 509 3584 1535 3650; baseline -0.001 -15"><span class='ocrx_word' id='word_1_219' title='bbox 509 3603 600 3650; x_wconf 81' lang='lat' dir='ltr'><strong>pro</strong></span> <span class='ocrx_word' id='word_1_220' title='bbox 641 3589 899 3635; x_wconf 77' lang='lat' dir='ltr'><strong>Montano.</strong></span> <span class='ocrx_word' id='word_1_221' title='bbox 947 3585 1146 3632; x_wconf 74' lang='lat' dir='ltr'><strong>Bonus.</strong></span> <span class='ocrx_word' id='word_1_222' title='bbox 1185 3607 1255 3619; x_wconf 91' lang='grc'>-</span> <span class='ocrx_word' id='word_1_223' title='bbox 1291 3584 1535 3634; x_wconf 73' lang='lat' dir='ltr'><strong>Tunstall.</strong></span> 
     </span>
     <span class='ocr_line' id='line_1_32' title="bbox 509 3661 1535 3731; baseline -0.001 -19"><span class='ocrx_word' id='word_1_224' title='bbox 509 3667 654 3731; x_wconf 80' lang='lat' dir='ltr'><strong>epist.</strong></span> <span class='ocrx_word' id='word_1_225' title='bbox 679 3665 742 3714; x_wconf 83' lang='lat' dir='ltr'><strong>ad</strong></span> <span class='ocrx_word' id='word_1_226' title='bbox 764 3663 1062 3712; x_wconf 82' lang='lat' dir='ltr'><strong>Middleton.</strong></span> <span class='ocrx_word' id='word_1_227' title='bbox 1092 3678 1144 3726; x_wconf 83' lang='lat' dir='ltr'><strong>p.</strong></span> <span class='ocrx_word' id='word_1_228' title='bbox 1171 3661 1296 3726; x_wconf 81' lang='lat'><strong>189,</strong></span> <span class='ocrx_word' id='word_1_229' title='bbox 1317 3663 1535 3727; x_wconf 78' lang='lat' dir='ltr'><strong>conjicit,</strong></span> 
     </span>
     <span class='ocr_line' id='line_1_33' title="bbox 510 3734 1082 3792; baseline -0.003 -1"><span class='ocrx_word' id='word_1_230' title='bbox 510 3756 563 3791; x_wconf 79' lang='lat' dir='ltr'><strong>ut</strong></span> <span class='ocrx_word' id='word_1_231' title='bbox 588 3734 711 3792; x_wconf 73' lang='lat' dir='ltr'><strong>side</strong></span> <span class='ocrx_word' id='word_1_232' title='bbox 727 3760 837 3791; x_wconf 79' lang='lat' dir='ltr'><strong>suo.</strong></span> <span class='ocrx_word' id='word_1_233' title='bbox 865 3745 914 3792; x_wconf 82' lang='lat' dir='ltr'><strong>J.</strong></span> <span class='ocrx_word' id='word_1_234' title='bbox 931 3742 999 3791; x_wconf 80' lang='lat' dir='ltr'><strong>V.</strong></span> <span class='ocrx_word' id='word_1_235' title='bbox 1025 3743 1082 3789; x_wconf 77' lang='lat'><strong>1..</strong></span> 
     </span>
    </p>

    <p class='ocr_par' dir='ltr' id='par_1_6' title="bbox 505 3821 1535 3964">
     <span class='ocr_line' id='line_1_34' title="bbox 587 3821 1535 3886; baseline -0.001 -15"><span class='ocrx_word' id='word_1_236' title='bbox 587 3841 604 3871; x_wconf 82' lang='grc' dir='ltr'>ι</span> <span class='ocrx_word' id='word_1_237' title='bbox 617 3825 666 3871; x_wconf 86' lang='grc'><strong>8.</strong></span> <span class='ocrx_word' id='word_1_238' title='bbox 683 3821 964 3886; x_wconf 74' lang='lat' dir='ltr'><strong>Sepositum.</strong></span> <span class='ocrx_word' id='word_1_239' title='bbox 975 3823 1187 3869; x_wconf 81' lang='lat' dir='ltr'><strong>Tantum</strong></span> <span class='ocrx_word' id='word_1_240' title='bbox 1205 3837 1535 3881; x_wconf 82' lang='lat' dir='ltr'><strong>nummorum,</strong></span> 
     </span>
     <span class='ocr_line' id='line_1_35' title="bbox 505 3901 1419 3964; baseline -0.002 -14"><span class='ocrx_word' id='word_1_241' title='bbox 505 3915 560 3950; x_wconf 83' lang='lat' dir='ltr'><strong>ut</strong></span> <span class='ocrx_word' id='word_1_242' title='bbox 589 3902 640 3948; x_wconf 91' lang='lat' dir='ltr'><strong>id</strong></span> <span class='ocrx_word' id='word_1_243' title='bbox 669 3901 932 3949; x_wconf 76' lang='lat' dir='ltr'><strong>dissolvere</strong></span> <span class='ocrx_word' id='word_1_244' title='bbox 959 3915 1227 3964; x_wconf 76' lang='lat' dir='ltr'><strong>possemus.</strong></span> <span class='ocrx_word' id='word_1_245' title='bbox 1252 3901 1419 3950; x_wconf 73' lang='lat' dir='ltr'><strong>Cone.</strong></span> 
     </span>
    </p>

    <p class='ocr_par' dir='ltr' id='par_1_7' title="bbox 581 3977 1528 4046">
     <span class='ocr_line' id='line_1_36' title="bbox 581 3977 1528 4046; baseline 0.001 -16"><span class='ocrx_word' id='word_1_246' title='bbox 581 3998 659 4046; x_wconf 84' lang='lat'><strong>¹9-</strong></span> <span class='ocrx_word' id='word_1_247' title='bbox 714 3982 770 4028; x_wconf 76' lang='lat' dir='ltr'><strong>Si</strong></span> <span class='ocrx_word' id='word_1_248' title='bbox 810 3977 1068 4044; x_wconf 70' lang='lat' dir='ltr'><strong>quisquam</strong></span> <span class='ocrx_word' id='word_1_249' title='bbox 1114 3979 1244 4027; x_wconf 77' lang='lat' dir='ltr'><strong>male</strong></span> <span class='ocrx_word' id='word_1_250' title='bbox 1286 3979 1528 4046; x_wconf 68' lang='lat' dir='ltr'><strong>intelligit.</strong></span> 
     </span>
    </p>
   </div>
   <div class='ocr_carea' id='block_1_4' title="bbox 1622 3032 2660 3160">
    <p class='ocr_par' dir='ltr' id='par_1_8' title="bbox 1622 3032 2660 3160">
     <span class='ocr_line' id='line_1_37' title="bbox 1622 3032 2660 3102; baseline 0.007 -22"><span class='ocrx_word' id='word_1_251' title='bbox 1622 3047 1797 3096; x_wconf 72' lang='lat' dir='ltr'><strong>genere</strong></span> <span class='ocrx_word' id='word_1_252' title='bbox 1810 3067 1827 3094; x_wconf 89' lang='lat'>‚</span> <span class='ocrx_word' id='word_1_253' title='bbox 1852 3047 1955 3096; x_wconf 83' lang='lat' dir='ltr'><strong>qno</strong></span> <span class='ocrx_word' id='word_1_254' title='bbox 1984 3032 2045 3081; x_wconf 84' lang='lat' dir='ltr'><strong>de</strong></span> <span class='ocrx_word' id='word_1_255' title='bbox 2066 3033 2245 3097; x_wconf 73' lang='lat' dir='ltr'><strong>agitur,</strong></span> <span class='ocrx_word' id='word_1_256' title='bbox 2261 3033 2387 3083; x_wconf 71' lang='lat' dir='ltr'><strong>alios</strong></span> <span class='ocrx_word' id='word_1_257' title='bbox 2402 3051 2660 3102; x_wconf 70' lang='lat' dir='ltr'><strong>superare.</strong></span> 
     </span>
     <span class='ocr_line' id='line_1_38' title="bbox 1623 3114 1858 3160; baseline -0.009 0"><span class='ocrx_word' id='word_1_258' title='bbox 1623 3114 1858 3160; x_wconf 60' lang='lat' dir='ltr'><strong>Mamur.</strong></span> 
     </span>
    </p>
   </div>
   <div class='ocr_carea' id='block_1_5' title="bbox 1620 3189 2661 4049">
    <p class='ocr_par' dir='ltr' id='par_1_9' title="bbox 1626 3189 2661 3318">
     <span class='ocr_line' id='line_1_39' title="bbox 1698 3189 2661 3245; baseline 0.007 -7"><span class='ocrx_word' id='word_1_259' title='bbox 1698 3205 1780 3238; x_wconf 61' lang='grc' dir='ltr'><strong>πο.</strong></span> <span class='ocrx_word' id='word_1_260' title='bbox 1802 3189 2099 3238; x_wconf 73' lang='lat' dir='ltr'><strong>Flammam.</strong></span> <span class='ocrx_word' id='word_1_261' title='bbox 2122 3189 2437 3241; x_wconf 66' lang='lat' dir='ltr'><strong>Public-mm</strong></span> <span class='ocrx_word' id='word_1_262' title='bbox 2455 3207 2661 3245; x_wconf 80' lang='lat' dir='ltr'><strong>eonten-</strong></span> 
     </span>
     <span class='ocr_line' id='line_1_40' title="bbox 1626 3269 2011 3318; baseline 0.005 -2"><span class='ocrx_word' id='word_1_263' title='bbox 1626 3269 1829 3318; x_wconf 83' lang='lat' dir='ltr'><strong>tionnm.</strong></span> <span class='ocrx_word' id='word_1_264' title='bbox 1858 3271 2011 3318; x_wconf 68' lang='lat' dir='ltr'><strong>Mu«.</strong></span> 
     </span>
    </p>

    <p class='ocr_par' dir='ltr' id='par_1_10' title="bbox 1620 3347 2657 3886">
     <span class='ocr_line' id='line_1_41' title="bbox 1700 3347 2657 3414; baseline 0.009 -19"><span class='ocrx_word' id='word_1_265' title='bbox 1700 3363 1783 3396; x_wconf 69' lang='grc' dir='ltr'><strong>αι.</strong></span> <span class='ocrx_word' id='word_1_266' title='bbox 1819 3347 2065 3397; x_wconf 76' lang='lat' dir='ltr'><strong>Consenu&#39;.</strong></span> <span class='ocrx_word' id='word_1_267' title='bbox 2092 3349 2327 3412; x_wconf 78' lang='lat' dir='ltr'><strong>Quamvis</strong></span> <span class='ocrx_word' id='word_1_268' title='bbox 2346 3351 2583 3414; x_wconf 71' lang='lat' dir='ltr'><strong>suadens,</strong></span> <span class='ocrx_word' id='word_1_269' title='bbox 2602 3365 2657 3404; x_wconf 80' lang='lat' dir='ltr'><strong>nt</strong></span> 
     </span>
     <span class='ocr_line' id='line_1_42' title="bbox 1624 3425 2655 3490; baseline -0.004 -16"><span class='ocrx_word' id='word_1_270' title='bbox 1624 3427 1676 3474; x_wconf 87' lang='lat' dir='ltr'><strong>in</strong></span> <span class='ocrx_word' id='word_1_271' title='bbox 1694 3425 1772 3475; x_wconf 81' lang='lat' dir='ltr'><strong>his</strong></span> <span class='ocrx_word' id='word_1_272' title='bbox 1790 3426 1914 3475; x_wconf 78' lang='lat' dir='ltr'><strong>locis</strong></span> <span class='ocrx_word' id='word_1_273' title='bbox 1933 3425 2237 3490; x_wconf 81' lang='lat' dir='ltr'><strong>potissimum</strong></span> <span class='ocrx_word' id='word_1_274' title='bbox 2259 3427 2367 3476; x_wconf 80' lang='lat' dir='ltr'><strong>sim.</strong></span> <span class='ocrx_word' id='word_1_275' title='bbox 2394 3431 2565 3480; x_wconf 60' lang='lat' dir='ltr'><strong>Coun.</strong></span> <span class='ocrx_word' id='word_1_276' title='bbox 2584 3459 2655 3470; x_wconf 81' lang='grc'><strong>..-</strong></span> 
     </span>
     <span class='ocr_line' id='line_1_43' title="bbox 1620 3505 2655 3560; baseline 0.004 -6"><span class='ocrx_word' id='word_1_277' title='bbox 1620 3505 1816 3556; x_wconf 82' lang='lat' dir='ltr'><strong>Balliol.</strong></span> <span class='ocrx_word' id='word_1_278' title='bbox 1850 3528 1876 3548; x_wconf 74' lang='grc' dir='ltr'>κ</span> <span class='ocrx_word' id='word_1_279' title='bbox 1896 3507 2149 3554; x_wconf 75' lang='lat' dir='ltr'><strong>Constitue</strong></span> <span class='ocrx_word' id='word_1_280' title='bbox 2172 3506 2225 3553; x_wconf 86' lang='lat' dir='ltr'><strong>in</strong></span> <span class='ocrx_word' id='word_1_281' title='bbox 2254 3507 2349 3555; x_wconf 73' lang='lat' dir='ltr'><strong>hac</strong></span> <span class='ocrx_word' id='word_1_282' title='bbox 2371 3525 2493 3557; x_wconf 77' lang='lat' dir='ltr'><strong>cura</strong></span> <span class='ocrx_word' id='word_1_283' title='bbox 2522 3512 2655 3560; x_wconf 81' lang='lat' dir='ltr'><strong>invi-</strong></span> 
     </span>
     <span class='ocr_line' id='line_1_44' title="bbox 1624 3585 2657 3639; baseline 0.007 -7"><span class='ocrx_word' id='word_1_284' title='bbox 1624 3601 1730 3632; x_wconf 71' lang='lat' dir='ltr'><strong>sum</strong></span> <span class='ocrx_word' id='word_1_285' title='bbox 1752 3609 1793 3634; x_wconf 75' lang='lat' dir='ltr'><strong>a.</strong></span> <span class='ocrx_word' id='word_1_286' title='bbox 1838 3585 2049 3633; x_wconf 83' lang='lat' dir='ltr'><strong>Videtur</strong></span> <span class='ocrx_word' id='word_1_287' title='bbox 2088 3585 2231 3634; x_wconf 74' lang='lat' dir='ltr'><strong>locus</strong></span> <span class='ocrx_word' id='word_1_288' title='bbox 2274 3585 2357 3635; x_wconf 81' lang='lat' dir='ltr'><strong>hic</strong></span> <span class='ocrx_word' id='word_1_289' title='bbox 2400 3604 2509 3637; x_wconf 84' lang='lat' dir='ltr'><strong>non</strong></span> <span class='ocrx_word' id='word_1_290' title='bbox 2554 3607 2657 3639; x_wconf 71' lang='lat' dir='ltr'><strong>eene</strong></span> 
     </span>
     <span class='ocr_line' id='line_1_45' title="bbox 1624 3663 2652 3730; baseline 0.007 -19"><span class='ocrx_word' id='word_1_291' title='bbox 1624 3675 1972 3730; x_wconf 72' lang='lat' dir='ltr'><strong>perpurgatus,</strong></span> <span class='ocrx_word' id='word_1_292' title='bbox 2012 3675 2063 3714; x_wconf 85' lang='lat' dir='ltr'><strong>et</strong></span> <span class='ocrx_word' id='word_1_293' title='bbox 2102 3663 2291 3728; x_wconf 79' lang='lat' dir='ltr'><strong>aliquid</strong></span> <span class='ocrx_word' id='word_1_294' title='bbox 2322 3665 2475 3716; x_wconf 73' lang='lat' dir='ltr'><strong>latere</strong></span> <span class='ocrx_word' id='word_1_295' title='bbox 2508 3669 2652 3728; x_wconf 76' lang='lat' dir='ltr'><strong>vitii,</strong></span> 
     </span>
     <span class='ocr_line' id='line_1_46' title="bbox 1622 3742 2657 3808; baseline 0.007 -18"><span class='ocrx_word' id='word_1_296' title='bbox 1622 3743 1762 3807; x_wconf 79' lang='lat' dir='ltr'><strong>quod</strong></span> <span class='ocrx_word' id='word_1_297' title='bbox 1782 3742 2189 3808; x_wconf 74' lang='lat' dir='ltr'><strong>ingeniosioribus</strong></span> <span class='ocrx_word' id='word_1_298' title='bbox 2208 3743 2475 3794; x_wconf 83' lang='lat' dir='ltr'><strong>eluendum</strong></span> <span class='ocrx_word' id='word_1_299' title='bbox 2504 3747 2657 3797; x_wconf 72' lang='lat' dir='ltr'><strong>rdin-</strong></span> 
     </span>
     <span class='ocr_line' id='line_1_47' title="bbox 1622 3823 2054 3886; baseline -0.002 -16"><span class='ocrx_word' id='word_1_300' title='bbox 1622 3838 1847 3886; x_wconf 76' lang='lat' dir='ltr'><strong>qnemus.</strong></span> <span class='ocrx_word' id='word_1_301' title='bbox 1881 3823 2054 3870; x_wconf 65' lang='grc' dir='ltr'><strong>(ἷκεν.</strong></span> 
     </span>
    </p>

    <p class='ocr_par' dir='ltr' id='par_1_11' title="bbox 1694 3901 2651 3969">
     <span class='ocr_line' id='line_1_48' title="bbox 1694 3901 2651 3969; baseline 0.006 -19"><span class='ocrx_word' id='word_1_302' title='bbox 1694 3919 1778 3950; x_wconf 76' lang='lat' dir='ltr'><strong>aa.</strong></span> <span class='ocrx_word' id='word_1_303' title='bbox 1819 3901 1900 3952; x_wconf 82' lang='lat' dir='ltr'><strong>Al.</strong></span> <span class='ocrx_word' id='word_1_304' title='bbox 1948 3911 2102 3951; x_wconf 78' lang='lat' dir='ltr'><strong>certo.</strong></span> <span class='ocrx_word' id='word_1_305' title='bbox 2144 3901 2315 3950; x_wconf 78' lang='lat' dir='ltr'><strong>Malim</strong></span> <span class='ocrx_word' id='word_1_306' title='bbox 2366 3919 2463 3969; x_wconf 73' lang='lat' dir='ltr'><strong>ego</strong></span> <span class='ocrx_word' id='word_1_307' title='bbox 2510 3905 2651 3956; x_wconf 75' lang='lat' dir='ltr'><strong>certi·</strong></span> 
     </span>
    </p>

    <p class='ocr_par' dir='ltr' id='par_1_12' title="bbox 1693 3980 2653 4049">
     <span class='ocr_line' id='line_1_49' title="bbox 1693 3980 2653 4049; baseline 0.003 -19"><span class='ocrx_word' id='word_1_308' title='bbox 1693 3983 1775 4030; x_wconf 75' lang='lat'><strong>23.</strong></span> <span class='ocrx_word' id='word_1_309' title='bbox 1817 3981 1917 4045; x_wconf 79' lang='lat' dir='ltr'><strong>Qui</strong></span> <span class='ocrx_word' id='word_1_310' title='bbox 1950 3980 2123 4030; x_wconf 76' lang='lat' dir='ltr'><strong>minus.</strong></span> <span class='ocrx_word' id='word_1_311' title='bbox 2160 3983 2335 4030; x_wconf 76' lang='lat' dir='ltr'><strong>Romae</strong></span> <span class='ocrx_word' id='word_1_312' title='bbox 2372 3998 2387 4032; x_wconf 89' lang='lat'><strong>:</strong></span> <span class='ocrx_word' id='word_1_313' title='bbox 2433 4001 2525 4032; x_wconf 84' lang='lat' dir='ltr'><strong>cnr</strong></span> <span class='ocrx_word' id='word_1_314' title='bbox 2558 4001 2653 4049; x_wconf 74' lang='lat' dir='ltr'><strong>ego</strong></span> 
     </span>
    </p>
   </div>
   <div class='ocr_carea' id='block_1_6' title="bbox 501 4055 2651 4206">
    <p class='ocr_par' dir='ltr' id='par_1_13' title="bbox 501 4055 2651 4206">
     <span class='ocr_line' id='line_1_50' title="bbox 503 4055 2651 4127; baseline 0.001 -17"><span class='ocrx_word' id='word_1_315' title='bbox 503 4061 708 4110; x_wconf 78' lang='lat' dir='ltr'><strong>Romani</strong></span> <span class='ocrx_word' id='word_1_316' title='bbox 767 4057 1002 4104; x_wconf 74' lang='lat' dir='ltr'><strong>sermonis</strong></span> <span class='ocrx_word' id='word_1_317' title='bbox 1058 4055 1251 4120; x_wconf 67' lang='lat' dir='ltr'><strong>elegans</strong></span> <span class='ocrx_word' id='word_1_318' title='bbox 1305 4059 1527 4122; x_wconf 63' lang='lat' dir='ltr'><strong>quaedam</strong></span> <span class='ocrx_word' id='word_1_319' title='bbox 1616 4060 1727 4107; x_wconf 82' lang='lat' dir='ltr'><strong>istic</strong></span> <span class='ocrx_word' id='word_1_320' title='bbox 1745 4075 1883 4123; x_wconf 75' lang='lat' dir='ltr'><strong>aeque</strong></span> <span class='ocrx_word' id='word_1_321' title='bbox 1906 4070 2013 4108; x_wconf 86' lang='lat' dir='ltr'><strong>tuto</strong></span> <span class='ocrx_word' id='word_1_322' title='bbox 2036 4077 2137 4108; x_wconf 76' lang='lat' dir='ltr'><strong>esse</strong></span> <span class='ocrx_word' id='word_1_323' title='bbox 2156 4075 2257 4108; x_wconf 83' lang='lat' dir='ltr'><strong>non</strong></span> <span class='ocrx_word' id='word_1_324' title='bbox 2276 4063 2488 4126; x_wconf 72' lang='lat' dir='ltr'><strong>possim,</strong></span> <span class='ocrx_word' id='word_1_325' title='bbox 2506 4075 2651 4127; x_wconf 71' lang='lat' dir='ltr'><strong>etque</strong></span> 
     </span>
     <span class='ocr_line' id='line_1_51' title="bbox 501 4131 2645 4206; baseline 0.001 -19"><span class='ocrx_word' id='word_1_326' title='bbox 501 4142 626 4188; x_wconf 72' lang='lat' dir='ltr'><strong>ratio</strong></span> <span class='ocrx_word' id='word_1_327' title='bbox 641 4175 654 4200; x_wconf 92' lang='lat'><strong>,</strong></span> <span class='ocrx_word' id='word_1_328' title='bbox 673 4153 771 4202; x_wconf 72' lang='lat' dir='ltr'><strong>qua</strong></span> <span class='ocrx_word' id='word_1_329' title='bbox 793 4131 1121 4197; x_wconf 61' lang='lat' dir='ltr'><strong>significamus</strong></span> <span class='ocrx_word' id='word_1_330' title='bbox 1146 4135 1356 4198; x_wconf 70' lang='lat' dir='ltr'><strong>aliquem</strong></span> <span class='ocrx_word' id='word_1_331' title='bbox 1387 4139 1438 4185; x_wconf 87' lang='lat' dir='ltr'><strong>in</strong></span> <span class='ocrx_word' id='word_1_332' title='bbox 1463 4153 1525 4189; x_wconf 84' lang='lat' dir='ltr'><strong>eo</strong></span> <span class='ocrx_word' id='word_1_333' title='bbox 1616 4149 1685 4186; x_wconf 80' lang='lat' dir='ltr'><strong>est</strong></span> <span class='ocrx_word' id='word_1_334' title='bbox 1714 4138 1975 4190; x_wconf 70' lang='lat' dir='ltr'><strong>Marcellus</strong></span> <span class='ocrx_word' id='word_1_335' title='bbox 1990 4141 2013 4186; x_wconf 72' lang='grc' dir='ltr'><strong>Ρ</strong></span> <span class='ocrx_word' id='word_1_336' title='bbox 2040 4137 2101 4188; x_wconf 84' lang='lat' dir='ltr'><strong>de</strong></span> <span class='ocrx_word' id='word_1_337' title='bbox 2128 4155 2231 4204; x_wconf 85' lang='lat' dir='ltr'><strong>qno</strong></span> <span class='ocrx_word' id='word_1_338' title='bbox 2256 4156 2337 4204; x_wconf 78' lang='lat' dir='ltr'><strong>ep.</strong></span> <span class='ocrx_word' id='word_1_339' title='bbox 2366 4157 2482 4206; x_wconf 76' lang='lat' dir='ltr'><strong>sup.</strong></span> <span class='ocrx_word' id='word_1_340' title='bbox 2508 4144 2645 4192; x_wconf 57' lang='lat' dir='ltr'><strong>Mna.</strong></span> 
     </span>
    </p>
   </div>
  </div>
 </body>
</html>
