3019 4681
502 367 644 442 256
1150 374 1247 440 M.
1300 373 1378 439 T.
1433 371 1980 441 CICERONIS

502 499 675 566 teris
710 491 1098 588 desiderari
1152 492 1439 582 scribis,
1483 507 1568 564 ut
1605 489 2048 564 dissimulem
2073 545 2093 580 ,
2132 513 2248 560 me
2287 506 2433 562 tam
2469 517 2632 591 gra-

500 606 685 676 viter
726 602 1021 692 dolere;
1073 628 1465 702 possumne
1498 606 1761 699 magiS‚
1818 603 1945 700 qui
1983 614 2176 673 totos
2211 601 2366 674 dies
2389 614 2410 646 ¹
2452 627 2632 675 con-

402 795 411 804 ,
492 738 701 786 sumo
746 717 821 784 in
860 714 1137 786 literis?
1174 715 1373 812 quod
1434 719 1566 786 etsi
1624 739 1784 784 >non
1835 713 2458 802 dissimulationiS‚
2503 713 2628 786 sed

492 826 737 923 potius
773 824 1093 897 leniendi
1125 841 1198 896 et
1227 824 1528 897 sanandi
1565 826 1784 896 animi
1822 846 2032 894 causa
2065 819 2292 910 facio,
2341 839 2582 896 tamen
2605 879 2625 910 ‚

494 941 553 1007 si
592 935 769 1006 mihi
807 937 1049 1006 minus
1086 932 1428 1033 profici0‚
1468 932 1910 1006 simulationi
1949 945 2144 1004 certe
2196 929 2381 1003 facio
2437 935 2623 1005 satis.

492 1044 736 1115 Minus
780 1043 1009 1115 multa
1048 1043 1140 1114 ad
1196 1058 1267 1116 te
1325 1019 1626 1142 scripsi,
1672 1041 1869 1141 quod
1923 1040 2426 1138 exspectabam
2469 1057 2626 1114 tuas

489 1151 729 1224 literas
760 1152 852 1223 ad
884 1177 1002 1223 eas
1024 1207 1045 1240 ‚
1087 1175 1269 1250 quas
1307 1153 1397 1224 ad
1441 1168 1516 1225 te
1554 1151 1786 1251 pridie
1825 1149 2189 1222 dederam.
2239 1157 2626 1250 Exspecta·

490 1259 662 1333 ham
696 1277 938 1334 autem
980 1265 1291 1334 maxime
1334 1261 1425 1334 de
1467 1261 1681 1350 fano,
1738 1260 2071 1332 nonnihil
2108 1264 2324 1332 etiam
2363 1259 2454 1332 de
2487 1267 2623 1333 Te-

488 1374 745 1443 rentia.
799 1371 1035 1444 Velim
1083 1397 1199 1444 me
1254 1371 1469 1445 facias
1521 1374 1899 1445 certiorem
1965 1374 2316 1469 proximis
2350 1372 2573 1444 literis
2606 1425 2624 1460 ,

492 1483 627 1552 Cn.
666 1482 907 1578 Caepio
932 1537 951 1570 ‚
991 1482 1301 1553 Serviliae
1321 1493 1349 1524 ²
1396 1481 1675 1555 Claudii
1701 1497 1938 1581 pater,
1965 1483 2227 1555 vivone
2254 1497 2457 1580 patre
2492 1506 2625 1554 suo

489 1589 861 1689 naufragio
891 1594 1223 1690 perierit,
1270 1617 1362 1664 an
1400 1607 1740 1681 mortuo;
1782 1594 1956 1665 item
1999 1589 2302 1664 Rutilia³
2363 1594 2623 1665 vivone

487 1701 563 1769 C.
627 1702 871 1789 Cotta,
922 1698 1074 1772 filio
1116 1725 1250 1773 suo
1281 1756 1300 1791 ,
1359 1717 1645 1774 mortua
1687 1705 1777 1774 sit
1811 1757 1832 1789 ‚
1877 1727 1968 1773 an
2025 1718 2338 1774 mortuo.
2395 1702 2621 1774 Perti-

489 1824 670 1881 nent
732 1809 822 1882 ad
886 1823 1056 1882 eum
1119 1811 1387 1885 librum
1410 1867 1431 1899 ‚
1491 1837 1714 1911 quem
1782 1813 1873 1884 de
1943 1813 2146 1884 luctu
2225 1813 2622 1885 minuendo

489 1945 927 2018 scripsimus,

560 2100 604 2132 1.
628 2085 711 2135 Al.
733 2103 882 2149 quam
899 2087 1037 2150 quod
1054 2098 1092 2135 e.
1108 2087 1161 2136 d.
1182 2089 1234 2137 J.
1250 2090 1317 2137 V.
1342 2091 1401 2138 L.
1669 2090 1724 2136 3.
1754 2087 1957 2136 Rutilia.
1986 2089 2040 2136 P.
2083 2086 2257 2136 Rutilii
2299 2101 2442 2138 soror
2459 2119 2473 2146 ,
2514 2101 2622 2150 quae

561 2179 609 2211 ι.
650 2165 863 2214 Serviliae
890 2165 1104 2216 Claudii.
1144 2166 1343 2216 Scilicet
1377 2183 1509 2224 uxo-
1595 2165 1752 2216 filium
1778 2182 1920 2215 suum
1957 2167 2012 2214 in
2037 2165 2263 2214 exsilium
2292 2176 2494 2230 sequuta
2531 2176 2620 2214 est.

486 2243 569 2292 ris.
590 2243 684 2291 En.
1595 2249 1730 2296 Brut.
1761 2263 1870 2311 cap.
1901 2263 1990 2309 ²9·
2014 2247 2113 2296 En.

489 2406 1037 2429 mmmmm
1043 2409 1219 2429 msu
1226 2410 1499 2431 mmm
1782 2410 2610 2432 *mmmmm

1108 2584 1714 2665 EPISTOLA
1775 2586 2016 2665 XXI.

484 2749 876 2829 Reprehendit
906 2752 1171 2829 quaedam
1200 2754 1261 2811 in
1292 2754 1445 2813 libro
1477 2758 1644 2816 Bruti
1683 2756 1746 2815 in
1771 2758 2003 2816 laudem
2035 2757 2271 2816 Catonis
2313 2774 2622 2834 perperam

560 2848 811 2926 scripta3
840 2847 913 2907 de
940 2849 1124 2911 hortis
1156 2853 1293 2910 fano
1316 2853 1521 2913 Tulliae
1549 2855 1902 2915 exstruendo
1934 2854 2225 2927 emendis3
2254 2852 2621 2912 deTeremiae

561 2945 836 3023 negoti03
864 2945 938 3005 de
968 2950 1215 3025 pecunia
1240 2951 1402 3011 Oviae
1422 2951 1719 3011 curanda:
1760 2952 2012 3031 denique
2040 2952 2236 3011 Attico
2269 2951 2369 3029 qui
2399 2970 2530 3010 eum
2560 2950 2616 3007 in

560 3042 753 3101 forum
784 3059 1188 3118 revocaverat,
1222 3068 1328 3105 cur
1355 3046 1431 3107 ab
1464 3069 1538 3108 eo
1573 3048 1823 3127 refugiat
1852 3049 2112 3127 exponit.
2151 3049 2444 3125 (Asturae,
2469 3065 2620 3106 anno

560 3141 633 3198 U.
661 3142 725 3200 C.
755 3138 898 3215 708,
926 3160 1121 3201 mense
1148 3143 1417 3221 martio.)

1150 3292 1464 3356 CICERO
1506 3292 1831 3358 ATTICO
1876 3293 1944 3357 S.

575 3416 754 3484 Lmi
777 3416 979 3487 Bruti
1016 3414 1391 3513 epistolam
1414 3470 1435 3505 ‚
1457 3440 1766 3514 eamque
1793 3415 1925 3488 tibi
1955 3419 2238 3506 remisi,
2269 3440 2440 3489 sane
2468 3439 2620 3486 non

478 3522 879 3619 prudenter
902 3534 921 3567 ¹
970 3526 1394 3623 rescriptam
1436 3525 1526 3598 ad
1571 3552 1654 3599 ea
1672 3538 1728 3614 ²,
1773 3551 1936 3623 quae
1975 3528 2429 3624 requisieras.
2478 3522 2618 3595 Sed

556 3718 603 3750 r.
628 3704 909 3756 Prudenter.
950 3707 1146 3771 Optime
1174 3708 1475 3757 Romulensis
1490 3744 1504 3767 ,
1596 3710 1727 3758 enim
1773 3710 2104 3771 coniecturam
2145 3708 2276 3757 duco
2304 3724 2367 3757 ex
2393 3706 2480 3769 iis,
2515 3721 2622 3770 quae

476 3782 741 3846 pudenter,
760 3786 971 3849 hoc-est,
998 3804 1102 3836 nou
1123 3788 1238 3836 ntis
1266 3788 1504 3838 modeste.
1597 3788 1816 3855 proxime
1837 3788 2171 3854 sequuntur„
2189 3788 2336 3852 idque
2357 3788 2524 3835 Attico
2549 3785 2620 3832 le·-

484 3864 667 3910 Gan.
1597 3867 1810 3933 gendum
1839 3878 1888 3917 et
1908 3867 2230 3930 judicandum
2257 3868 2467 3915 miserat.
2489 3864 2622 3913 Atti-

548 3956 597 3989 2.
626 3939 712 3989 Ad
725 3954 804 3997 ea,
828 3958 941 4005 qua
960 3946 1267 4009 requisieras.
1302 3946 1509 4016 Σῖνταγ-
1599 3964 1686 3997 cus
1707 3947 2008 4011 respondens
2021 3981 2038 4010 ,
2054 3963 2204 4011 quum
2223 3947 2444 4011 quadam
2463 3944 2622 3993 minus

482 4035 555 4085 μα,
581 4016 829 4083 quoddam
842 4022 919 4070 Μ.
944 4023 1122 4073 Brutus
1138 4026 1508 4091 conscripserat,
1600 4026 1850 4091 probaret,
1875 4044 2042 4076 eorum
2069 4026 2306 4076 ationem
2328 4044 2357 4074 ι
2373 4030 2525 4076 Bruto
2542 4038 2622 4071 re-

484 4110 539 4149 nt
566 4099 769 4164 opinor,
816 4100 867 4147 in
904 4100 1105 4152 Catonis
1138 4104 1329 4157 laudem
1352 4106 1505 4173 (hunc
1595 4106 1810 4171 quinivit.
1829 4106 1920 4155 me
1947 4102 2070 4155 nihil
2092 4105 2154 4154 ad
2171 4122 2228 4155 ea
2248 4120 2261 4156 :
2281 4116 2472 4157 nutum
2489 4101 2625 4151 Atti-
