3019 4681
585 381 1125 451 EPISTOLAE
1169 382 1307 450 AD
1353 382 1443 469 Q.
1481 381 2139 468 FRATREM,II,
2185 405 2287 491 9..
2362 380 2501 479 593

377 502 576 603 quod
606 503 793 574 volo.
821 492 1208 601 Pompeius
1230 518 1471 573 tamen
1503 526 1671 574 cum
1708 506 1961 575 Crasso
1990 502 2337 601 loquutus
2367 519 2494 575 est.

380 613 736 686 Videntur
776 617 1146 708 negotium
1177 614 1591 710 suscepisse.
1628 613 1700 684 Si
1736 611 2155 711 perficiunt,
2185 616 2499 713 optime3

376 724 484 795 sin
519 725 791 811 minus,
827 722 918 794 ad
955 737 1283 795 nostrum
1315 719 1611 795 Jovem⁸
1650 736 2113 793 revertamur.

471 837 552 905 A.
592 833 660 905 d.
709 859 790 904 ιιι
835 832 931 904 id.
977 832 1143 903 maii
1183 832 1881 904 senatusconsultum
1931 846 2039 904 est
2087 830 2354 904 factum
2406 834 2496 905 de

377 942 701 1014 ambitu9
736 945 814 1013 in
849 942 1121 1016 Afranii
1155 944 1579 1016 sententiam
1606 996 1625 1027 ‚
1663 966 1879 1039 quam
1914 953 2125 1038 ego¹⁰
2152 942 2496 1032 dixeram,

376 1078 604 1151 quum
652 1068 734 1125 tu
777 1053 1100 1143 adesses,
1149 1052 1277 1125 sed
1329 1076 1592 1151 magno
1649 1077 1811 1124 cum
1863 1053 2135 1150 gemitu
2191 1069 2497 1125 senatus.

377 1165 804 1237 Consules¹¹
846 1189 1000 1236 non
1043 1156 1213 1236 sunt
1249 1169 1671 1261 persequuti
1698 1174 1753 1208 ¹²
1790 1187 2042 1235 eorum
2076 1164 2501 1250 sententiaS,

377 1275 508 1370 qui
563 1271 858 1345 Afranio
912 1298 1144 1371 quum
1213 1288 1452 1345 essent
1514 1276 1821 1357 assensi,
1880 1272 2359 1361 addiderunt,
2418 1289 2505 1344 ut

379 1398 720 1480 praetores
760 1383 858 1454 ita
893 1397 1346 1471 crearentur,
1392 1398 1475 1455 ut
1520 1382 1672 1455 dies
1724 1409 1815 1454 Lx
1857 1385 2110 1482 privati
2135 1380 2197 1426 ¹³
2236 1399 2495 1455 essent.

376 1498 482 1565 Eo
535 1492 652 1565 die
697 1496 1044 1565 Catonem
1093 1493 1309 1591 plane
1357 1492 1835 1591 repudiarunt
1861 1498 1943 1562 ¹4.
1992 1493 2189 1584 Quid
2232 1495 2503 1566 multa?

380 1618 633 1675 tenent
668 1607 955 1693 omnia3
990 1604 1212 1701 idque
1247 1605 1346 1675 ita
1382 1627 1637 1675 omnes
1670 1602 2065 1700 intelligere
2094 1601 2367 1675 volunt.

375 1797 438 1845 ad
481 1797 771 1862 legationem
815 1797 1073 1856 referatur,
1119 1796 1282 1845 malim
1320 1794 1395 1845 le·

376 1892 486 1941 gere
507 1892 523 1926 z
549 1876 628 1925 vel
644 1913 658 1937 ,
675 1878 717 1925 si
745 1888 1002 1943 utrumque
1025 1877 1308 1938 retinemus,
1333 1874 1397 1923 ad

376 1955 574 2005 verbum
595 1956 729 2021 cupit
745 1955 1162 2005 accommodetur.
1179 1957 1324 2005 Mu«.

447 2037 496 2083 8.
526 2034 609 2082 Ad
629 2046 846 2083 nostrum
873 2040 1059 2084 Iovem.
1087 2036 1159 2082 Ut
1184 2051 1236 2082 ea
1251 2069 1266 2093 ‚
1289 2050 1398 2098 quae

375 2112 570 2178 Jupiter
603 2114 659 2161 in
693 2126 910 2163 extremo
947 2114 1036 2163 ino
1063 2114 1192 2161 libro
1225 2114 1398 2177 praci-

374 2193 451 2258 pit
467 2227 482 2249 ,
507 2192 832 2241 observemus.

446 2290 496 2335 9.
517 2273 590 2319 De
608 2272 809 2319 ambitu.
828 2272 1012 2321 Eorum
1031 2272 1396 2335 magistratuum

376 2367 540 2410 causa,
555 2367 680 2415 qnos
695 2351 919 2415 proxime
941 2351 1094 2399 creari
1117 2350 1391 2415 oportebat.

373 2433 418 2479 Ii
449 2441 680 2495 praetores
717 2441 872 2480 erant.
910 2431 1036 2479 Nam
1073 2430 1300 2478 consules
1327 2443 1392 2478 ex

375 2511 650 2574 interregno
674 2509 822 2559 creati
839 2511 940 2570 jem
970 2520 1106 2558 erant
1133 2509 1392 2574 Pompeius

376 2602 424 2638 et
459 2592 674 2639 Crassus.
701 2589 798 2651 Qui
829 2604 981 2652 quum
1014 2588 1068 2636 id
1099 2599 1398 2652 spectarent,

376 2668 510 2734 quod
546 2669 690 2717 etiam
725 2667 1018 2732 consequuti
1045 2677 1188 2725 sunt,
1211 2679 1271 2716 ut
1305 2683 1396 2732 pe-

377 2747 588 2796 tentibus
629 2757 889 2811 praeturam
927 2747 1000 2793 M.
1041 2746 1228 2794 catone
1261 2758 1314 2795 et
1338 2749 1392 2796 P.

381 2827 576 2874 Vatinio
592 2859 607 2884 ,
621 2827 799 2873 Catoni
815 2825 1042 2872 Vatinius
1053 2857 1068 2882 ,
1084 2824 1396 2888 integerrimo

377 2904 476 2950 civi
507 2905 726 2952 omnium
763 2903 1086 2966 nequissimus
1103 2937 1119 2962 ,
1143 2906 1396 2953 anteferre-

377 2992 486 3036 tur;
514 2998 672 3044 neque
697 2982 750 3029 id
776 2997 827 3030 se
860 2997 1005 3044 posse
1040 2981 1262 3030 obtinere
1290 2983 1394 3032 sine

377 3059 564 3108 ambitu
587 3071 862 3123 sperarent3
890 3075 1060 3108 cavere
1093 3060 1188 3108 sibi
1216 3074 1243 3107 s
1276 3062 1394 3126 legi-

380 3137 472 3186 bus
495 3139 750 3186 voluerunt
764 3172 777 3195 ‚
797 3138 1215 3186 senatusconsulto
1233 3140 1364 3188 facto
1379 3176 1396 3202 ,

379 3233 468 3274 ne,
495 3220 582 3280 qui
603 3226 862 3287 prytanin
885 3233 970 3280 per
987 3215 1218 3264 ambitum
1241 3222 1398 3282 cepis-

379 3306 476 3353 set,
507 3296 554 3341 ei
593 3305 852 3358 propterea
879 3295 1040 3344 fiendi
1065 3307 1208 3345 esset.
1245 3297 1400 3345 Nimis

377 3373 477 3422 hoc
495 3373 770 3438 improbum
793 3373 1020 3431 videtur,
1055 3373 1142 3421 sed
1177 3386 1311 3440 petet
1340 3391 1402 3422 ex

379 3451 506 3501 Plut.
525 3454 579 3500 in
597 3453 701 3501 Cat.
727 3453 855 3501 Utic.
879 3455 1021 3501 Mur.

457 3544 536 3580 ιο.
583 3533 743 3594 Quam
779 3547 869 3596 ego
914 3531 1161 3580 diaetam.
1213 3535 1399 3596 Interp-

378 3607 622 3671 Mongslt.
652 3623 834 3671 «quam
864 3625 958 3673 ego
989 3609 1206 3658 dixeram
1239 3610 1294 3657 in
1320 3625 1398 3658 se—

380 3697 496 3734 natu
509 3708 554 3734 a.
579 3689 736 3750 Negat
765 3688 954 3738 Manut.
991 3705 1052 3736 eo
1083 3688 1400 3753 turpitudinis

379 3766 662 3815 Ciceronem
703 3769 888 3814 venisse
905 3804 922 3829 ,
947 3778 1028 3826 ut,
1074 3785 1226 3832 quum
1260 3779 1400 3817 antea

1485 1798 1655 1845 consul
1674 1794 1827 1861 legem
1846 1807 2016 1846 contra
2038 1796 2271 1844 ambitum
2299 1794 2501 1854 tulisset,

1482 1875 1614 1923 idem
1642 1878 1926 1924 sententiam
1948 1876 1999 1923 in
2025 1886 2193 1924 senatu
2230 1874 2411 1923 diceret
2443 1876 2503 1924 de

1483 1955 1772 2019 impunitate
1804 1955 1865 2002 iis
1902 1953 2093 2017 danda,
2122 1956 2206 2017 qui
2231 1970 2323 2018 per
2344 1954 2503 2003 umbi·-

1485 2044 1590 2082 tum
1656 2034 1990 2098 deliquissent.
2044 2034 2263 2096 Exponit
2325 2033 2503 2097 igitur,

1485 2130 1671 2178 «quam
1701 2114 1915 2161 dixeram
1933 2136 1989 2171 n,
2026 2111 2087 2160 de
2118 2128 2215 2176 qua
2247 2122 2407 2161 tecum
2434 2114 2508 2161 lo·

1485 2200 1667 2255 quums
1692 2207 1842 2239 erem.
1870 2189 1985 2239 sch.
2014 2190 2253 2251 conjicit:
2282 2214 2307 2233 u
2326 2202 2501 2239 eontra

1483 2284 1629 2333 quam
1652 2284 1743 2331 ego
1773 2268 1987 2317 dixeram
2005 2289 2051 2316 ιι.
2082 2270 2171 2317 En.

1562 2365 1583 2396 x
1598 2366 1641 2396 1.
1663 2349 1903 2397 Consules.
1928 2350 2191 2415 Pompeius
2215 2361 2265 2398 et
2288 2351 2503 2400 Crassus.

1479 2429 1695 2477 Μιιυτ.

1562 2523 1583 2555 1
1596 2523 1639 2556 a.
1683 2507 1791 2554 Non
1829 2517 1943 2554 sune
1980 2507 2277 2572 persequuti.
2312 2509 2505 2558 Nolue-

1483 2597 1625 2644 runt,
1649 2585 1837 2649 inquit,
1868 2583 2213 2635 discessionem
2249 2585 2355 2635 fieri
2382 2604 2409 2636 a
2436 2605 2506 2636 se-

1482 2676 1629 2724 netu,
1654 2681 1755 2729 quo
1781 2675 1951 2728 posset
1980 2665 2210 2730 intelligi,
2236 2667 2505 2730 probaren-

1485 2757 1566 2794 tur
1594 2760 1747 2793 necne
1772 2759 1941 2792 eorum
1963 2747 2237 2804 sententie,
2256 2747 2343 2809 qui
2360 2749 2503 2794 Afra-

1482 2825 1593 2882 nio,
1614 2834 1711 2873 etc.
1738 2825 1895 2871 Inus.
2286 2835 2291 2844 ·

1561 2904 1642 2950 13.
1675 2905 1740 2949 Ue
1762 2902 1865 2950 dies
1900 2903 1993 2950 LX
2007 2901 2197 2966 privati
2222 2917 2398 2954 essem.
2428 2908 2503 2954 Eo

1482 2981 1711 3029 nimirum
1730 2980 1961 3040 consilio,
1976 2993 2033 3030 nt
2048 2997 2275 3030 accusare
2294 2983 2501 3032 volenti-

1482 3061 1575 3108 bus
1616 3077 1724 3118 eos,
1763 3061 1849 3123 qui
1883 3060 2505 3125 per-ambitum'praetores

1489 3140 1637 3186 creati
1664 3149 1851 3199 essent,
1873 3138 2084 3202 spatium
2106 3137 2317 3188 daretur.
2347 3143 2471 3188 Nam
2486 3173 2503 3198 ,

1487 3218 1531 3264 si
1554 3229 1813 3282 praeturam
1838 3217 2065 3280 protinus
2090 3217 2337 3274 iniissent,
2364 3233 2505 3266 accu-

1487 3297 1626 3344 sandi
1670 3297 1809 3343 locus
1844 3309 1947 3341 non
1984 3295 2171 3344 fuisset.
2219 3295 2335 3343 Non
2376 3297 2505 3345 enim

1488 3391 1599 3432 eos,
1622 3375 1707 3437 qui
1727 3383 1886 3420 essent
1903 3373 1957 3419 in
1982 3374 2290 3436 megisti-stu,
2325 3374 2505 3425 lioebst

1487 3453 1755 3518 postulare.
1782 3453 1938 3499 [nun.

1567 3539 1647 3585 14.
1665 3529 2015 3593 Repudiarunt.
2031 3528 2225 3578 Nomen
2250 3533 2370 3592 ejus,
2384 3551 2508 3598 pra-

1489 3621 1646 3658 turam
1688 3609 1919 3672 petentis,
1966 3610 2181 3673 recipere
2218 3611 2509 3676 uoluerunt,

1488 3688 1627 3754 quod
1646 3686 1975 3736 Ahenobarbo
2001 3701 2104 3737 erat
2133 3687 2369 3741 affinitate
2392 3709 2510 3742 eon·

1482 3771 1706 3829 iunctus.
1729 3769 1881 3815 Inus.
1952 3797 1958 3802 -

1227 3947 1244 3970 -’
1285 3951 1677 3982 w

577 4213 695 4280 Ill.
753 4229 841 4275 Cic.
869 4244 980 4292 pars
1010 4239 1185 4292 quarta.

2182 4211 2269 4282 38
