3019 4681
545 386 686 485 596
1183 386 1278 453 M.
1333 385 1410 451 T.
1465 382 2029 454 CICERONIS
2104 394 2111 405 ·

533 512 860 607 jecissem
883 562 902 597 ,
929 530 1079 579 non
1109 505 1302 577 illam
1341 504 1531 602 regis
1561 504 1930 575 Ptolemaei
1954 503 2479 575 Anicianam¹⁰:
2518 530 2687 579 me-

537 622 719 693 mini
754 623 982 704 enim,
1021 638 1248 714 quum
1278 615 1653 686 hominem
1692 628 2058 713 portarem
2088 613 2180 684 ad
2208 618 2409 687 Baias
2430 670 2451 702 ,
2481 620 2682 689 Nea-

535 732 720 831 poli,
797 725 1206 825 octophoro
1222 734 1244 769 ¹
1261 736 1280 767 ¹
1330 725 1677 796 Aniciano
1708 778 1727 807 ,
1768 723 2377 821 machaerophoris
2398 736 2461 769 ¹²
2495 750 2681 797 cen-

535 858 692 913 tum
714 836 774 884 ¹³
816 834 1322 935 sequentibus,
1361 837 1586 905 miros
1614 835 1799 905 risus
1834 856 1969 917 nos
1994 832 2208 905 edere
2229 887 2250 921 ‚
2281 857 2511 930 quum
2548 835 2679 907 ille

531 954 822 1047 ignarus
863 950 977 1021 sui
1019 950 1401 1021 comitatus
1439 1000 1457 1035 ‚
1523 960 1825 1045 repente
1864 947 2149 1043 aperuit
2190 945 2514 1017 lecticam
2536 1000 2557 1033 ‚
2594 962 2679 1017 et

531 1086 737 1159 paene
789 1059 908 1131 ille
965 1064 1224 1129 timore
1253 1110 1274 1144 ,
1317 1080 1452 1154 ego
1490 1056 1641 1127 risu
1690 1059 1950 1127 corrui.
2006 1058 2211 1125 Tunc
2235 1052 2299 1109 ¹¹⁵
2344 1069 2427 1125 ut
2462 1053 2669 1141 dico,

531 1186 726 1241 certe
769 1167 1210 1241 sustulissem
1238 1220 1257 1253 ,
1299 1180 1382 1237 ut
1433 1162 1823 1263 aliquando
1886 1162 2357 1237 subtilitatem
2408 1165 2673 1237 veteris

531 1278 992 1365 urbanitatis,
1032 1290 1104 1347 et
1133 1274 1630 1347 humanissimi
1662 1276 2014 1347 sermonis
2050 1278 2496 1373 attingerem.
2524 1273 2671 1347 Sed

527 1388 898 1460 hominem
930 1384 1298 1457 infirmum
1329 1386 1405 1455 in
1423 1384 1665 1458 villam
1695 1400 2018 1483 apertam
2036 1440 2058 1471 ,
2094 1406 2177 1457 ac
2200 1390 2293 1456 ne
2318 1384 2572 1457 rudem
2598 1382 2666 1429 ¹⁵

528 1496 822 1594 quidem
843 1496 1058 1567 etiam
1089 1519 1290 1566 nunc
1316 1548 1336 1583 ,
1369 1496 1673 1566 invitare
1698 1495 1920 1566 nolui.
1956 1500 2112 1566 Hoc
2134 1519 2311 1566 vero
2338 1494 2511 1566 mihi
2543 1520 2667 1593 pe·

529 1608 794 1679 culiare
827 1604 1078 1694 fuerit,
1117 1604 1234 1677 hic
1277 1606 1488 1677 etiam
1522 1605 1662 1678 isto
1690 1603 1835 1676 frui
1872 1632 1889 1675 z
1936 1630 2103 1677 nam
2145 1604 2435 1677 illorum
2478 1630 2665 1704 prae-

527 1716 812 1789 diorum
870 1718 1051 1789 scito
1106 1716 1286 1787 mihi
1329 1716 1645 1787 vicinum
1714 1715 2023 1787 Marium
2087 1715 2339 1788 lumen
2358 1714 2423 1761 ¹⁶
2489 1740 2663 1787 esse.

525 1826 742 1925 Apud
767 1828 1100 1899 Anicium
1127 1824 1537 1898 videbimus
1554 1880 1575 1913 ‚
1604 1840 1688 1897 ut
1710 1840 2041 1926 paratum
2060 1836 2117 1875 ¹⁹
2148 1828 2260 1899 sit.
2288 1830 2439 1899 Nos
2468 1830 2661 1897 enim

523 1941 620 2009 ita
661 1936 1016 2037 philologi
1050 1960 1299 2007 sumus
1322 1990 1341 2023 ,
1383 1950 1468 2007 ut
1495 1935 1613 2007 vel
1654 1960 1819 2007 curn
1866 1934 2088 2007 fabris
2125 1933 2452 2007 habitare
2492 1958 2661 2033 pos-

526 2051 767 2119 simus.
800 2046 1166 2119 Habemus
1187 2046 1376 2117 hanc
1403 2046 1969 2145 philosophiam,
1994 2071 2142 2118 non
2172 2044 2266 2118 ab
2286 2050 2657 2143 Hymetto,

1634 2340 1943 2405 perterritum
1976 2356 2117 2406 pune
2148 2338 2407 2390 corruisse.
2444 2340 2660 2399 Mam,

1712 2430 1796 2478 ιι.
1835 2423 1985 2471 Tunc.
2018 2423 2165 2468 Forte
2204 2420 2365 2468 ναίω
2400 2418 2563 2468 hune.-
2594 2420 2659 2469 de

1636 2515 1735 2564 qno
1762 2499 1950 2548 scilieet
1973 2497 2169 2562 loquuti
2194 2513 2379 2548 mus.

1713 2580 1795 2627 15.
1824 2579 2025 2626 liudem.
2052 2577 2273 2628 hubin.
2294 2588 2469 2628 tuem.

1712 2660 1793 2706 ιδ.
1834 2657 2053 2706 Vicinum
2086 2656 2306 2706 Marium
2346 2657 2505 2706 um
2542 2673 2659 2708 esu.

1637 2739 1692 2787 P.
1711 2737 1961 2786 Victorius
1994 2735 2127 2784 tollit
2148 2751 2331 2786 ‚vocem
2370 2737 2533 2786 lum
2566 2737 2657 2786 lib.

600 2359 678 2392 ro.
707 2338 1016 2391 Anicianam.
1041 2336 1203 2403 Qfiam
1221 2340 1539 2398 Ptolemaeus,

523 2422 724 2487 AEgypu
741 2437 828 2469 rex
843 2455 858 2480 ,
875 2420 962 2484 qni
977 2437 1004 2468 a
1025 2422 1126 2468 suis
1149 2419 1342 2468 civibus
1363 2421 1549 2482 ejectus

520 2505 694 2550 Roma
715 2497 1012 2564 aliquamdiu
1039 2499 1132 2546 fuit
1151 2533 1167 2558 ,
1203 2499 1384 2548 Anicio
1413 2500 1547 2548 dono

523 2579 718 2628 dederat
739 2615 754 2640 ,
791 2577 878 2626 uni
911 2579 1114 2625 fortasse
1147 2577 1210 2624 de
1247 2580 1350 2626 suis
1391 2577 1549 2627 eredi-

529 2656 738 2718 toribus,
759 2655 838 2703 vel
853 2655 1076 2703 familiari
1091 2671 1183 2704 suo
1198 2689 1214 2714 ,
1241 2657 1380 2716 eujus
1397 2671 1545 2721 opera

523 2751 640 2783 usus
662 2744 765 2782 erat
789 2735 977 2782 Roma.
1005 2735 1140 2782 Ean.

597 2828 678 2861 ιι.
724 2811 1016 2876 Octaphoro.
1059 2813 1216 2874 Quem
1259 2823 1376 2862 octo
1422 2814 1549 2862 servi

531 2900 790 2955 gestarent.

597 2987 618 3019 1
632 2987 676 3020 a.
727 2968 1164 3035 Mueller-ephoris.
1212 2970 1440 3020 Gladium
1481 2973 1549 3021 se-

527 3049 764 3100 rentibus.
796 3050 892 3098 me
925 3049 1082 3098 fuerat
1119 3051 1382 3098 comitatus
1419 3051 1547 3115 regis

525 3129 790 3178 Ptolemaei.
816 3129 908 3177 En.

601 3212 680 3259 13.
709 3207 929 3258 Centum.
962 3205 1078 3255 Non
1109 3216 1234 3272 puto
1261 3207 1546 3257 Ciceronem

515 3287 801 3350 hujusmodi
839 3285 1073 3334 comitatu
1108 3301 1210 3334 esse
1247 3301 1407 3334 mum.
1443 3287 1544 3334 Vix

517 3367 616 3416 hoe
642 3365 846 3416 Milonis
871 3375 956 3414 aut
980 3363 1144 3413 Clodii
1176 3365 1375 3412 insania
1411 3365 1545 3414 tulis·

521 3457 644 3494 sent.
680 3448 787 3504 Δο,
829 3445 872 3492 si
910 3443 1194 3493 Ciceronem
1233 3445 1428 3507 sequuti
1465 3461 1543 3493 es·

519 3536 628 3572 sent
645 3559 662 3585 ,
695 3538 798 3570 non
829 3522 1130 3572 extimuisset
1164 3523 1348 3570 uarius
1361 3555 1376 3580 ‚
1401 3526 1543 3586 qnasi

519 3603 582 3650 ad
609 3601 890 3664 adspectum
931 3616 1074 3650 novae
1113 3602 1200 3650 rei.
1241 3601 1541 3651 Crediderim

517 3677 668 3742 igitur
701 3695 816 3728 essu
853 3681 1148 3744 contigisse,
1183 3690 1242 3728 nt
1265 3679 1430 3728 eadem
1457 3683 1537 3728 via

515 3767 634 3821 post
675 3759 1000 3823 onophorum
1033 3758 1328 3807 Anicianam
1367 3775 1537 3822 seque-

517 3847 686 3884 rentur
713 3836 784 3884 illi
807 3837 1194 3901 machoi-ephori
1211 3873 1227 3897 ,
1251 3835 1434 3902 quibu·
1459 3839 1537 3885 vi-

512 3915 606 3974 sis,
643 3917 884 3974 Mai-inm,
915 3917 1004 3979 qui
1039 3931 1141 3964 non
1174 3918 1340 3966 animo
1376 3917 1535 3966 minus

507 4010 654 4057 quam
687 3993 950 4042 valitudine
985 4005 1114 4041 esset
1159 3993 1408 4054 infirmus,
1441 3989 1535 4044 ho·

511 4073 692 4122 »ninum
733 4087 780 4120 et
817 4073 1156 4120 rnaehoerarum
1187 4074 1346 4124 subita
1373 4076 1533 4139 speeie

1636 2819 1706 2864 vl
1732 2821 1851 2866 Var.
1878 2819 2013 2865 Leet.
2040 2832 2149 2880 cap.
2182 2833 2230 2878 7,
2264 2815 2351 2864 sed
2372 2832 2477 2865 non
2500 2833 2661 2866 neees-

1635 2897 1779 2944 sario.
1800 2897 1971 2944 Gnrrr.
1988 2921 2059 2932 —
2072 2895 2367 2945 Felici-sime
2382 2895 2663 2946 emendavit

1638 2991 1762 3024 unus
1798 2992 1826 3024 e
1860 2975 2125 3040 professor.
2152 2975 2386 3025 Aeadem.
2407 2976 2659 3025 Parisiens.

1632 3055 1702 3118 (J.
1730 3059 1793 3103 A.
1812 3052 2029 3117 Aram-ay)
2043 3088 2060 3113 ,
2086 3073 2109 3096 α
2130 3053 2185 3102 in
2206 3056 2423 3104 vicinum
2446 3054 2659 3103 Barium

1634 3133 1797 3181 lumen
1826 3149 1983 3182 essen.
2010 3135 2060 3181 J.
2076 3134 2141 3180 V.
2164 3134 2219 3178 1..

1712 3229 1792 3274 ¹7·
1824 3216 2080 3260 Par-attens.
2103 3209 2253 3258 Marii
2281 3225 2459 3274 caung
2484 3224 2545 3261 ut
2566 3212 2659 3272 sit,

1634 3293 1721 3340 ubi
1744 3294 1895 3340 homo
1915 3291 2137 3342 infirmus
2156 3293 2417 3342 commode
2448 3293 2661 3359 excipis·

1632 3381 1729 3422 tar.
1754 3370 1881 3418 Nam
1902 3385 1993 3432 ego
2017 3371 2087 3417 iu
2112 3387 2219 3418 sum
2242 3371 2545 3437 philologus,
2560 3372 2659 3420 hee

1630 3460 1726 3504 est,
1752 3451 1821 3498 ita
1848 3449 2099 3498 literarum
2116 3449 2369 3499 studiosus
2384 3485 2399 3509 ,
2420 3462 2479 3499 nt
2498 3449 2661 3500 mollis

1630 3539 1789 3576 tamen
1818 3529 2015 3577 minime
2035 3530 2127 3577 sim
2148 3545 2161 3577 ε
2200 3531 2373 3594 quales
2398 3531 2501 3578 fere
2516 3542 2657 3590 sunt,

1628 3621 1753 3669 qnos
1768 3605 2003 3654 librorum
2034 3607 2345 3656 consuetudo
2370 3619 2520 3658 tenet.
2538 3611 2659 3657 Pos-

1623 3699 1759 3742 sum,
1786 3685 1977 3750 inquit,
2004 3687 2079 3734 vel
2102 3703 2216 3736 cum
2236 3687 2389 3735 fabris
2414 3688 2655 3736 habitare.

1622 3763 1741 3811 Non
1760 3765 1891 3812 enim
1918 3781 2019 3812 mea
2049 3765 2362 3830 philosophia
2387 3767 2585 3824 luxum,
2608 3777 2657 3815 et

1622 3841 1951 3905 voluptatem,
1978 3855 2027 3891 et
2046 3843 2301 3894 mollitiam
2328 3846 2567 3910 sequitur.
2586 3848 2657 3894 Ea

1622 3936 1701 3968 me
1719 3937 1823 3968 non
1841 3920 2109 3970 oblectavit
2127 3923 2181 3970 in
2198 3927 2461 3988 Hymetto,
2488 3937 2659 3974 monte

1622 4001 1800 4049 Attiou
1818 4004 2181 4064 amoenissimo,
2206 4004 2291 4054 sed
2324 4006 2379 4052 in
2403 4021 2517 4054 anea
2542 4021 2659 4054 enm

1636 4079 1788 4128 servis
1828 4081 1963 4144 Syris
1980 4115 1997 4140 ,
2032 4085 2118 4146 qni
2152 4081 2427 4143 aedifieann
2464 4083 2653 4134 duriter
