3019 4681
670 360 1189 433 EPISTOLAE
1236 364 1372 431 AD
1419 363 2134 450 ATTIGUM,x11‚
2176 363 2289 434 31.
2406 365 2544 464 273

412 493 509 560 At
540 501 621 558 tu
654 483 975 560 concede
1006 483 1225 572 mihi,
1252 509 1495 582 quaeso
1515 541 1535 573 ‚
1574 500 1658 556 ut
1695 510 1784 558 eo
1811 485 2052 558 animo
2091 489 2258 577 sim,
2298 513 2450 586 quo
2485 492 2544 563 is

418 597 679 671 debeat
720 621 912 681 esse,
956 596 1088 692 qui
1138 619 1377 668 emere
1426 597 1670 693 cupiat
1709 621 1724 664 :
1766 609 1842 666 et
1885 605 2130 666 tamen
2171 598 2405 668 servio
2449 601 2548 670 ita

416 707 791 806 cupiditati
826 720 897 777 et
942 705 1179 778 dolori
1218 729 1421 792 me0‚
1462 719 1548 776 ut
1575 730 1614 775 a
1647 719 1721 776 te
1753 705 1905 802 regi
1929 704 2168 776 velim.
2207 709 2546 804 Egnatius

416 817 595 887 mihi
630 817 933 914 scripsit.
971 821 1039 886 Is
1065 815 1125 886 si
1154 813 1335 913 quid
1360 829 1604 887 tecum
1639 814 1988 912 loquutus
2014 818 2152 885 erit
2177 814 2205 911 (
2226 840 2544 889 commo·

417 925 705 998 dissime
726 927 932 998 -enim
972 949 1103 1024 per
1147 948 1315 996 eum
1358 926 1473 1022 agi
1512 923 1829 1024 potest),
1869 923 1958 995 ad
2001 947 2118 994 me
2163 924 2442 1016 scribe3
2473 942 2546 997 et

417 1035 491 1107 id
534 1034 896 1132 agendum
950 1048 1150 1132 puto,
1200 1039 1383 1107 Nam
1422 1057 1588 1106 cum
1623 1034 1798 1106 Silio
1837 1059 1992 1105 non
2031 1034 2244 1106 video
2285 1037 2544 1108 confici

418 1169 651 1244 posse.
688 1144 877 1216 Piliae
921 1158 995 1216 et
1037 1145 1287 1215 Atticae
1322 1144 1650 1216 salutem.
1689 1149 1854 1216 Haec
1881 1141 1974 1216 ad
2004 1156 2075 1215 te
2107 1167 2268 1214 mea
2293 1169 2540 1216 manu.

418 1255 599 1327 Vide
620 1309 641 1344 ‚
685 1279 931 1353 quaeso
949 1308 969 1343 ‚
1018 1252 1200 1350 quid
1245 1253 1608 1352 agendum
1650 1257 1762 1325 sit.

418 1455 564 1504 qnem
597 1453 743 1502 supra
771 1451 835 1484 nc
870 1434 965 1484 sibi
991 1433 1167 1485 debere
1192 1431 1434 1500 significa·
1523 1451 1616 1500 pro
1670 1435 1826 1483 hortis
1866 1419 2040 1499 emptis
2081 1435 2536 1501 repraesentandam.

418 1528 581 1580 verat,
599 1515 697 1564 hoc
715 1516 805 1577 ait,
835 1529 1012 1578 magno
1029 1511 1319 1582 adjumento
1340 1513 1435 1562 sibi
1521 1513 1764 1564 Corradus
1789 1523 1948 1562 tamen
1981 1514 2184 1578 putabat
2208 1531 2310 1563 esse
2337 1517 2540 1564 Hem-o-

416 1612 520 1644 eae
544 1611 718 1660 poue,
752 1593 889 1641 illam
914 1593 1136 1658 poc-nin
1164 1607 1434 1656 summ-m,
1527 1608 1698 1657 genem
1723 1592 1953 1652 Clodium
1971 1594 2178 1658 tragoedi
2191 1592 2372 1659 AEsopi
2387 1591 2545 1644 filium

416 1676 456 1724 si
485 1676 811 1738 Hermogenes
830 1671 1071 1733 solveret,
1088 1669 1150 1720 ad
1172 1629 1434 1735 pecuniam:
1530 1671 1834 1721 ditissimum.
1855 1671 1984 1722 min.
2001 1674 2078 1722 11
2091 1707 2106 1733 ,
2123 1672 2206 1721 35.
2232 1673 2344 1722 Sca.

693 1848 2440 1878 mmmmmmmmmmmm
2449 1854 2540 1874 m

939 2032 1572 2116 EPISTOLA
1635 2035 2020 2146 XXXII.

414 2229 505 2286 De
535 2243 846 2303 congressu
880 2243 1012 2282 eum
1054 2221 1305 2282 Publilia
1348 2221 1589 2302 ejusque
1627 2235 1812 2282 matre
1843 2235 1903 2282 et
1939 2222 2118 2282 fratre
2151 2223 2425 2298 vitand03
2471 2228 2547 2290 de

494 2325 739 2405 pecunia
755 2322 1022 2384 Ciceroni
1040 2321 1121 2381 fil.
1143 2319 1626 2400 peregrinationis
1649 2337 1826 2381 causa
1849 2314 2243 2382 attribuenda.
2265 2323 2540 2403 (Asturae,

494 2440 649 2481 anno
672 2426 747 2483 U.
766 2424 833 2482 C.
858 2418 1007 2494 708,
1044 2434 1241 2477 mense
1269 2414 1538 2495 martin.)
1567 2429 1580 2444 ·

1092 2582 1407 2649 CICERO
1450 2583 1768 2649 A'l'rlco
1814 2584 1878 2649 S.

510 2742 849 2810 PunmmA
875 2748 899 2779 ¹
940 2734 1031 2807 ad
1064 2758 1179 2806 me
1207 2734 1526 2831 scripsit,
1574 2747 1880 2805 matrem
1921 2760 2120 2806 suam
2163 2735 2379 2833 (cum
2407 2742 2546 2810 Pu-

416 2848 669 2921 blilio²
717 2846 918 2943 loqui
954 2844 1198 2942 retur)
1239 2841 1333 2915 ad
1374 2867 1491 2915 me
1533 2867 1700 2914 cum
1731 2843 1858 2914 illo
1902 2861 2322 2933 venturam,
2360 2864 2434 2921 et
2468 2874 2544 2922 se

418 2982 593 3043 una,
622 2955 680 3029 si
714 2981 845 3053 ego
872 2970 1191 3053 paterer:
1233 2968 1392 3026 orat
1417 2952 1664 3024 multis
1691 2968 1760 3025 et
1799 2952 2246 3052 supplicibus
2279 2958 2541 3046 verbis,

418 3082 501 3138 ut
535 3042 777 3153 liceat,
816 3080 893 3137 et
921 3079 1004 3135 ut
1037 3062 1173 3136 sibi
1206 3061 1618 3135 rescribam.
1658 3068 1800 3133 Res
1838 3088 2056 3161 quam
2089 3068 2392 3138 molesta
2418 3070 2543 3157 sit,

418 3174 641 3248 vides.
696 3175 1098 3273 Rescripsi‚
1151 3198 1267 3245 me
1330 3175 1540 3244 etiam
1609 3173 1891 3269 gravius
1949 3198 2100 3245 esse
2163 3174 2542 3267 affectum,

419 3310 635 3382 quarn
674 3299 828 3355 tum
850 3339 868 3372 ‚
914 3308 1145 3382 quum
1176 3282 1278 3353 illi
1314 3282 1652 3355 dixissem
1673 3336 1693 3368 ‚
1729 3308 1846 3353 me
1877 3283 2114 3355 solum
2141 3309 2295 3357 esse
2326 3287 2545 3373 ve11e;

420 3418 643 3491 quare
678 3395 872 3465 nolle
920 3418 1039 3467 me
1084 3393 1227 3465 hoc
1278 3407 1606 3490 tempore
1640 3416 1796 3463 eam
1833 3392 1922 3462 ad
1955 3416 2072 3463 me
2103 3395 2364 3467 venire.
2401 3401 2545 3469 Pu-

420 3504 694 3591 tabam,
738 3507 795 3577 si
844 3504 1027 3576 nihil
1062 3504 1620 3601 rescripsissem,
1661 3502 1859 3573 illam
1907 3528 2073 3574 cum
2109 3516 2338 3577 matre
2376 3530 2548 3579 ven-

420 3611 693 3686 turam':
730 3640 929 3687 nunc
960 3640 1109 3685 non
1153 3628 1355 3712 puto.
1404 3612 1814 3710 Apparebat
1849 3613 2084 3701 enim,
2121 3613 2271 3686 illas
2309 3617 2547 3691 literas

496 3806 539 3837 ι.
569 3788 797 3837 Publilia.
822 3788 987 3837 Altera
1014 3785 1263 3837 Ciceronis
1280 3802 1432 3843 uxot,
1521 3800 1666 3843 rone;
1706 3784 2038 3847 Quintilianus
2063 3786 2154 3836 lib.
2193 3792 2298 3850 V13
2325 3752 2422 3840 n'io
2456 3793 2544 3844 lib.

418 3884 561 3930 quam
577 3900 594 3926 ‚
622 3879 735 3933 post
759 3868 995 3915 Terentia
1018 3864 1313 3922 divortium,
1339 3863 1435 3909 vir-
1522 3864 1698 3911 XLVI.
1727 3864 1878 3912 Mn«.

419 3948 578 4009 ginem
604 3946 779 3996 duxit:
810 3964 921 3995 cum
948 3960 1043 4009 qun
1066 3945 1240 4008 etipse
1268 3954 1435 4007 postea
1599 3958 1645 3989 2.
1671 3946 1858 3991 Incerta
1907 3944 2076 3996 lectio.
2121 3944 2319 3998 Schiitz.
2365 3952 2546 4016 probat

418 4025 683 4073 divortium
711 4027 857 4085 fecit,
884 4026 997 4097 qnia
1039 4022 1193 4091 latagi
1212 4021 1436 4071 Tulliolae
1523 4020 1786 4086 Mongaltii
1809 4024 2068 4085 rationem,
2094 4039 2142 4076 et
2165 4029 2447 4092 loqueretur
2475 4033 2548 4080 vel

418 4116 575 4154 morte
601 4104 875 4154 videbatur.
908 4103 1193 4153 Plutarchus
1219 4103 1271 4151 in
1298 4103 1439 4153 Cice·
1530 4102 1669 4169 loqui
1693 4114 1828 4153 retur
1849 4104 2085 4158 excludit.
2115 4110 2147 4158 J
2151 4144 2165 4157 .
2183 4110 2247 4155 V.
2271 4112 2325 4169 L.
2342 4111 2554 4161 —Edi2.

620 4192 751 4261 III.
804 4206 900 4255 Cic.
920 4222 1033 4269 pm
1055 4214 1231 4270 quam.
2242 4218 2262 4261 1
2284 4196 2326 4263 8
