3019 4681
562 351 698 425 126
1196 349 1295 422 M.
1346 351 1422 419 Τ.
1478 349 2036 420 CICERONIS

552 494 713 566 tur;
756 497 892 546 nec
932 471 1079 570 jam
1132 485 1457 560 recusat,
1506 470 1637 543 sed
1696 468 2016 568 quodam
2060 468 2284 542 modo
2327 470 2726 572 postulat,

547 603 668 674 ut,
711 579 1329 683 quemadmodum
1368 595 1522 668 est·,
1569 582 1670 652 sic
1711 582 1928 676 etiam
1970 579 2400 679 appelletur,
2445 596 2724 679 tyran-

546 721 707 768 nus.
736 691 957 780 Alter,
986 692 1047 761 is
1070 745 1089 779 ,
1122 692 1252 788 qui
1278 715 1415 762 nos
1438 689 1576 762 sibi
1605 689 1980 788 quondam
1997 686 2028 732 ⁵
2055 689 2148 762 ad
2175 690 2396 788 pedes
2427 707 2726 764 stratos

547 831 644 880 ne
702 800 1125 876 sublevabat
1175 801 1515 898 quidem,
1569 805 1698 899 qui
1751 825 1827 874 se
1873 799 2058 872 nihil
2111 815 2366 872 contra
2416 801 2726 898 hujus⁶

548 913 999 988 voluntatem
1036 909 1273 982 aiebat
1314 907 1551 984 facere
1590 935 1840 1009 posse,
1877 911 2163 1009 elapsus
2191 936 2234 984 c
2277 915 2516 984 soceri
2546 939 2723 986 ma·

548 1015 775 1098 nibus
799 1046 881 1094 ac
909 1018 1144 1108 ferro,
1182 1017 1459 1092 bellum
1506 1034 1701 1092 terra
1745 1045 1832 1092 ac
1871 1023 2050 1092 mari
2091 1036 2510 1120 comparat,
2551 1049 2724 1094 non

548 1139 897 1232 injustum
941 1130 1063 1201 ine
1114 1128 1411 1228 quidem
1432 1184 1453 1217 ‚
1513 1131 1640 1203 sed
1698 1155 1926 1228 quum
1976 1133 2216 1232 pium,
2273 1147 2435 1203 tum
2481 1133 2722 1204 etiam

546 1245 1029 1319 necessarium
1055 1296 1075 1329 ‚
1131 1244 1277 1313 suis
1328 1253 1574 1312 tamen
1629 1239 1906 1314 civibus
1952 1241 2356 1330 exitiabile,
2407 1245 2563 1315 nisi
2611 1245 2726 1314 vi-

550 1356 767 1442 cerit3
809 1353 1300 1424 calamitosum
1319 1406 1341 1442 ‚
1384 1355 1663 1426 etiamsi
1697 1353 1972 1424 vicerit.
2007 1357 2288 1425 Horum
2319 1377 2458 1450 ego
2495 1379 2720 1426 sum-

549 1488 841 1536 morum
879 1465 1400 1561 imperatorum
1437 1487 1592 1533 uon
1624 1461 1848 1534 modo
1887 1487 2006 1534 res
2034 1477 2268 1562 gestas
2307 1489 2464 1536 non
2501 1479 2722 1538 ante-

553 1599 753 1674 pono
781 1575 961 1644 meis
982 1626 1003 1662 ,
1039 1571 1171 1643 sed
1210 1597 1305 1646 ne
1348 1569 1720 1644 fortunam
1759 1571 2058 1670 quidem
2095 1576 2324 1672 ipsam
2343 1627 2366 1658 ‚
2409 1597 2570 1672 qua
2609 1575 2722 1646 illi

552 1684 1061 1759 florentissima
1078 1693 1135 1771 ⁷,
1168 1707 1309 1755 nos
1350 1681 1648 1755 duriore
1681 1682 2074 1756 conflictati
2111 1684 2470 1756 videmur.
2519 1685 2720 1780 Quis

554 1800 751 1870 enim
790 1808 1065 1894 potest,
1102 1809 1228 1866 aut
1266 1793 1550 1866 deserta
1591 1817 1728 1892 per
1769 1818 1846 1866 se
1871 1795 2136 1892 patria,
2167 1809 2291 1866 aut
2315 1818 2720 1894 oppressa,

554 1907 813 1982 beatus
854 1906 1052 1978 esse?
1094 1920 1168 1976 et
1200 1905 1297 1988 si,
1345 1919 1431 1975 ut
1466 1927 1606 1975 nos
1637 1907 1691 1975 'a
1739 1918 1812 1976 te
1847 1903 2347 1993 admonemur,
2381 1921 2594 1980 recto
2633 1908 2716 1976 in

552 2019 695 2090 illis
735 2016 939 2089 libris
972 2013 1287 2086 diximus
1310 2069 1333 2102 ‚
1362 2013 1548 2084 nihil
1579 2037 1738 2086 esse
1781 2012 2100 2102 bonum,
2141 2015 2280 2086 nisi
2320 2015 2716 2112 quodho·

555 2141 885 2213 nestum;
922 2125 1106 2196 nihil
1133 2123 1439 2212 malum,
1467 2126 1606 2194 nisi
1637 2123 1840 2220 quod
1876 2139 2094 2222 turpe
2117 2126 2252 2198 sit:
2283 2141 2482 2197 certe
2511 2141 2716 2200 uter·

554 2261 701 2335 que
736 2237 1045 2307 istorum
1086 2250 1196 2305 est
1239 2235 1720 2318 miserrimus,
1748 2259 2064 2331 quorum
2095 2237 2383 2334 utrique
2411 2259 2720 2337 semper

552 2352 802 2448 patriae
837 2346 1028 2417 salus
1062 2359 1139 2417 et
1186 2342 1495 2441 dignitas
1527 2348 1896 2444 posterior
1929 2368 2058 2417 sua
2097 2346 2607 2419 dominatione
2637 2362 2716 2421 et

553 2459 965 2533 domesticis
1001 2455 1406 2529 commodis
1440 2455 1596 2529 fuit.
1626 2457 1967 2529 Praeclara
2001 2457 2221 2555 igitur
2255 2459 2714 2531 conscientia

552 2584 957 2657 sustentor,
1004 2590 1235 2665 quum
1285 2570 1572 2665 cogito,
1623 2592 1744 2639 me
1793 2567 1888 2639 de
1934 2567 2308 2668 republica
2366 2582 2496 2638 aut
2543 2591 2710 2641 me·

554 2684 783 2755 ruisse
812 2683 1085 2778 optime
1105 2732 1127 2767 ‚
1172 2702 1401 2775 quum
1432 2679 1840 2777 potuerim3
1875 2692 2001 2771 aut
2029 2694 2224 2751 certe
2253 2701 2706 2776 numquam,

554 2793 691 2865 nisi
743 2791 985 2863 divine
1005 2785 1059 2875 ⁸,
1107 2790 1495 2887 cogitasse3
1544 2813 1773 2886 eaque
1821 2790 1974 2889 ipsa
2015 2804 2442 2889 tempestate
2493 2814 2709 2864 ever-

560 2928 711 2977 sam
728 2926 883 2975 esse
904 2898 1427 2998 rempublicam
1445 2955 1465 2988 ‚
1495 2924 1716 2998 quam
1743 2924 1880 2998 ego
1899 2924 2022 2970 xiv
2045 2902 2300 2973 annis⁹
2331 2916 2500 2973 aute
2527 2926 2708 2999 pro·

628 3140 678 3189 5.
696 3134 972 3201 Quondam.
992 3134 1161 3197 Qum
1176 3134 1239 3183 ab
1264 3150 1325 3185 eo
1344 3135 1578 3185 adver-us

554 3216 721 3271 Clodii
735 3218 944 3279 impetu·
956 3214 1191 3263 auxilium
1206 3212 1449 3278 petebam.
1461 3218 1577 3265 Sca.

627 3298 675 3345 6.
704 3290 876 3359 Hujus.
904 3290 1125 3345 Cauris.
1149 3292 1245 3341 En.

628 3394 677 3437 ¹7.
711 3370 1089 3423 Florenee'su'ma.
1122 3368 1333 3420 Videtur
1350 3368 1475 3419 nihil
1494 3368 1582 3420 de-

444 3464 451 3472 ”
553 3470 699 3507 ente:
739 3452 825 3501 aed
862 3450 1089 3499 Ernosuo
1124 3448 1317 3499 videtur
1354 3450 1582 3500 oon-ulto

555 3536 670 3596 conj
676 3534 791 3595 ungi
805 3528 1073 3598 corfiiccati
1083 3544 1193 3577 cum
1199 3529 1552 3598 sun-entissime
1562 3564 1578 3589 ,

558 3627 615 3665 ut
636 3616 735 3662 hoc
753 3610 840 3658 illo
860 3606 1207 3657 debilitaretur.
1245 3610 1338 3657 En.

632 3692 684 3743 8.
706 3688 894 3738 Divino.
916 3688 1029 3736 Hoc
1046 3698 1137 3746 eat,
1162 3686 1403 3752 quidquid
1419 3688 1586 3738 animo

559 3768 791 3837 prospexi
810 3766 1055 3825 futurum,
1078 3766 1131 3813 id
1152 3766 1401 3816 accidisse.
1424 3756 1592 3815 Divini

557 3862 673 3900 eunt
706 3859 861 3903 vates,
890 3846 1053 3895 futura
1086 3847 1421 3912 predicente:⁸
1454 3847 1584 3897 Hine

556 3928 679 3979 scire
720 3924 947 3975 divinitus
996 3936 1070 3973 est
1116 3926 1275 3975 sutura
1320 3926 1584 3991 predicere

560 4007 694 4074 apud
719 4006 943 4055 Plautum
978 4005 1033 4051 in
1058 4005 1369 4055 Curculione.
1406 4007 1582 4055 Guzv.

564 4115 631 4128 --·
646 4090 761 4136 Hoc
778 4086 966 4133 Ernest.
984 4099 1089 4131 non
1106 4082 1285 4148 placet.
1300 4084 1586 4149 Suspicatus·

1661 3135 1829 3202 digne.
1873 3136 2134 3187 Enimvero
2159 3152 2266 3187 non
2309 3138 2606 3188 meminent
2629 3138 2712 3189 da·-

1663 3215 1770 3265 νὶησ
1789 3227 1968 3281 preter
1999 3218 2140 3265 istam
2173 3214 2589 3283 significationem
2611 3236 2708 3287 qm

1665 3304 1866 3343 notatur
1902 3294 2142 3345 divinatio
2159 3330 2174 3353 ‚
2219 3312 2326 3344 eam
2365 3312 2570 3362 quoque
2609 3299 2708 3347 vim

1665 3372 1859 3433 habere,
1879 3385 1936 3422 ut
1959 3374 2088 3423 idem
2109 3386 2268 3438 notet,
2289 3375 2429 3440 quod
2449 3378 2709 3442 preclare,

1669 3453 1873 3518 optime.
1913 3454 1996 3503 Sic
2029 3455 2239 3517 Qnfintil.
2269 3458 2292 3503 1
2309 3488 2328 3511 ,
2379 3470 2442 3505 ιο
2464 3472 2478 3506 :
2517 3478 2544 3503 ι
2581 3462 2710 3524 Qu

1671 3532 1844 3583 Cicero
1867 3533 1918 3581 in
1945 3534 2151 3582 Oratore
2179 3534 2343 3583 divine
2367 3538 2537 3586 omnia
2567 3554 2710 3587 exue·

1672 3612 1839 3676 quitur
1854 3635 1892 3661 n.
1915 3612 1994 3661 Sic
2013 3614 2118 3662 Cic.
2135 3613 2198 3660 ad
2217 3616 2281 3677 Q.
2303 3618 2382 3663 Fr.
2399 3616 2450 3663 11
2462 3650 2477 3675 ,
2493 3612 2526 3665 8
2547 3631 2560 3666 :
2581 3640 2608 3659 .-
2623 3620 2710 3667 Se-

1671 3700 1839 3739 natum
1866 3692 1935 3739 ait
1960 3690 2182 3741 divinum
2201 3693 2350 3741 fuisse
2377 3694 2431 3741 in
2456 3696 2708 3759 supplin-

1675 3770 1810 3818 tione
1827 3770 2038 3819 Gabinio
2064 3770 2347 3836 deneganda
2365 3794 2408 3821 »-
2440 3774 2559 3823 Sca.

1742 3864 1796 3913 9.
1831 3849 1992 3910 Quam
2009 3866 2100 3915 ego
2123 3866 2210 3901 xxv
2229 3849 2393 3897 annis.
2421 3852 2560 3914 Quot
2577 3852 2710 3903 iuter

1671 3942 1858 3987 meum,
1887 3938 1938 3975 et
1962 3940 2248 3993 praesentem
2273 3930 2582 3981 consulatum
2613 3950 2707 3983 nu-

1673 4017 1933 4055 merantur.
1952 4010 2188 4055 Gmmm·
2211 4006 2340 4057 Vide
2353 4008 2414 4057 de
2431 4008 2524 4057 hac
2543 4012 2710 4061 futura

1674 4096 1960 4152 tempestate
1979 4102 2060 4153 ep.
2084 4088 2112 4135 3
2132 4120 2149 4147 ,
2164 4086 2253 4137 lib.
2276 4089 2347 4137 IV
2347 4122 2365 4149 ,
2390 4087 2454 4137 ad
2475 4088 2596 4141 Div.
