3019 4681
724 263 789 324 ο
1759 281 1770 294 ι

480 342 619 437 278
1130 345 1228 414 Μ.
1279 343 1356 414 Τ.
1408 343 1963 416 CICERONIS

471 465 757 562 ineptiae
796 462 1082 560 (fateor
1118 467 1311 538 enim
1344 464 1373 562 )
1411 462 1724 538 ferendae
1766 480 1956 537 sunt.
1996 466 2164 536 Non
2191 463 2465 555 habeo,
2503 491 2601 540 ne

408 669 415 674 ὁ
470 599 588 646 me
629 573 925 672 quidem
963 577 1237 675 ipsum,
1289 579 1585 673 quicum
1625 592 1773 648 tam
1815 573 2153 648 audacter
2191 579 2598 648 commuui-

470 707 667 772 cem,
714 708 935 781 quam
980 699 1073 758 te.
1121 689 1193 756 Si
1236 685 1367 756 tibi
1408 709 1570 775 res,
1613 686 1674 756 si
1715 685 1967 757 locus‘·
2001 739 2023 773 ‚
2081 687 2142 756 si
2187 685 2597 758 institutum

470 790 735 888 placet,
772 791 966 892 lege,
998 819 1245 891 quaeso
1272 849 1293 884 ‚
1337 795 1571 893 legem
1592 850 1614 884 ,
1657 795 1983 892 mihique
2035 819 2196 866 eam
2245 797 2471 867 mitte.
2526 799 2598 869 si

471 902 651 999 quid
717 907 793 974 in
848 918 1169 976 mentem
1220 908 1508 993 veniet,
1571 930 1722 1003 quo
1779 905 2000 977 modo
2063 929 2218 976 eam
2275 903 2597 1004 effugere
2679 993 2684 996 Ι

468 1016 865 1109 possimus,
913 1029 1227 1086 utemur.
1270 1014 1376 1088 Ad
1432 1020 1736 1087 Brutum
1775 1015 1848 1086 -si
1887 1013 2066 1113 quid
2109 1013 2416 1102 scribes,
2459 1017 2596 1087 nisi

466 1121 783 1196 alienum
829 1122 1158 1221 putabi5‚
1194 1124 1582 1222 objurgato
1629 1150 1798 1197 eum
1829 1180 1849 1215 ‚
1889 1123 2094 1223 quod
2140 1129 2218 1194 in
2270 1126 2596 1196 Cumano
2685 1151 2690 1158 ’

465 1254 619 1302 esse
664 1231 978 1306 noluerit
1012 1249 1313 1333 propter
1345 1259 1501 1306 eam
1535 1258 1820 1308 causam
1840 1289 1859 1323 ‚
1903 1257 2124 1332 quam
2157 1233 2292 1305 tibi
2329 1231 2511 1305 dixit
2541 1230 2590 1305 ⁵.

464 1342 821 1436 Cogitanti
882 1347 1075 1414 enim
1114 1343 1331 1430 mihi,
1374 1343 1552 1415 nihil
1603 1357 1746 1415 tam
1798 1341 2082 1416 videtur
2129 1343 2447 1440 potuisse
2493 1340 2593 1413 fa·

468 1472 631 1521 cere
668 1454 955 1523 rustice.
1002 1459 1132 1542 Et,
1172 1455 1233 1525 si
1269 1453 1402 1524 tibi
1443 1452 1759 1551 placebit
1811 1455 1915 1525 sic
1961 1476 2170 1549 agere
2225 1451 2318 1524 de
2375 1450 2547 1523 fano
2573 1506 2595 1536 ‚

468 1574 551 1629 ut
592 1566 945 1659 coepimus
967 1618 986 1651 ‚
1028 1562 1245 1633 velim
1281 1563 1665 1635 cohortere
1701 1577 1777 1634 et
1812 1585 2114 1634 exacuas
2143 1557 2588 1636 Cluatium⁶:

466 1693 635 1738 nam
665 1725 685 1757 ‚
745 1673 1019 1745 etiamsi
1068 1672 1211 1744 alio
1250 1671 1415 1745 loco
1476 1672 1789 1771 placebit
1811 1725 1832 1761 ,
1887 1673 2076 1744 illius
2117 1671 2331 1745 nobis
2371 1696 2594 1770 opera

461 1779 911 1878 consilioque
966 1783 1321 1895 utendan
1368 1798 1576 1881 puto.
1631 1787 1743 1854 'I'u
1794 1781 1886 1857 ad
1947 1782 2186 1854 villam
2221 1793 2248 1840 ⁷
2298 1780 2592 1855 fortasse

462 1909 643 1959 cras.

530 2069 585 2117 4.
614 2064 804 2114 Res...
840 2065 995 2114 loeus.
1026 2067 1329 2118 Institutum.
1363 2067 1479 2116 3011.
1640 2068 1692 2116 ⁶.
1719 2065 1981 2116 Cluatium.
2011 2065 2374 2128 Arabim-n,
2401 2064 2465 2114 de
2491 2081 2593 2131 quo
2647 2081 2664 2096 ·

457 2151 515 2188 ut
528 2140 693 2189 sanum
710 2141 819 2205 flat,
836 2141 1021 2194 ubi'flat
1032 2179 1049 2204 ‚
1062 2146 1205 2209 quale
1218 2145 1320 2196 fiat.
1338 2149 1479 2196 Mu.
1570 2162 1741 2211 supra,
1769 2162 1847 2211 ep.
1875 2148 1956 2196 18.

534 2220 583 2268 5.
613 2220 774 2271 Dia-ie.
798 2223 929 2271 Viet.
949 2225 1087 2272 Man.
1108 2225 1277 2276 lamb.
1295 2225 1420 2274 dixi.
1643 2243 1690 2288 7.
1717 2225 1806 2276 Ad
1817 2224 2096 2290 valam-In
2108 2223 2408 2278 suburbano.
2428 2225 2517 2272 En.

2121 2383 2580 2417 mmm-hm

456 2387 1840 2418 mmmmmmmm

968 2580 1553 2663 EPISTOLA
1615 2583 2084 2664 XXXVII.

462 2748 551 2803 De
582 2746 835 2823 acceptis
859 2748 1038 2806 Attici
1067 2761 1127 2807 et
1150 2748 1317 2807 Bruti
1352 2749 1563 2822 literis3
1611 2748 1686 2809 de
1723 2753 1860 2808 loco
1898 2748 1972 2808 ad
2019 2749 2216 2809 fanum
2249 2749 2456 2809 Tulliae
2485 2766 2593 2808 ex·-

542 2842 881 2901 struendum
910 2843 1251 2922 deligend03
1272 2844 1347 2905 de
1368 2846 1656 2905 Terentiae
1679 2848 1946 2925 negotio;
1975 2846 2050 2905 de
2071 2846 2246 2907 Hirtii
2273 2846 2454 2906 literis
2473 2868 2491 2919 3
2519 2846 2593 2904 de

542 2940 772 2999 Caninii
798 2942 1125 3021 naufragio.
1146 2943 1243 3023 (In
1270 2942 1530 3019 Antiati,
1559 2962 1714 3003 anno
1740 2948 1818 3004 U.
1843 2948 1910 3004 C.
1942 2944 2087 3017 708,
2117 2962 2312 3003 meuse
2335 2942 2532 3021 maio.)

1132 3116 1448 3181 CICERO
1494 3114 1820 3181 ATTICO
1866 3116 1932 3181 S.

553 3250 617 3317 A
656 3259 730 3317 te
764 3242 921 3317 heri
963 3243 1142 3318 duas
1178 3246 1515 3345 epistolas
1547 3251 1824 3347 accepi,
1862 3246 2156 3319 alteram
2196 3246 2429 3345 pridie
2464 3242 2608 3315 da-'

459 3368 607 3425 tam
636 3354 917 3444 Hilar0,
954 3355 1251 3427 alteram
1280 3355 1538 3429 eodem
1559 3354 1674 3429 die
1701 3355 2110 3447 tabellario;
2147 3358 2540 3456 accepique
2563 3362 2584 3397 ¹

460 3463 553 3535 ab
584 3469 891 3562 AEgypta
918 3463 1178 3537 liberto
1208 3465 1465 3537 eodem
1486 3466 1604 3538 die
1622 3521 1641 3554 ‚
1669 3465 1914 3538 Piliam
1941 3482 2015 3538 et
2038 3471 2348 3540 Atticam
2377 3464 2593 3565 plane

460 3572 651 3645 belle
672 3600 747 3647 se
776 3573 1067 3647 habere.
1096 3582 1216 3649 Hoe
1236 3576 1501 3649 literae’
1531 3576 1711 3649 mihi
1737 3575 2030 3651 redditae
2052 3592 2222 3649 sunt
2251 3573 2593 3650 tertiode-

542 3758 587 3789 1.
634 3744 923 3809 Accepique.
958 3748 999 3793 Ι.
1039 3762 1082 3793 e.
1124 3746 1291 3794 audivi
1322 3764 1335 3793 τ
1384 3762 1485 3795 non
1575 3749 1775 3805 Romae,
1813 3746 1890 3796 vel
1923 3747 1977 3795 in
2020 3746 2327 3803 suburbano,
2363 3744 2595 3795 tredecim

462 3824 591 3868 enim
617 3824 659 3867 ia
675 3822 835 3871 litem
860 3824 1101 3873 attulerat.
1138 3826 1269 3873 Male
1287 3825 1487 3890 quidam
1577 3825 1680 3875 die·
1717 3840 1827 3873 enm
1847 3860 1865 3885 ‚
1909 3824 1998 3889 qui
2019 3824 2196 3883 ,Attici
2241 3824 2403 3873 literae
2443 3823 2558 3871 tulit
2577 3858 2594 3883 ‚

461 3916 555 3963 pro
572 3900 743 3948 liberto
762 3902 941 3950 habent
957 3900 1137 3952 litera's.
1165 3907 1258 3953 En.
1569 3905 1761 3953 tanmlo
1776 3905 1828 3952 in
1840 3904 2013 3952 itinere
2024 3904 2409 3967 consumpsisse:
2429 3903 2595 3967 itaque

533 3996 581 4028 a.
636 3980 925 4029 Incredibile
979 3982 1171 4031 videtur
1219 3984 1474 4044 Manutio,
1570 3984 1624 4031 id
1645 3982 1970 4048 imprudentia
1989 3983 2273 4033 translatum
2291 4000 2353 4031 ex
2378 3982 2469 4029 alia
2489 3982 2590 4045 epi-

456 4075 605 4123 quum
627 4060 801 4109 Cicero
820 4072 945 4109 esset
962 4062 1015 4109 in
1040 4062 1225 4111 Am'uti
1246 4099 1263 4125 ,
1288 4063 1481 4111 Atticus
1570 4064 1694 4111 stola
1749 4074 1906 4127 putat.
1959 4054 2163 4112 schiiu.
2219 4062 2438 4129 reposuit
2481 4072 2594 4127 post
