3019 4681
679 429 1220 500 EPISTOLAE
1261 431 1402 497 AD
1451 429 1959 516 ATTICUM‚
2003 433 2103 518 X,
2156 430 2224 501 8.
2384 431 2515 518 145
2605 443 2611 450 “
2686 439 2693 452 ’

393 549 1022 624 familiarissimum
1079 575 1324 624 meum
1347 605 1368 641 ‚
1420 551 1613 640 misi,
1660 565 1743 622 ut
1793 550 1973 622 mihi
2015 576 2288 650 magnae
2330 577 2517 626 curae

389 677 586 734 tuam
629 662 850 732 vitam
878 686 961 732 ac
997 660 1418 757 dignitatem
1457 684 1613 732 esse
1650 660 1889 732 scires,

483 771 756 843 Eodem
792 769 908 843 die
943 795 986 842 a
1022 773 1294 844 Caesare
1320 771 1746 844 Philotimus
1783 770 2053 860 attulit,
2092 771 2237 844 hoc
2272 798 2513 846 exem-

441 881 516 952 10
547 910 564 952 :

389 907 440 980 p
806 1019 1106 1086 CAESAR
1143 1019 1326 1086 ΙΜΡ.
1360 1019 1777 1086 CICERONI
1822 1019 1995 1086 lMP.
2041 1021 2107 1086 S.

487 1193 652 1259 ETSI
699 1201 771 1257 te
812 1187 989 1257 nihil
1039 1203 1305 1260 temere
1327 1242 1348 1278 ‚
1391 1157 1576 1258 nillil
1616 1187 2119 1287 imprudenter
2164 1187 2524 1262 facturum

385 1297 785 1392 judicaram
807 1349 828 1386 ‚
872 1313 1114 1368 tamen
1141 1311 1517 1395 permotus
1541 1297 1919 1368 hominum
1950 1295 2173 1384 fama,
2209 1298 2527 1370 scriben-

393 1407 570 1479 dum
605 1406 697 1478 ad
731 1421 804 1478 te
843 1408 1276 1496 existimavi,
1317 1422 1389 1479 et
1427 1433 1561 1505 pro
1600 1422 1847 1480 nostra
1886 1405 2370 1481 benivolentia
2403 1433 2527 1508 pe·-

398 1516 739 1604 tendum,
775 1540 870 1586 ne
913 1541 1064 1614 quo
1109 1517 1684 1616 progredereriS,
1737 1518 2183 1616 proclinata¹
2226 1519 2374 1616 jam
2411 1545 2528 1607 re,

279 1648 289 1656 ·
394 1651 544 1724 quo
565 1638 620 1713 ²,
662 1630 943 1724 integra
987 1630 1239 1716 etiam,
1279 1627 2065 1725 progrediendum,tibi
2100 1653 2251 1699 non
2290 1632 2529 1701 existi-

395 1761 682 1808 masses.
724 1739 1052 1834 Namque
1087 1752 1162 1808 et
1191 1739 1516 1809 amicitiae
1548 1740 1946 1835 graviorem
1976 1739 2314 1834 injuriam
2341 1738 2530 1810 fece-

398 1851 532 1936 riS,
573 1862 646 1917 et
679 1845 812 1918 tibi
852 1848 1096 1918 minus
1139 1846 1523 1919 commode
1570 1849 2053 1936 consulueriS‚
2097 1851 2155 1918 si
2186 1873 2338 1918 non
2379 1847 2533 1919 for-

397 1971 592 2028 tunae
631 1957 1087 2054 obsequutus
1113 1955 1453 2030 videbere
1485 1957 1771 2054 (omnia
1796 1958 1988 2028 enim
2019 1958 2534 2030 secundissima

395 2066 636 2149 nobis,
680 2066 1174 2138 adversissima
1213 2067 1350 2138 illis
1386 2067 1723 2139 accidisse
1751 2067 2165 2165 videntur),
2202 2092 2335 2139 nec
2365 2091 2534 2139 cau-

397 2201 546 2247 sam
579 2189 932 2272 sequutus
959 2175 1252 2272 (eadem
1277 2180 1467 2248 enim
1499 2192 1658 2249 tum
1688 2175 1851 2265 suit,
1891 2201 2117 2274 quum
2156 2174 2249 2248 ab
2282 2201 2537 2248 eorum

353 2297 357 2302 ’
399 2287 720 2359 consiliis
753 2287 1002 2360 abesse
1039 2287 1461 2385 judicasti),
1503 2286 1629 2359 sed
1657 2310 1901 2359 meum
1940 2284 2238 2385 aliquod
2270 2285 2539 2359 factum
2644 2319 2655 2328 -

400 2397 1040 2481 condemnavisse3
1083 2422 1232 2496 quo
1269 2396 1450 2469 mihi
1486 2397 1767 2494 gravius
1803 2396 1931 2469 abs
1963 2412 2036 2468 te
2080 2397 2184 2468 nil
2220 2396 2540 2469 accidere

400 2520 661 2604 potest.
705 2505 924 2596 Quod
953 2532 1044 2578 ne
1081 2506 1298 2579 facias
1319 2560 1340 2597 ‚
1382 2532 1517 2605 pro
1560 2508 1721 2603 jure
1756 2522 2019 2578 nostrae
2050 2508 2370 2578 amicitiae
2398 2532 2441 2578 a
2466 2520 2541 2580 te

401 2631 592 2714 peto,
648 2621 1063 2705 Posti-eme,
1108 2617 1284 2716 quid
1331 2618 1488 2687 viro
1537 2616 1737 2688 bono
1788 2631 1860 2688 et
1906 2618 2186 2713 quieto,
2226 2632 2297 2687 et
2340 2615 2541 2689 bono

405 2727 542 2797 civi
568 2726 794 2825 magis
833 2731 1170 2798 convenit
1192 2781 1211 2816 ,
1255 2752 1473 2825 quam
1507 2726 1755 2799 abesse
1793 2752 1836 2798 a
1878 2727 2206 2799 civilibus
2245 2741 2543 2800 contro-

401 2837 700 2909 versiis?
753 2836 952 2935 quod
1011 2838 1345 2909 nonnulli
1401 2862 1631 2936 quum
1684 2836 2083 2935 probarent
2104 2891 2124 2925 ‚
2183 2839 2483 2936 periculi
2508 2834 2537 2881 ³

403 2970 614 3019 causa
640 2947 846 3044 sequi
871 2971 1022 3018 non
1053 2961 1474 3045 potuerunt.
1499 2952 1647 3037 Tu,-
1684 2948 2058 3046 explorato
2082 2962 2155 3019 et
2182 2948 2343 3018 vitae
2368 2972 2543 3018 meae

405 3057 854 3146 testimonio,
891 3072 965 3128 et
1001 3056 1328 3128 amicitiae
1362 3056 1639 3153 judicio
1661 3112 1681 3145 ‚
1726 3081 1966 3154 neque
2004 3056 2266 3143 tutius,
2302 3080 2543 3153 neque

405 3167 777 3239 honestius
809 3168 1126 3263 reperies
1161 3167 1560 3265 quidquam
1580 3222 1599 3257 ‚
1634 3190 1855 3265 quam
1886 3165 1979 3237 ab
2011 3169 2211 3237 omni
2242 3180 2543 3237 conten-

407 3279 605 3349 tione
648 3276 918 3349 abesse.
955 3301 1045 3346 xv
1074 3276 1206 3348 kal.
1237 3280 1398 3348 mai.
1439 3302 1529 3349 ex
1566 3278 1846 3349 itinere.

485 3473 531 3505 1.
557 3456 861 3507 Pro-ennaea.
884 3457 978 3505 Ed.
995 3458 1140 3505 Rom.
1170 3456 1430 3508 inclinata.
1596 3454 1649 3508 3.
1682 3456 1904 3505 Periculi.
1926 3460 1973 3506 A
1990 3454 2224 3520 Pompeio
2242 3454 2326 3513 iis,
2357 3454 2443 3519 qui
2465 3470 2543 3503 re-

407 3535 577 3584 Edidit
611 3536 823 3600 primum
857 3538 1098 3590 Jensouus
1113 3534 1400 3601 proch'nata
1413 3572 1432 3595 ‚
1522 3536 1807 3585 mansissent
1829 3572 1845 3597 ,
1886 3534 2173 3583 denuntiati.
2210 3532 2301 3582 Vel
2340 3534 2395 3581 in
2439 3534 2545 3583 aliis

408 3614 544 3679 quod
568 3614 730 3663 verim
749 3614 846 3662 hoc
866 3616 981 3663 loco
1003 3615 1220 3673 videtur,
1245 3626 1294 3663 et
1318 3615 1436 3663 scri-
1520 3616 1663 3664 bellis
1702 3614 1923 3663 civilibus
1948 3613 2089 3661 multi
2117 3612 2339 3662 fecissent
2365 3613 2415 3661 id
2431 3648 2449 3677 ,
2480 3613 2545 3661 ad

409 3704 550 3758 ptum
576 3693 723 3740 etiam
750 3693 843 3742 fuit
860 3710 888 3741 a
914 3694 1102 3743 Caeuare
1117 3728 1133 3752 ,
1151 3694 1276 3743 Bell.
1300 3693 1432 3743 Gall.
1523 3694 1659 3759 quod
1684 3704 1731 3742 te
1763 3693 1966 3751 hortor,
1986 3692 2027 3739 si
2054 3702 2162 3740 tuto
2180 3691 2263 3754 id,
2286 3704 2342 3742 ut
2363 3704 2418 3742 tu
2435 3727 2451 3753 ,
2471 3693 2545 3741 fa-

409 3774 533 3831 vn,
557 3782 640 3830 42.
665 3774 698 3821 J
701 3808 714 3821 .
735 3776 798 3821 V.
821 3776 885 3844 ¹11.
1523 3791 1633 3823 cere
1650 3776 1923 3839 potuissent
1942 3785 1956 3820 :
1980 3770 2065 3819 sed
2086 3788 2236 3835 quum
2256 3772 2459 3822 alterum
2484 3788 2545 3821 ex

481 3868 531 3901 2.
551 3854 846 3917 Quo.Vulgo
864 3870 991 3917 qua,
1025 3852 1148 3901 male
1168 3868 1184 3914 ;
1201 3868 1433 3917 nampro-
1525 3853 1732 3901 ducibus
1753 3852 1930 3899 iratum
1962 3848 2216 3910 haberent,
2245 3853 2403 3902 eoacti
2432 3861 2549 3900 sunt

409 3932 734 3996 grediendum
752 3933 973 3983 absolute
995 3933 1096 3982 dici
1121 3950 1223 3983 non
1250 3944 1432 3999 potest.
1522 3934 1665 3983 bellis
1690 3934 1931 3981 interesse.
1958 3933 2193 3983 Gonu».
2466 3926 2469 3929 ⁴

1219 4124 1791 4155 ——w—

621 4254 746 4320 ΙΙΙ.
804 4267 892 4313 Cic.
919 4284 1031 4331 pars
1062 4278 1238 4330 quana.
2222 4271 2303 4314 10
