3019 4681
628 431 1171 500 EPISTOLAE
1220 433 1359 501 AD
1410 437 1921 525 ATTlcmvf,
1968 444 2129 528 XV,
2179 444 2290 514 26.
2395 446 2530 542 467

398 613 1505 639 mmmmmmmssnmm
1520 621 1700 641 §mm
1707 623 2074 645 mmfium
2081 629 2166 645 m
2173 629 2262 648 m
2268 630 2541 651 mmssfflh

966 785 1570 864 EPISTOLA
1643 790 1972 868 XXVI.

396 961 488 1017 De
507 958 680 1016 variis
704 959 947 1037 negotiis
970 958 1315 1036 domesticis,
1334 973 1395 1017 et
1420 958 1495 1018 de
1523 961 1708 1020 literis
1737 983 1769 1020 a
1796 968 1976 1023 Bruto
2004 969 2272 1044 acceptis.
2300 971 2394 1046 (In
2425 979 2534 1030 Ar-

798 1056 1015 1134 pinati,
1062 1075 1213 1114 anno
1242 1061 1316 1115 U.
1354 1061 1418 1116 C.
1448 1077 1596 1134 709,
1633 1079 1826 1118 mense
1853 1061 2142 1140 quintili.)

1082 1225 1397 1312 emmo
1446 1227 1758 1293 ATnco
1805 1229 1868 1293 s,

496 1369 608 1434 DE
646 1364 902 1454 Quinti
939 1367 1232 1460 negotio
1274 1361 1486 1434 video
1534 1389 1574 1434 a
1610 1378 1682 1434 te
1721 1364 1966 1434 omnia
2005 1361 2209 1437 facta.
2259 1368 2388 1442 Ille
2435 1385 2540 1441 ta-

402 1499 576 1544 men
608 1471 843 1561 dolet‚
890 1472 1266 1561 dubitans,
1303 1488 1553 1542 utrum
1602 1498 1879 1544 morem
1909 1489 2106 1571 gerat
2135 1481 2412 1575 Leptae,
2450 1507 2542 1552 an

399 1581 623 1654 fidem
658 1579 977 1652 infirmet
1005 1581 1177 1652 Silio
1208 1593 1255 1651 ¹.
1298 1581 1628 1653 Inaudivi
1655 1585 1732 1653 L.
1765 1584 2100 1655 Pisonem
2131 1587 2312 1660 velle
2351 1593 2542 1664 exire

400 1688 717 1785 legatum
753 1683 1191 1787 ψευδεγγροίφῳ
1221 1699 1248 1730 ²
1308 1689 1956 1760 senatusconsulto.
2018 1692 2253 1762 Velim
2321 1700 2540 1781 scire,

400 1799 577 1898 quid
614 1802 725 1870 sit.
764 1797 1204 1871 Tabellarius
1247 1797 1403 1886 ille,
1441 1823 1663 1896 quem
1702 1798 1831 1868 tibi
1880 1797 2196 1870 dixeram
2225 1827 2264 1872 a
2301 1829 2416 1874 me
2453 1804 2544 1874 ad

398 1915 705 1982 Brutum
734 1933 886 1981 esse
916 1911 1216 1980 missum
1254 1911 1328 1978 in
1369 1911 1825 2005 Anagninum
1848 1963 1869 1996 ,
1911 1909 2002 1980 ad
2041 1935 2158 1982 me
2206 1915 2405 1983 venit
2461 1938 2542 1984 ea

398 2037 616 2092 nocte
640 2077 659 2108 ‚
700 2045 865 2119 quae
900 2023 1229 2118 proxima
1266 2033 1433 2090 ante
1469 2018 1607 2090 kal.
1649 2017 1828 2106 fuit,
1855 2018 2252 2116 'literasque
2295 2021 2381 2090 ad
2427 2047 2542 2094 me

400 2131 641 2202 attulit
686 2158 701 2201 :
753 2133 828 2201 in
886 2129 1153 2228 quibus
1214 2153 1441 2200 unum
1500 2129 1815 2200 alienum
1864 2152 2142 2200 summa
2193 2153 2322 2200 sua
2367 2155 2540 2228 pru-

399 2239 643 2313 dentia
673 2239 782 2340 [id
814 2257 921 2312 est
939 2237 1203 2340 illud-³]
1224 2295 1243 2328 ‚
1276 2256 1360 2312 ut
1388 2255 1706 2338 spectem
1736 2239 1944 2310 ludos
1965 2265 2153 2310 suos.
2183 2243 2542 2343 Rescripsi

399 2352 699 2439 scilicet,
730 2354 1043 2451 primum
1076 2376 1191 2423 me
1217 2353 1366 2446 jam
1406 2349 1852 2447 profectum,
1879 2366 1962 2421 ut
1995 2375 2144 2421 non
2174 2353 2538 2450 integrum

401 2460 532 2546 sit3
569 2458 777 2548 dein,
818 2462 1226 2528 ἀτοπώτατον
1252 2460 1281 2507 4
1317 2480 1505 2543 esse,
1539 2480 1653 2527 me
1678 2512 1697 2544 ‚
1739 2458 1869 2554 qui
1903 2461 2204 2527 Romam
2236 2461 2539 2531 omnino

398 2583 569 2667 post
619 2568 773 2639 haec
816 2592 1013 2639 arma
1058 2590 1209 2638 uon
1265 2568 1682 2637 accesserim
1703 2620 1721 2653 ‚
1769 2590 2010 2662 neque
2054 2564 2126 2635 id
2166 2580 2309 2637 tam
2350 2572 2540 2665 peri-

402 2678 550 2749 culi
594 2680 739 2748 mei
782 2700 990 2748 causa
1044 2674 1333 2747 fecerim
1368 2730 1387 2761 ‚
1444 2700 1662 2773 quam
1714 2674 2122 2773 dignitatis,
2165 2676 2409 2748 subito
2452 2678 2542 2748 ad

403 2786 615 2859 ludos
641 2788 911 2859 venire.
946 2786 1095 2856 Tali
1128 2786 1323 2856 enim
1357 2802 1684 2883 tempore
1713 2839 1734 2872 ,
1782 2784 1996 2856 ludos
2025 2782 2260 2859 facere
2286 2786 2394 2871 illi⁸
2413 2788 2541 2858 ho-

402 2912 689 2969 nestum
731 2912 883 2985 est,
934 2898 1051 2968 cui
1092 2920 1385 2967 necesse
1426 2910 1570 2981 est3
1615 2909 1976 2992 spectare,
2017 2896 2197 2965 mihi
2251 2911 2335 2966 ut
2385 2922 2539 2968 non

404 3024 511 3079 est
544 2992 877 3096 necesse,
920 3009 1020 3077 sic
1058 3031 1192 3078 nec
1244 3004 1632 3077 honestum
1674 3004 1967 3101 quidem
2011 3020 2138 3077 est.
2180 3007 2538 3103 Equidem

334 3168 339 3173 ,
403 3118 561 3188 illos
610 3116 1001 3204 celebrari,
1062 3131 1133 3187 et
1184 3140 1337 3188 esse
1370 3140 1589 3213 quam
1635 3117 2072 3212 gratissimos
2117 3116 2538 3187 mirabiliter

404 3226 659 3325 cupi03
695 3226 915 3326 idque
944 3228 1040 3298 ita
1072 3224 1398 3297 fiiturum
1433 3250 1586 3297 esse
1618 3225 1909 3296 confido
1944 3253 1960 3293 :
1995 3239 2069 3296 et
2095 3238 2334 3295 tecum
2370 3250 2538 3324 age,

406 3352 485 3408 ut
520 3339 670 3433 jam
714 3339 805 3410 ab
848 3340 1005 3437 ipsa
1042 3340 1547 3409 commissione
1587 3334 1676 3407 ad
1726 3362 1872 3422 me,
1919 3333 2536 3434 quemadmodum

403 3451 881 3546 accipiantur3
920 3446 1181 3520 deinde
1208 3450 1511 3518 omnino
1541 3445 1990 3543 reliquorum
2027 3442 2180 3515 dies
2217 3443 2535 3541 singulos

404 3582 855 3657 persequare.
895 3557 1032 3630 Sed
1071 3557 1159 3628 de
1192 3556 1379 3628 ludis
1416 3556 1784 3625 hactenus,
1839 3556 2140 3651 Reliqua
2183 3578 2348 3651 pars
2384 3558 2534 3655 epi-

406 3666 653 3739 stolae⁵
690 3683 799 3739 est
840 3668 963 3739 illa
1006 3668 1301 3765 quidem
1337 3668 1415 3736 in
1453 3681 1838 3763 utramque
1881 3680 2156 3763 partem
2201 3692 2218 3734 τ
2261 3666 2390 3737 sed
2431 3682 2535 3739 ta·

407 3802 569 3850 men
597 3780 991 3851 nonnullos
1016 3778 1379 3850 interdum
1402 3777 1578 3873 jacit
1613 3776 1969 3873 igniculos
2009 3775 2282 3866 virile-„⁷03
2337 3780 2536 3875 quod

480 3962 501 3993 1
514 3980 525 3991 .
547 3947 683 3995 Vett-
709 3945 824 3993 edd.
839 3944 953 4013 filio
973 3982 987 4005 ,
1010 3956 1059 3993 et
1076 3945 1147 3993 sie
1165 3946 1360 3992 Erum.
1590 3951 1639 3998 4.
1655 3928 2430 3992 &ammomum-dissimum.

473 4038 523 4072 α.
544 4018 929 4093 Ψευδαγγράφῳ.
948 4024 1087 4073 Falso
1106 4024 1397 4090 perscripto.
1589 4023 1638 4070 5.
1680 4020 1885 4085 Reliqua
1917 4034 2038 4083 pars
2076 4022 2294 4085 epistola
2344 4034 2427 4082 cse-
2449 4022 2536 4069 illo

478 4104 526 4151 3.
550 4105 649 4151 Alit
665 4140 679 4162 ‚
710 4126 737 4147 ιι
754 4104 887 4151 idem
910 4103 1033 4153 illud
1058 4126 1107 4153 n.
1153 4104 1425 4167 Utrumque
1515 4100 1710 4165 quidem
1749 4100 1797 4146 in
1840 4110 2097 4163 utramque
2123 4110 2339 4166 partem.
2377 4104 2535 4163 Quam

414 4182 639 4245 spurium.
662 4187 717 4233 J.
742 4186 809 4231 V.
843 4184 897 4231 1..
1513 4180 1575 4229 ad
1607 4194 1684 4227 me
1719 4180 1896 4227 Brutus
1929 4178 2074 4227 misit.
2101 4184 2248 4229 Μιισ.

2175 4266 2288 4335 30.
