3019 4681
517 370 660 459 548
1161 376 1258 444 Μ.
1310 375 1388 443 Τ.
1439 374 2002 445 CICERONIS

513 494 946 580 iracundiae;
1003 516 1386 592 quumque
1439 520 1525 567 ea
1580 498 1887 567 maxime
1942 497 2265 567 animum
2324 511 2652 587 moveat,

514 621 674 678 tum
718 605 852 678 tibi
903 628 1058 684 esse
1113 606 1657 704 diligentissime
1714 607 2035 702 linguam
2080 603 2591 677 continendam
2626 634 2645 676 ε

515 742 678 814 quae
731 715 1028 815 quidem
1069 715 1248 786 mihi
1291 717 1519 788 virtus
1573 742 1725 787 non
1776 716 2145 787 interdum
2182 717 2425 789 minor
2459 714 2653 787 vide-

513 841 653 911 tur,
699 851 922 923 quam
951 826 1271 924 'omnino
1313 852 1468 898 non
1509 828 1735 898 irasci.
1782 830 1963 898 Nam
2003 825 2183 897 illud
2218 851 2374 897 non
2412 826 2647 896 solum

514 950 625 1009 est
653 936 1017 1031 gravitatis
1036 988 1056 1022 ‚
1087 934 1214 1007 sed
1243 960 1801 1034 nonnumquam
1835 938 2051 1007 etiam
2089 934 2648 1024 lentitudinis9¹;

514 1047 878 1117 moderari
903 1069 1077 1115 vero
1111 1060 1183 1116 et
1219 1052 1464 1117 animo
1487 1100 1507 1133 ‚
1532 1061 1607 1118 et
1642 1047 1989 1136 orationi,
2019 1070 2249 1143 quum
2275 1050 2368 1116 sis
2396 1048 2647 1130 iratus,

515 1170 646 1228 aut
685 1159 900 1227 etiam
947 1169 1226 1244 tacere,
1271 1172 1344 1228 et
1389 1171 1641 1228 tenere
1680 1157 1755 1227 in
1798 1180 1927 1229 sua
1972 1169 2327 1254 potestate
2366 1168 2647 1225 motum

513 1266 737 1337 animi
778 1280 849 1336 et
901 1263 1226 1337 dolorem
1253 1321 1272 1355 ‚
1321 1272 1458 1361 etsi
1509 1292 1663 1339 non
1712 1282 1822 1338 est
1868 1264 2201 1365 perfectae
2246 1266 2645 1364 sapientiae,

511 1392 754 1447 tamen
788 1390 897 1446 est
929 1400 1076 1447 non
1111 1377 1494 1450 mediocris
1524 1378 1815 1474 ingenii.
1842 1380 2077 1473 Atque
2108 1377 2183 1446 in
2217 1375 2359 1447 hoc
2384 1398 2649 1471 genere

513 1486 750 1557 multo
795 1500 868 1556 te
912 1510 1068 1558 esse
1109 1486 1260 1581 jam
1302 1487 1877 1559 commodiorem
1910 1486 2417 1581 mitioremque
2455 1506 2649 1553 nun—
2754 1515 2759 1519 ·

515 1599 720 1667 tiant.
756 1596 985 1668 Nullae
1026 1610 1168 1668 tuae
1213 1596 1792 1678 vehementiores
1833 1595 2053 1665 animi
2094 1594 2649 1679 concitationes,

513 1706 716 1777 nulla
753 1705 1134 1778 maledicta
1173 1706 1262 1779 ad
1303 1732 1484 1793 nos,
1523 1707 1739 1777 nulloe
1781 1704 2235 1777 contumeliae
2271 1699 2653 1801 perferun-

516 1829 640 1887 tur
671 1841 688 1885 :
727 1840 892 1912 quae
943 1840 1174 1913 quum
1210 1815 1615 1890 abhorrent
1642 1841 1684 1887 a
1723 1816 1988 1901 literis,
2034 1813 2128 1888 ab
2165 1813 2653 1899 humanitate,

517 1938 678 1996 tum
721 1947 896 1995 vero
952 1930 1308 1997 contraria
1353 1940 1525 1999 sunt
1564 1925 1876 2023 imperio
1924 1946 2009 1995 ac
2059 1921 2413 2021 dignitati.
2466 1922 2653 1991 Nam

517 2035 579 2105 si
615 2032 1108 2131 implacabiles
1149 2034 1535 2108 iracundiae
1575 2036 1756 2122 sint,
1794 2056 2074 2105 summa
2116 2046 2229 2103 est
2260 2028 2651 2115 acerbitas3

515 2145 626 2213 sin
671 2156 912 2213 autem
940 2137 1380 2232 exorabileS‚
1412 2166 1691 2215 summa
1723 2144 2007 2215 levitas:
2052 2166 2215 2239 quae
2251 2155 2493 2212 tamen
2526 2139 2656 2235 (ut

517 2251 596 2321 in
632 2250 882 2346 malis)
915 2250 1292 2324 acerbitati
1327 2252 1841 2352 anteponenda
1873 2266 2003 2323 est.

617 2359 755 2432 Sed
810 2364 1156 2458 quoniam
1189 2366 1474 2463 primus
1518 2388 1754 2436 annus
1798 2362 2057 2435 habuit
2090 2360 2183 2433 de
2231 2359 2369 2433 hac
2402 2384 2653 2459 repre-

517 2469 872 2562 hensione
897 2471 1295 2569 plurimum
1323 2475 1679 2545 sermonis
1700 2527 1721 2560 ‚
1748 2471 1969 2544 credo
1994 2485 2382 2572 pippterea
2398 2524 2419 2557 ,
2452 2468 2655 2566 quod

515 2578 650 2650 tibi
679 2578 1062 2652 hominum
1091 2583 1405 2679 injuriae,
1439 2583 1641 2681 quod
1671 2584 1977 2654 avaritiae
1998 2636 2017 2670 ‚
2044 2581 2245 2679 quod
2274 2579 2656 2652 insolentia

519 2703 780 2787 praeter
818 2690 1241 2786 opinionem
1291 2691 1664 2765 accidebat
1682 2747 1703 2780 ‚
1742 2707 1815 2764 et
1851 2689 2323 2763 intolerabilis
2356 2688 2655 2762 videba-

519 2811 680 2886 tur3
723 2797 1082 2872 secundus
1130 2817 1376 2876 autem
1425 2803 1658 2874 multo
1708 2802 1962 2890 lenior,
2004 2799 2211 2899 quod
2242 2814 2317 2872 et
2354 2823 2657 2872 consue-

519 2907 702 2980 tudo
721 2961 742 2992 ,
791 2923 866 2980 et
899 2911 1122 2997 ratio,
1157 2925 1232 2984 et
1271 2914 1402 3010 (ut
1437 2936 1574 3011 ego
1606 2911 1963 3008 arbitror)
2008 2935 2185 2982 meae
2226 2933 2525 3007 quoque
2564 2908 2655 2979 li-

518 3031 690 3088 terae
740 3030 812 3088 te
860 3021 1366 3120 patientiorem
1423 3023 1921 3120 lenioremque
1972 3019 2347 3093 fecerunt:
2400 3022 2655 3092 tertius

519 3151 752 3198 annus
789 3129 887 3200 ita
925 3153 1078 3204 esse
1113 3130 1332 3204 debet
1367 3131 1791 3205 emendatus
1810 3185 1829 3221 ‚
1859 3148 1943 3205 ut
1970 3157 2067 3204 ne
2099 3131 2472 3202 minimam
2498 3131 2655 3230 qui·

517 3236 684 3309 dem
743 3261 897 3310 rem
949 3244 1335 3341 quisquam
1396 3248 1621 3343 possit
1672 3243 1896 3316 ullam
1942 3239 2502 3342 reprehendere.
2556 3246 2657 3314 Ac

510 3349 663 3444 jam
707 3347 850 3422 hoc
888 3349 1052 3423 loco
1089 3379 1242 3426 non
1279 3352 1693 3426 hortatione
1716 3407 1735 3442 ,
1782 3377 2021 3452 neque
2060 3351 2436 3452 praeceptis
2455 3406 2476 3439 ‚
2524 3349 2657 3422 sed

517 3457 858 3556 precibus
895 3474 1135 3536 tecum
1175 3461 1511 3536 fraternis
1544 3488 1721 3562 ago;
1752 3478 1989 3535 totum
2018 3477 2103 3534 ut
2127 3462 2493 3548 animum,
2526 3485 2653 3534 cu·
2760 3532 2770 3542 ,

515 3591 709 3655 ram,
745 3573 1408 3671 cogitationemque
1448 3588 1651 3645 tuam
1694 3597 1925 3674 ponas
1966 3575 2043 3643 in
2075 3576 2405 3644 omnium
2440 3569 2655 3642 laude

517 3669 842 3773 undique
899 3680 1322 3779 colligenda.
1375 3682 1595 3774 Quod
1642 3687 1702 3756 si
1749 3686 1829 3755 in
1877 3682 2227 3754 mediocri
2266 3695 2461 3753 statu
2505 3705 2654 3752 ser·

515 3786 757 3856 monis
799 3811 882 3859 ac
927 3791 1450 3887 praedicationis
1493 3808 1758 3865 nostrae
1808 3817 1929 3866 res
1974 3805 2213 3864 essent
2245 3816 2264 3878 ;
2302 3789 2480 3862 nihil
2524 3787 2655 3860 abs

515 3907 588 3964 te
627 3897 1008 3989 eximium,
1043 3902 1226 3974 nihil
1261 3917 1517 4000 praeter
1550 3904 1855 3996 aliorum
1887 3899 2484 3974 consuetudinem
2518 3921 2653 3996 po-

583 4109 670 4156 9¹·
689 4097 1170 4157 Lemieeedsnisxide
1185 4106 1334 4156 Tm.
1349 4107 1440 4165 w,
1463 4121 1546 4169 ¹9·
