3019 4681
695 373 1213 442 EPISTOLAE
1259 375 1393 444 AD
1443 378 1944 464 ΑΤΤΙΟΗΜ,
1978 378 2168 464 x11,
2221 401 2286 444 α.
2418 399 2558 470 229

424 515 637 588 spero
658 547 679 580 ‚
718 491 809 564 de
851 495 965 566 via
991 509 1186 566 recta
1206 494 1299 567 ad
1324 521 1459 570 me.
1495 499 1722 571 Simul
1749 503 1947 572 enim
1967 513 2040 570 et
2066 498 2258 571 diem
2285 501 2550 594 Tyran-

421 603 699 673 nioni¹²
734 605 1295 695 constituemus,
1330 621 1402 678 et
1438 609 1497 680 si
1535 609 1712 707 quid
1743 609 1962 682 aliud.

496 781 577 814 ια.
618 765 933 829 Tyrannioni.
977 771 1331 820 Grammaticus
1352 773 1445 821 fuit
1531 775 1620 824 lib.
1643 777 1722 832 11,
1742 778 1884 840 epist.
1909 772 2229 824 1.Deeodem
2246 772 2392 821 etiam
2410 771 2554 837 epist.

420 843 666 905 eruditus,
692 845 779 910 qui
796 845 978 896 librum
1004 849 1224 914 scripsit,
1248 849 1311 899 de
1341 867 1444 916 quo
1534 854 1567 912 4
1590 864 1640 902 et
1667 849 1725 913 8,
1742 853 1832 902 lib.
1852 855 1942 902 IV.
1965 852 2118 902 Simul
2145 851 2272 901 diem
2292 851 2558 900 coustitue-

420 925 561 988 epitt.
583 925 697 974 &12
714 924 881 974 docuit
896 929 960 990 Q.
974 927 1255 978 Ciceronem
1268 929 1443 992 filium,
1529 947 1664 988 mus,
1685 948 1786 1006 quo
1812 931 1892 980 die
1917 947 2058 980 suum
2084 930 2266 980 librum
2295 929 2556 1018 legendum

422 1012 475 1049 ut
500 1002 717 1067 legitur’
699 1020 753 1051 m
780 1005 985 1070 epistola
1012 1005 1075 1056 nd
1113 1010 1181 1071 Q.
1212 1007 1441 1067 fratrum,
1531 1009 1674 1058 nobis
1697 1001 1794 1059 det.
1815 1010 1969 1076 Epist.
1989 1011 2038 1059 5.
2061 1011 2207 1058 mn.

417 1191 1614 1220 mmmmm-mmmmm

2001 1199 2184 1220 mm
2189 1199 2555 1220 mmmm

1063 1371 1668 1456 EPISTOLA
1735 1375 1900 1454 III.

418 1547 508 1604 De
540 1543 727 1605 tribus
752 1548 1010 1625 pecunia
1040 1567 1075 1606 a
1100 1553 1337 1608 Metone
1366 1547 1664 1628 exigendae
1691 1549 2140 1609 conditionibus,
2190 1549 2301 1630 (In
2329 1555 2556 1610 Tuscu-

906 1647 1041 1704 lano
1062 1688 1080 1718 ,
1110 1667 1263 1706 anno
1284 1651 1362 1707 U.
1385 1650 1449 1706 C.
1472 1664 1583 1722 707
1603 1689 1620 1720 ,
1649 1666 1842 1706 mense
1860 1647 2074 1725 junio.)

1101 1815 1413 1880 CICERO
1458 1814 1780 1880 ATTICO
1825 1816 1888 1878 S.

512 1965 743 2034 Unum
770 1977 839 2033 te
878 1977 1060 2060 puto
1097 1965 1336 2036 minus
1366 1962 1713 2035 blandum
1749 1987 1904 2034 esse
1926 2017 1944 2050 ‚
1983 1985 2204 2060 quam
2245 1983 2400 2048 me3
2437 1974 2550 2047 et,

416 2071 475 2140 si
512 2085 819 2168 uterque
859 2087 1190 2144 nostrum
1232 2089 1343 2144 est
1378 2072 1768 2171 aliquando
1811 2072 2149 2144 adversus
2183 2070 2505 2169 aliquem
2532 2125 2550 2158 ‚

417 2181 607 2252 inter
642 2203 777 2252 nos
814 2197 1006 2255 certe
1030 2208 1431 2280 numquam
1462 2209 1734 2256 sumus.
1777 2181 1960 2254 Audi
1999 2185 2222 2281 igitur
2253 2207 2374 2255 me
2407 2183 2551 2253 hoc

416 2291 803 2384 ἀγοητεύτως
826 2286 859 2345 4
903 2286 1257 2361 dicentem
1303 2317 1318 2357 ε
1356 2314 1449 2361 ne
1488 2288 1760 2377 vivam,
1813 2289 1910 2356 mi
1949 2287 2216 2377 Attice,
2273 2288 2332 2357 si
2368 2284 2551 2357 mihi

416 2421 567 2467 non
609 2396 830 2469 modo
870 2400 1355 2471 Tusculanum
1381 2454 1401 2487 ,
1448 2396 1576 2469 ubi
1614 2390 1983 2494 ceteroqui
2017 2421 2174 2467 sum
2212 2394 2549 2481 libenter,

414 2502 541 2575 sed
582 2508 871 2601 μακάρων
890 2509 1105 2583 νῆσοι2
1134 2520 1250 2575 tan
1261 2506 1313 2575 ti
1338 2518 1532 2591 sunt,
1561 2520 1644 2575 ut
1670 2505 1822 2575 sine
1850 2517 1921 2575 te
1951 2504 2086 2575 sim
2107 2498 2334 2574 tot0s³
2366 2501 2540 2574 dies·

413 2615 655 2704 Quare
687 2612 1091 2685 obduretur
1112 2612 1257 2683 hoc
1276 2612 1638 2710 triduum}
1665 2639 1685 2699 ;
1717 2628 1799 2683 ut
1833 2627 1902 2682 te
1935 2636 2235 2710 quoque
2273 2635 2546 2709 ponam

411 2722 489 2791 in
532 2719 786 2793 eodem
825 2716 1044 2792 πάθει5
1092 2747 1109 2789 :
1174 2719 1375 2815 quod
1436 2722 1538 2789 ita
1591 2732 1698 2789 est
1751 2716 2098 2816 profecto,
2146 2715 2286 2789 Sed
2330 2714 2546 2788 velim

414 2834 628 2919 scire,
666 2830 981 2903 hodiene
1022 2830 1259 2901 statim
1302 2829 1393 2901 de
1431 2825 1846 2915 auctione⁶‚
1901 2844 2026 2899 aut
2075 2851 2227 2925 quo
2265 2826 2381 2898 die
2418 2852 2538 2898 ve-

414 2942 635 3011 nias7.
671 2944 821 3038 Ego
860 2962 975 3009 me
1011 2944 1283 3011 interea
1323 2964 1491 3010 cum
1535 2937 1816 3010 libellis.
1860 2944 1961 3009 Ac
1997 2938 2298 3014 moleste
2345 2936 2537 3025 feru,

412 3044 827 3121 Vennoniiss
866 3075 983 3123 me
1022 3050 1393 3124 historiam
1427 3076 1577 3123 non
1617 3048 1906 3123 habere.

1522 3247 1782 3303 propterea
1809 3235 1972 3301 quod,
1989 3247 2046 3284 ut
2069 3250 2162 3299 ego
2187 3244 2234 3283 te
2261 3234 2458 3293 invitus,
2475 3232 2544 3281 ita

1522 3327 1577 3365 tu
1597 3333 1675 3366 me
1693 3332 1794 3366 non
1813 3316 2020 3364 libenter
2044 3330 2191 3363 cares.
2212 3314 2352 3361 Mu.

1595 3398 1640 3447 5.
1665 3393 1826 3446 nawa.
1861 3395 2080 3453 Affectu,
2099 3392 2248 3441 animi
2268 3402 2425 3439 motu.

490 3252 534 3285 ι.
550 3224 868 3305 Ᾰγοητιὺτως.
894 3238 1011 3285 Sine
1036 3238 1166 3287 suco.

482 3330 533 3363 a.
546 3312 795 3384 Μακάρων
808 3319 953 3371 νῆσοι.
970 3318 1231 3367 Βοιωιπω
1246 3318 1431 3367 imula.

412 3392 629 3443 Cnmriae
651 3412 666 3454 ;
712 3394 855 3443 dicta
896 3412 1093 3460 quoque
1134 3399 1432 3446 Fortunatae.

412 3472 585 3521 stt-120
599 3504 617 3533 ,
633 3474 735 3533 1113
758 3474 884 3524 run.
904 3476 977 3523 vi
996 3476 1131 3534 ssa.
1156 3474 1327 3525 caum
1342 3452 1455 3523 ho!

412 3568 519 3611 mo,
537 3553 737 3601 nomino
770 3552 1118 3615 Bdtkencourc,
1143 3554 1328 3619 primm
1354 3568 1432 3601 m

412 3630 623 3679 incoluit
640 3664 656 3691 ,
681 3648 811 3681 anno
838 3636 887 3683 J.
906 3635 965 3685 C.
998 3642 1145 3690 1402.
1176 3632 1268 3679 En.

485 3710 537 3758 3.
582 3712 645 3759 Ue
666 3710 769 3759 sine
796 3724 844 3759 ee
879 3712 969 3761 sim
997 3724 1125 3761 totos
1156 3711 1276 3759 dies.
1298 3712 1436 3769 ,Ursi-

410 3804 505 3837 nus
530 3798 689 3849 recte,
722 3800 777 3837 ut
805 3790 1025 3853 videtur,
1063 3803 1117 3837 ut
1143 3788 1249 3836 sine
1276 3800 1324 3835 ee
1344 3788 1437 3837 sim

413 3878 487 3916 ωε
507 3867 627 3917 dies.
652 3871 686 3919 J
689 3904 703 3917 .
721 3871 786 3918 V.
813 3871 868 3916 L.

486 3958 536 4005 4.
560 3948 835 3997 Obdnreeur
846 3948 939 3996 Ιιοσ
959 3948 1185 3997 triduum.
1205 3949 1284 3997 Ab
1307 3959 1439 3999 utro-

414 4042 511 4091 que
536 4038 776 4076 nocuum.
796 4026 925 4075 Nam
958 4038 1014 4075 tu
1037 4042 1235 4092 quoque
1260 4028 1313 4075 in
1349 4043 1437 4076 eo·-

416 4105 525 4154 dem
560 4106 724 4167 πάθει,
748 4118 797 4156 et
824 4108 877 4156 in
902 4106 1068 4158 eadem
1106 4106 1323 4163 molestia
1356 4124 1439 4172 εις

1593 3476 1642 3525 6.
1689 3477 1764 3523 De
1806 3474 2048 3523 unedone.
2089 3474 2207 3521 Post
2245 3468 2540 3519 auctionem.

1521 3554 1734 3603 Maur.

1601 3650 1650 3695 7.
1673 3634 1754 3682 Sic
1775 3632 1900 3681 bene
1927 3629 2165 3679 Gravius.
2204 3627 2332 3678 Edd.
2357 3642 2437 3692 pr.
2458 3648 2482 3669 κ
2497 3638 2546 3677 et

1525 3726 1624 3775 quo
1653 3711 1731 3759 die
1752 3710 1966 3759 venias--
1989 3710 2222 3759 Gruterus
2253 3718 2414 3756 autem
2435 3718 2551 3771 post

1523 3792 1724 3839 Bosium
1737 3825 1754 3851 ,
1771 3804 1963 3853 coequo
1981 3789 2120 3837 dieve
2137 3788 2300 3837 venias
2311 3808 2352 3836 a.
2375 3786 2546 3835 Minus

1525 3880 1654 3935 apte.
1679 3872 1732 3917 J.
1753 3868 1821 3917 V.
1853 3869 1911 3916 1..

1601 3949 1650 3995 8.
1685 3946 1942 3995 Vennonii.
1981 3945 2101 3996 vid.
2135 3944 2226 3995 lib.
2263 3946 2317 4006 1,
2343 3944 2403 3993 de
2426 3946 2543 4007 [ις.

1526 4044 1631 4093 cap.
1661 4042 1688 4074 2
1705 4060 1718 4085 ‚
1746 4026 1832 4075 ubi
1859 4027 1989 4077 hune
2016 4024 2230 4077 exsulem
2263 4024 2316 4071 in
2341 4022 2542 4072 historia

1527 4106 1660 4157 dicit.
1691 4108 1780 4157 En.
