3019 4681
551 377 696 452 636
1182 381 1283 451 M.
1327 380 1406 447 T.
1459 377 2056 469 CICERONIS

546 507 751 577 dicus
782 497 1207 576 abstulisset.
1244 505 1429 572 Cum
1476 500 1737 573 Clodio
1789 498 2088 597 quidem
2129 514 2326 572 certe
2365 500 2694 592 rediisset

548 619 624 686 in
660 619 981 712 gratiam.
1025 618 1177 710 Ego
1218 637 1394 684 vero
1429 635 1675 684 meum
1721 611 2106 684 consilium
2145 613 2255 708 (si
2298 618 2692 711 praesertim

546 741 630 796 tu
672 713 823 796 non
867 721 1281 821 improbas)
1326 721 1798 794 vehementer
1840 720 2197 820 approbo.
2239 721 2368 793 me
2396 777 2417 810 ,
2463 749 2688 822 quum

546 861 589 906 a
620 861 737 907 me
766 832 1245 931 singularibus
1290 833 1469 903 meis
1505 831 1762 904 studiis
1797 847 2098 903 ornatus
2143 846 2376 918 esset,
2423 858 2690 930 quum-

546 971 696 1046 que
739 969 876 1043 ego
932 944 1113 1017 nihil
1162 942 1545 1032 deberem,
1584 943 1706 1015 ille
1739 941 1919 1012 mihi
1964 943 2263 1031 omnia3
2323 958 2567 1014 tamen
2617 945 2690 1014 in

546 1055 919 1154 republica
958 1079 1078 1127 me
1114 1080 1156 1125 a
1193 1077 1271 1126 se
1312 1052 1860 1124 dissentientem
1901 1077 2054 1124 non
2102 1052 2269 1123 tulit
2314 1053 2342 1142 (
2373 1052 2560 1124 nihil
2593 1052 2690 1124 di·

544 1190 703 1236 ·cam
755 1161 1124 1263 gravius),
1166 1176 1239 1234 et
1274 1168 1518 1235 minus
1575 1178 1837 1260 potens
1877 1187 1968 1234 eo
2005 1178 2374 1262 tempore,
2410 1163 2590 1261 quid
2620 1165 2691 1233 in

548 1297 667 1345 me
696 1273 1076 1345 florentem
1112 1287 1358 1371 posset
1388 1329 1409 1363 ,
1470 1273 1811 1346 ostendit.
1849 1279 2062 1347 Nunc
2083 1327 2102 1363 ,
2157 1299 2392 1380 quum
2428 1299 2569 1374 ego
2603 1299 2690 1345 ne

550 1407 797 1456 curem
819 1382 1115 1480 quidem
1136 1384 1447 1454 multum
1478 1408 1714 1482 posse,
1731 1408 1847 1455 res
1867 1383 2164 1482 quidem
2194 1382 2488 1480 publica
2503 1401 2690 1456 certe

548 1494 727 1566 nihil
756 1496 1229 1592 possit,unus
1257 1494 1375 1566 ille
1404 1495 1650 1566 omnia
1679 1497 1937 1593 possit,
1969 1518 2134 1566 cum
2177 1494 2305 1565 illo
2330 1499 2495 1595 ipso
2529 1520 2692 1566 eou-

547 1605 969 1677 tenderem?
1002 1607 1102 1678 sic
1146 1605 1339 1676 enim
1392 1601 1803 1674 faciendum
1846 1602 2119 1675 fuisset.
2162 1606 2330 1674 Non
2365 1605 2689 1676 existimo

546 1730 619 1786 te
656 1729 952 1814 putare,
987 1713 1065 1784 id
1095 1713 1274 1782 mihi
1300 1711 1845 1811 suscipiendum
1887 1712 2130 1784 fuisse.
2171 1713 2620 1786 Alterutrum
2635 1711 2690 1799 ⁶,

548 1827 789 1922 inquit
830 1825 1022 1895 idem
1075 1824 1450 1895 Sallustius
1476 1878 1495 1911 ,
1538 1820 2014 1912 defendisses3
2071 1823 2294 1922 idque
2347 1829 2692 1924 Pompeio

549 1933 1016 2008 contendenti
1054 1933 1393 2006 dedisses.
1424 1938 1714 2006 Etenim
1753 1934 2215 2010 vehementer
2246 1935 2528 2008 orabat.
2566 1943 2692 2009 Le·

544 2046 799 2146 pidum
846 2047 1155 2118 amicum
1196 2045 1655 2144 Sallustium,
1696 2049 1826 2143 qui
1871 2045 2047 2116 mihi
2099 2060 2228 2116 aut
2283 2047 2690 2120 inimicitias

548 2172 754 2256 putet
780 2155 1218 2254 periculosas
1243 2153 1660 2227 subeundas
1674 2152 1930 2243 fuis'se,
1965 2169 2089 2226 aut
2114 2153 2488 2227 infamiam
2517 2181 2692 2229 sem-

518 2265 932 2367 Opiternam.
992 2271 1141 2367 Ego
1196 2291 1369 2338 vero
1424 2266 1563 2338 hac
1627 2267 2126 2339 mediocritate
2187 2265 2553 2358 delector3
2613 2293 2691 2340 ac

548 2383 729 2456 mihi
762 2382 941 2453 illud
971 2382 1386 2477 jucundum
1426 2396 1537 2453 est
1568 2436 1587 2471 ‚
1622 2382 1864 2479 quod,
1913 2406 2148 2479 quum
2197 2385 2689 2455 testimonium

549 2493 955 2565 secundum
988 2492 1209 2565 fidem
1262 2508 1336 2564 et
1389 2492 1816 2590 religionem
1859 2494 2272 2591 gravissime
2321 2494 2690 2581 dixissem,

547 2628 715 2677 reus
749 2604 967 2692 dixit,
1015 2606 1075 2674 si
1120 2606 1195 2674 in
1238 2605 1526 2676 civitate
1552 2616 1578 2662 ⁷
1621 2604 1938 2674 licuisset
1974 2602 2113 2676 sihi
2166 2628 2360 2693 esse,
2395 2605 2579 2675 mihi
2617 2628 2687 2676 se

548 2710 1162 2803 satisfacturum⁸;
1198 2738 1444 2811 neque
1475 2738 1594 2786 me
1629 2711 2033 2811 quidquam
2064 2715 2562 2813 interrogavit.

647 2830 757 2898 De
793 2824 1159 2910 versibuS‚
1200 2850 1384 2921 quos
1420 2821 1621 2896 tibia
1665 2847 1786 2895 me
1840 2823 2062 2896 scribi
2093 2826 2238 2913 viS,
2278 2823 2486 2898 deest
2517 2824 2691 2897 mihi

550 2934 845 3034 quidem
895 2958 1153 3033 opera,
1190 2960 1355 3032 qua>
1402 2960 1556 3005 non
1603 2932 1828 3006 modo
1883 2950 2174 3036 tempus
2207 2989 2228 3025 ,
2297 2935 2426 3008 sed
2479 2940 2690 3009 etiam

546 3046 870 3117 animum
904 3068 1214 3116 vacuum
1258 3044 1350 3116 ab
1388 3046 1591 3117 omni
1629 3070 1804 3117 cura
1855 3044 2215 3119 desiderat
2259 3075 2275 3115 ε
2319 3045 2447 3133 sed
2493 3046 2694 3121 abest

548 3156 765 3225 etiam
796 3153 1243 3247 ἐνθουσιασμός.
1285 3156 1455 3227 Non
1490 3152 1687 3224 enim
1721 3176 1972 3225 sumus
1995 3154 2302 3225 omniuo
2333 3157 2494 3225 sine
2523 3180 2690 3226 cura

544 3263 899 3336 venientis
940 3264 1143 3333 anni:
1180 3264 1311 3334 etsi
1346 3286 1597 3333 sumus
1641 3264 1796 3334 sine
1833 3268 2117 3336 timore.
2152 3264 2380 3336 Simul
2405 3280 2484 3336 et
2515 3264 2692 3337 illud

546 3374 573 3472 (
606 3376 758 3446 sine
802 3372 951 3445 ulla
992 3373 1469 3445 mehercule
1453 3375 1685 3467 ironia
1732 3371 2104 3471 loquor),
2145 3373 2282 3447 tibi
2323 3378 2534 3447 istius
2575 3400 2692 3475 ge·

548 3488 743 3555 neris
776 3484 851 3553 in
888 3480 1274 3553 scribendo
1307 3483 1586 3581 priores
1618 3498 1858 3581 partes
1897 3480 2184 3571 tribuo,
2228 3510 2450 3583 quam
2489 3488 2688 3558 mihi.

546 3598 655 3667 De
710 3591 1153 3675 bibliotheca
1200 3606 1325 3663 tua
1367 3615 1598 3690 graeca
1639 3591 2080 3692 supplenda,
2127 3590 2326 3665 libris
2370 3619 2692 3667 commu·

549 3819 651 3867 lum
688 3814 751 3861 «le
787 3813 977 3877 optimo
1014 3830 1186 3879 genem
1210 3816 1345 3863 Orat.
1371 3830 1483 3880 cap.
1513 3817 1568 3864 6.
1659 3816 1888 3864 nummii
1928 3814 2060 3863 enim
2103 3814 2164 3863 de
2211 3816 2460 3876 majestate
2503 3814 2690 3863 exsul·-

616 3894 673 3943 6.
710 3893 1033 3953 Alterutrum,
1068 3892 1229 3958 inquit
1252 3893 1381 3941 idem
1408 3894 1574 3943 Sallu-
1660 3890 1796 3941 bant.
1817 3895 1963 3943 Mu«.

547 3974 685 4025 seius.
720 3973 752 4020 J
756 3972 900 4019 unius
934 3972 1134 4035 conjicit
1148 4006 1163 4031 ‚
1200 3969 1455 4022 «Alterum
1482 3974 1574 4037 igi-
1736 3973 1787 4021 8.
1819 3971 2218 4037 Saciffacturum.
2257 3973 2476 4021 Gratiam
2517 3972 2690 4021 ηιατυ-

550 4067 677 4103 tur».
704 4052 835 4102 LV.
856 4052 910 4099 1⁴.
1665 4068 1801 4109 rum,
1835 4052 1974 4115 quod
2005 4068 2114 4100 eum
2145 4068 2246 4101 non
2277 4068 2600 4109 noenum..
2623 4063 2690 4099 to·

622 4148 668 4193 ⁰7.
700 4135 759 4178 1η
796 4126 1009 4175 civitate.
1054 4128 1104 4175 si
1142 4129 1392 4179 absolutus
1430 4142 1571 4179 esnet-
1665 4132 1898 4180 stimonio
1929 4140 2205 4180 contentus.
