3019 4681
585 406 1118 479 EPISTOLAE
1169 410 1304 479 AD
1355 410 1440 497 Q.
1473 406 2003 498 FRATREM,
2048 418 2165 499 11,
2202 416 2270 486 8.
2375 376 2505 513 591'

379 555 569 627 aqua
605 530 828 603 haeret
847 526 898 601 ⁵.
947 530 1088 602 Sed
1131 531 1386 628 plura,
1421 557 1645 629 quam
1680 538 2237 609 constitueram:
2276 562 2519 612 coram

381 644 600 713 enim.
646 642 860 729 Vale,
909 644 1008 712 mi
1057 644 1336 739 optime
1376 658 1449 715 et
1493 646 1936 741 optatissime
1984 644 2227 734 frater,
2274 664 2347 721 et
2390 648 2519 721 ad·-

376 753 558 823 vola.
596 750 798 825 Idem
837 764 912 825 te
948 753 1180 825 nostri
1217 768 1480 851 rogant
1505 758 1755 852 pueri:
1788 754 1971 827 illud
2003 756 2347 847 scilicet⁶‚
2376 785 2521 831 coe·
2616 829 2623 838 ,

379 861 586 933 nabis
625 886 854 960 quum
899 864 1202 935 veneris.

448 1048 497 1097 5.
535 1052 684 1113 Aqua
715 1048 881 1097 luceret.
929 1052 1088 1112 Quam
1123 1051 1176 1098 in
1215 1062 1402 1117 partem

376 1144 454 1175 me
482 1127 592 1176 dem
612 1164 627 1188 ‚
673 1128 796 1192 qnid
820 1129 1054 1176 sententia
1080 1128 1238 1178 dicam
1261 1167 1276 1191 ,
1321 1131 1400 1179 in·

376 1218 538 1257 certus
555 1224 678 1257 sum.
709 1208 928 1255 Ductnm
950 1225 977 1256 ι
1012 1208 1322 1274 clepsydn‘n
1345 1212 1416 1269 in,

375 1285 555 1348 quibus
575 1302 676 1334 non
711 1302 901 1351 semper
925 1286 1108 1335 fluebat
1128 1304 1253 1353 aqua
1276 1325 1291 1353 ,
1312 1290 1402 1337 sed
1489 1291 1623 1341 Illud
1642 1293 1765 1340 scias
1781 1327 1796 1351 ,
1837 1292 1911 1339 vel
1935 1306 2199 1355 cognoscas
2224 1291 2369 1348 licet,
2404 1290 2513 1349 vel,

375 1365 620 1414 interdum
644 1366 854 1413 haerebat
879 1366 1160 1415 immobilis.
1206 1369 1356 1417 Mur.
1490 1369 1623 1417 Illud
1658 1371 1729 1418 sci
1750 1407 1765 1434 ,
1809 1370 1943 1419 licet.
1983 1372 2219 1418 Gnonov.
2258 1370 2515 1418 Observa.

448 1446 504 1493 6.
527 1446 662 1494 Illud
671 1444 868 1493 sufficet.
890 1445 1139 1495 Sententia
1155 1446 1408 1496 Ciceronis
1496 1450 1603 1509 111,
1627 1464 1685 1511 9·

1487 1053 1595 1101 haec
1621 1063 1727 1103 est:
1756 1053 1918 1113 Veni,
1960 1050 2057 1103 hoc
2084 1067 2311 1119 rogamus
2347 1069 2441 1117 ego
2467 1066 2518 1103 et

1489 1133 1772 1184 Cicerones.
1818 1133 1919 1181 Ubi
1970 1135 2161 1182 veneris
2179 1170 2196 1195 ‚
2233 1132 2519 1182 adventoris

1488 1212 1582 1261 tibi
1604 1212 1814 1261 dabitur.
1852 1233 1880 1255 ι
1896 1210 2029 1260 Illud
2054 1212 2240 1261 scilicet
2258 1232 2285 1253 a·
2300 1246 2319 1271 ,
2349 1210 2475 1260 valet
2496 1248 2516 1272 ,

377 1623 468 1641 m
471 1623 1112 1644 mmmm-mm

1389 1625 2033 1646 mmmmm
2036 1619 2496 1647 mmmmm

1013 1814 1643 1923 EPISTOLA
1723 1816 1874 1897 lx.

377 1972 532 2044 Quid
560 1993 694 2032 cnm
719 1975 998 2053 Pompeio
1024 1988 1085 2034 et
1106 1978 1316 2037 Crasso
1340 1995 1490 2035 coss.
1522 1974 1597 2035 de
1633 1975 1913 2054 operibus
1944 1987 2003 2035 et
2045 1972 2523 2053 inscriptionibus

457 2074 670 2149 egerit,
699 2074 844 2150 quid
875 2074 1220 2153 profecerit,
1263 2086 1326 2133 et
1352 2074 1498 2152 quid
1537 2076 1599 2133 in
1636 2087 1843 2133 senatu
1890 2086 2085 2133 actum
2116 2074 2223 2142 sit,
2274 2072 2519 2151 perscri-

456 2168 558 2227 bit.
589 2171 843 2247 (Romae,
865 2190 1017 2230 anno
1041 2176 1118 2231 U.
1145 2174 1210 2231 C.
1237 2170 1388 2249 698,
1415 2192 1613 2231 mense
1641 2172 1839 2249 main.)

969 2355 1322 2420 MARCUS
1366 2358 1448 2441 Q.
1495 2357 1814 2422 FRATRI
1858 2357 1920 2422 s,

478 2519 952 2587 Pham-rmum
997 2513 1126 2586 tibi
1179 2539 1336 2587 esse
1377 2515 1647 2588 librum
1676 2527 1698 2560 ¹
1757 2541 2004 2589 meum
2056 2514 2521 2615 suspicabar:

380 2641 525 2698 tam
591 2625 798 2698 valde
863 2626 1254 2726 placuisse,
1325 2653 1549 2727 quam
1608 2627 1862 2700 scribis
1889 2684 1908 2718 ‚
1960 2627 2167 2699 valde
2218 2627 2523 2726 gaudeo,

381 2737 596 2828 Quod
639 2763 757 2810 me
795 2736 1142 2810 admones
1179 2737 1276 2810 de
1306 2753 1556 2810 nostra
1590 2742 1859 2811 Urania
1881 2750 1910 2782 ²
1954 2737 2358 2835 suadesque
2380 2793 2399 2826 ‚
2438 2752 2523 2808 ut

381 2831 836 2917 ¹meminerim
867 2852 1064 2918 Jovis
1099 2849 1545 2937 orationem,
1580 2874 1744 2946 quae
1780 2865 1891 2921 est
1923 2851 1997 2920 in
2040 2865 2369 2932 extremo
2400 2848 2526 2918 illo

381 2953 610 3025 libro:
667 2981 804 3054 ego
855 2982 1029 3028 vero
1077 2959 1415 3049 memini,
1470 2974 1546 3031 et
1596 2959 1714 3031 illa
1774 2965 2020 3032 omnia
2073 2958 2247 3029 mihi
2303 2957 2528 3054 magis

381 3066 634 3162 scripsi
659 3119 680 3152 ‚
722 3091 944 3162 quam
979 3069 1257 3140 ceteris.

457 3281 503 3314 ι.
529 3265 740 3314 Librum.
767 3267 864 3313 nie
889 3265 1015 3313 liber
1035 3301 1050 3326 ,
1076 3282 1179 3331 quo
1221 3279 1324 3316 erat
1349 3267 1402 3316 iu
1491 3269 1621 3318 enim
1642 3279 1833 3318 constat
1860 3268 1935 3317 M.
1963 3267 2180 3316 Tullium
2196 3300 2213 3326 ‚
2242 3275 2341 3312 tres
2364 3263 2520 3312 libros

381 3354 596 3394 extremo
648 3345 794 3395 Jovio
841 3345 1031 3402 oratio,
1086 3347 1173 3410 qui
1215 3346 1362 3395 fuerit
1381 3381 1398 3408 ‚

381 3429 646 3491 ignoratur.
685 3425 984 3475 Crediderim
1023 3425 1172 3474 fnisse
1203 3441 1395 3491 poema.

380 3507 507 3554 Nam
525 3539 540 3564 ,
587 3505 818 3554 inducere
863 3507 1038 3554 Jovem
1087 3505 1395 3569 loquentem,

379 3586 626 3649 poeticum
659 3583 894 3650 quiddam
937 3595 1041 3644 est,
1081 3600 1186 3633 non
1231 3595 1398 3633 orato-

300 3663 308 3675 *
379 3665 524 3712 rium.
561 3666 636 3712 Ac
673 3664 800 3712 forte
829 3663 1204 3728 intelligendum
1239 3673 1314 3713 est
1338 3663 1400 3711 de

378 3743 598 3792 versibus
617 3743 738 3801 illis,
778 3743 957 3807 quibus
987 3743 1402 3792 acta.consuhtns

376 3823 452 3869 sni
479 3834 800 3888 persequutus
827 3834 916 3870 est.
937 3825 1083 3872 Mne.

451 3923 506 3957 α.
551 3913 624 3959 De
660 3922 828 3958 nostra
873 3909 1074 3960 Urania.
1100 3909 1264 3974 Vulgo
1296 3931 1322 3952 α
1342 3909 1403 3958 de

380 4002 482 4034 non
519 3991 734 4038 curantia
751 4012 793 4039 ι».
845 3992 950 4054 Ego
993 4007 1137 4039 ausus
1163 3991 1253 4038 sirn
1282 4006 1402 4055 pro·

379 4067 646 4129 pemodum
673 4067 944 4130 affirmare,
972 4070 1069 4118 -de
1097 4080 1259 4118 nostra
1289 4071 1407 4119 Urs-

381 4145 498 4192 nia»
533 4146 840 4197 scribendum
867 4165 970 4198 esse
1004 4149 1100 4197 hoc
1127 4149 1258 4199 loco.
1282 4151 1408 4199 Satis

1474 3348 1551 3398 -de
1573 3365 1665 3398 suo
1702 3346 1959 3396 consulatu
1994 3347 2207 3396 carmine
2240 3345 2518 3408 scripeisse,

1487 3443 1667 3493 eosque
1700 3445 1727 3476 a
1767 3429 1915 3476 trium
1942 3427 2195 3475 Musarum
2230 3424 2519 3473 nominibus

1486 3506 1755 3573 appellasse
1776 3523 1789 3554 ε
1820 3519 1950 3554 certe
1967 3507 2124 3554 Musis
2146 3505 2198 3553 in
2220 3505 2289 3552 eis
2310 3503 2517 3567 loquen-

1488 3589 1541 3638 di
1568 3599 1727 3651 partes
1753 3584 1955 3635 dedisse.
1985 3587 2041 3632 In
2070 3585 2250 3648 quibus
2280 3581 2518 3630 Uraniam

1486 3665 1637 3716 fnisse
1666 3681 1719 3714 ea
1756 3675 2014 3723 testantur,
2034 3681 2143 3729 quae
2166 3671 2281 3712 sunt
2306 3664 2361 3710 in
2386 3661 2521 3710 libro

1488 3748 1653 3813 primo
1679 3745 1741 3795 de
1778 3745 2092 3794 Divinatione
2113 3781 2129 3804 ,
2174 3742 2383 3792 totidem
2408 3758 2521 3790 ver-

1491 3829 1607 3876 bis:
1635 3825 1775 3876 «Sed
1806 3843 1908 3892 quo
1946 3826 2115 3892 potins
2148 3837 2257 3874 utar
2300 3835 2387 3874 aut
2428 3840 2519 3872 au-

1493 3919 1655 3968 ctore,
1682 3917 1769 3955 eut
1796 3917 1919 3956 teste
1934 3945 1950 3970 ‚
1972 3923 2116 3971 quam
2142 3917 2191 3955 te
2212 3942 2227 3963 ‚
2250 3905 2389 3966 cuins
2412 3903 2522 3951 edi-

1494 3988 1594 4036 dici
1619 3989 1763 4036 etiam
1784 4003 1951 4035 versus
1964 4021 1979 4045 ,
1998 3997 2048 4036 et
2072 3985 2283 4034 libenter
2304 3983 2519 4049 quidem,

1495 4083 1623 4133 quos
1648 4069 1700 4116 iu
1720 4065 1938 4116 secundo
1966 4065 2029 4116 de
2056 4065 2313 4115 consulatu
2342 4063 2523 4112 Urania

1497 4149 1641 4196 Musa
1682 4147 2051 4212 pronuntiat?»
2087 4146 2179 4194 ni·
2224 4159 2343 4208 ergo
2381 4155 2527 4204 argu-
