3019 4681
512 398 659 480 40⁰
1166 397 1265 465 Μ.
1315 396 1393 463 Τ.
1446 396 1550 465 CI
1567 396 2017 467 CERONIS

512 531 640 589 aut
672 514 981 613 dignitas
1016 538 1182 619 mea
1210 514 1433 585 ullam
1458 516 2008 587 contentionem
2041 516 2495 605 extimescat3
2529 518 2656 591 sed

510 644 596 699 ut
632 640 918 698 nosmet
956 626 1094 723 ipsi
1138 628 1332 697 inter
1368 650 1506 697 nos
1556 627 2092 722 conjunctiores
2129 626 2388 715 simus,
2432 652 2654 725 quam

510 738 752 811 adhuc
779 735 1071 809 fuimus.
1115 735 1755 835 Interpellantibus
1799 737 1992 808 enim
2037 735 2152 808 his
2201 737 2592 810 inimicitiis
2629 792 2652 829 ,

510 852 799 921 animus
850 862 1022 919 tuus
1066 846 1242 917 mihi
1296 850 1522 946 magis
1563 848 1842 947 patuit,
1894 871 2116 945 quam
2167 846 2454 925 domus.
2511 848 2654 921 Sed

510 960 664 1031 haec
712 958 1088 1029 hactenus.
1138 955 1328 1029 Illud
1377 972 1829 1047 extremum3
1887 982 2062 1055 ege,
2114 983 2276 1057 quae
2311 973 2384 1031 te
2415 959 2599 1031 velle
2627 1012 2648 1046 ‚

508 1094 819 1167 quaeque
858 1066 947 1139 ad
988 1081 1063 1139 te
1104 1069 1471 1165 pertinere
1519 1067 1833 1139 arbitror
1865 1122 1886 1155 ,
1941 1091 2229 1166 semper
2283 1068 2436 1139 sine
2507 1068 2650 1141 ulla

508 1176 964 1249 dubitatione
997 1200 1289 1247 summo
1319 1176 1563 1249 studio
1589 1176 1844 1249 faciam
1878 1206 1895 1249 ε
1935 1178 2080 1251 hoc
2108 1178 2323 1251 velim
2358 1178 2491 1250 tibi
2521 1204 2648 1277 pe·

507 1292 704 1359 nitus
738 1284 1190 1387 persuadeas.

1623 1484 2050 1516 mm'

1131 1678 1732 1759 EPISTOLA
1785 1681 2028 1761 XIV.

506 1840 849 1920 Indignatur
868 1845 940 1914 Q.
962 1840 1147 1899 filium
1164 1838 1453 1899 Parilibus
1494 1853 1840 1900 coronatum
1877 1842 2070 1901 fuisse.
2114 1845 2374 1923 Exponit
2411 1843 2650 1904 uberius

588 1934 731 2017 quid
758 1938 817 1995 in
844 1938 1084 1996 Caesaris
1118 1956 1261 1995 nece
1292 1930 1621 2009 desideret;
1659 1936 1890 1996 sublato
1921 1940 2072 1997 enim
2105 1953 2373 2017 tyranno,
2397 1941 2652 2019 tyranni-

586 2035 665 2095 da
690 2055 941 2095 manere.
980 2036 1083 2109 (In
1111 2034 1430 2093 Puteolano
1446 2077 1464 2107 ,
1499 2054 1654 2093 anno
1681 2038 1756 2095 U.
1783 2039 1848 2095 C.
1873 2036 1990 2113 708
2007 2080 2027 2111 ,
2057 2057 2252 2097 mense
2277 2038 2492 2119 aprili.)

1190 2214 1505 2281 CICERO
1549 2216 1875 2285 ATTICO
1919 2221 1986 2286 S.

606 2378 990 2445 Iri-:nanum
1017 2379 1041 2414 ¹
1089 2367 1340 2441 eadem
1384 2371 1521 2439 ista
1568 2363 1769 2436 mihi.
1823 2369 2284 2439 Coronatus²
2327 2371 2650 2460 Quintus

508 2497 761 2555 noster
795 2475 1191 2552 Parilibus-⁹·
1213 2481 1243 2550 Ρ
1268 2476 1679 2550 Parilibus?
1719 2475 2058 2546 solusne?
2085 2481 2220 2547 etsi
2263 2475 2464 2548 addis
2507 2483 2648 2549 La-

510 2596 767 2680 miam;
805 2590 1008 2690 quod
1046 2589 1363 2660 demiror
1401 2586 1744 2685 equidem
1774 2613 1795 2674 3
1833 2585 1961 2658 sed
2005 2589 2188 2659 scire
2225 2591 2482 2688 cupio,
2521 2590 2652 2686 qui

507 2703 811 2776 fuerint‘*
844 2700 998 2772 alii:
1025 2709 1469 2796 quamquam
1503 2699 1672 2769 satis
1705 2697 1882 2786 scie,
1912 2697 2049 2767 nisi
2075 2698 2492 2798 improbum
2527 2723 2651 2771 ne-

508 2817 805 2886 minem.
856 2807 1291 2908 Explanabis
1329 2806 1552 2907 igitur
1593 2803 1738 2878 hoc
1767 2806 2199 2905 diligentius.
2228 2813 2380 2906 Ego
2407 2824 2651 2881 autem

509 2949 680 2998 casu
742 2946 975 3021 quum
1025 2916 1381 2990 dedissem
1432 2915 1524 2988 ad
1577 2932 1650 2987 te
1719 2917 1959 2988 literas
2009 2941 2085 2987 w
2131 2916 2417 2990 kalend.
2481 2921 2651 2990 satis

507 3033 754 3106 multis
788 3028 1063 3118 verbis,
1104 3026 1340 3098 tribus
1374 3024 1526 3098 fere
1569 3022 1769 3096 horis
1823 3040 1985 3124 post
2031 3029 2277 3127 accepi
2334 3043 2530 3118 tuas,
2578 3043 2654 3100 et

508 3145 753 3240 magni
787 3138 1085 3238 quidem
1135 3135 1498 3235 ponderiS.
1551 3137 1804 3232 Itaque
1836 3135 2002 3230 joca
2043 3151 2166 3207 tua
2201 3137 2420 3236 plena
2469 3137 2652 3210 face-

512 3259 771 3326 tiarum
804 3304 823 3339 ‚
928 3249 1022 3321 de
1090 3247 1342 3318 haeresi
1412 3246 1838 3317 Vestoriana
1879 3243 1948 3337 ⁵,
2023 3261 2098 3319 et
2174 3247 2266 3320 de
2351 3250 2651 3322 Pherio-

584 3439 631 3472 1.
661 3420 931 3470 Iteradum.
962 3421 1029 3468 Η.
1052 3435 1095 3468 e.
1115 3429 1279 3482 repete
1300 3453 1315 3476 ‚
1341 3435 1538 3489 qumo,

505 3517 557 3554 et
583 3519 747 3551 rursus
775 3500 855 3548 dic
884 3515 993 3564 qun
1030 3499 1232 3548 dixisti:
1256 3511 1371 3548 sunt
1404 3501 1536 3550 enim

503 3583 645 3643 talin,
662 3593 720 3630 nt
752 3581 839 3628 vix
864 3579 1057 3626 credam
1079 3595 1156 3626 me
1186 3577 1393 3630 audisse.
1418 3583 1538 3631 For-

506 3663 637 3710 mula
663 3659 860 3708 dicendi
875 3693 891 3720 ‚
912 3675 1007 3722 qua
1026 3658 1287 3707 utebantur
1308 3661 1363 3706 in
1390 3660 1536 3710 rebus

508 3757 599 3790 nec
621 3737 855 3805 opinatis,
878 3754 943 3786 ex
968 3737 1124 3785 Iliona
1142 3738 1305 3785 Ennii.
1329 3739 1433 3787 Cic.
1462 3741 1536 3788 lv

510 3819 741 3868 Academ.
766 3834 847 3879 27.
876 3817 957 3866 Sic
992 3816 1351 3875 memoradum,
1374 3818 1535 3868 Phut.

508 3902 647 3949 Poen.
668 3897 758 3955 IV,
790 3913 809 3945 r
832 3933 846 3956 ‚
876 3895 959 3954 54.
997 3897 1049 3945 J.
1074 3899 1128 3945 F.
1163 3893 1425 3946 Gnouovf

584 3995 633 4027 a.
666 3977 947 4031 Comnatus,
969 3967 1124 4032 laria,
1147 3975 1291 4039 epist.
1320 3977 1537 4038 17.Vido

510 4053 799 4108 Athenaeum
813 4089 827 4112 ,
848 4055 1084 4119 Deipnoe.
1100 4055 1239 4103 VIII.

581 4139 632 4185 3.
655 4133 909 4184 Parilibus.
936 4135 1064 4182 Puto
1081 4133 1254 4182 Parilia
1276 4131 1357 4182 illa
1382 4133 1535 4200 signi-

1623 3415 1787 3476 ficari,
1808 3433 1919 3482 qnae
1935 3417 2123 3468 dedisse
2140 3419 2396 3468 Octavium
2415 3437 2506 3469 suo
2526 3437 2652 3470 snm·

1625 3509 1716 3561 pm
1729 3535 1746 3560 ‚
1769 3509 1826 3546 nt
1850 3498 2089 3562 populum
2111 3501 2396 3550 muneribus
2420 3513 2614 3567 caperet
2629 3535 2647 3561 ,

1623 3577 1796 3627 scribit
1815 3579 1938 3636 Dio,
1961 3577 2047 3626 lib.
2074 3581 2230 3630 va.
2253 3581 2400 3630 Mur.

1697 3669 1744 3716 4.
1773 3659 1954 3722 Vulgo,
1963 3657 2194 3723 finer-une.
2215 3661 2312 3708 Pro
2346 3675 2449 3724 qno
2452 3657 2654 3725 fierint

1624 3737 1933 3788 scribendum
1979 3739 2194 3787 latinitas
2233 3739 2396 3789 docet.
2451 3740 2548 3788 Sed
2580 3742 2650 3788 sie

1627 3819 1770 3868 etiam
1792 3818 1871 3866 ed.
1887 3821 2124 3867 Romam.
2149 3820 2340 3868 Ernest.
2356 3819 2390 3867 J
2393 3853 2406 3866 .
2431 3819 2498 3866 V.
2522 3821 2577 3868 l...

1701 3901 1750 3946 5.
1783 3901 1859 3946 De
1901 3897 2078 3946 hcet-esi
2123 3897 2436 3945 Veneriano.
2481 3899 2609 3962 Quin
2630 3931 2650 3958 ,

1624 3995 1776 4044 quum
1793 3991 1884 4042 ego
1895 3977 1959 4024 ad
1976 3991 2024 4026 te
2036 3977 2332 4042 scripsissem
2343 4011 2360 4037 ,
2371 3979 2650 4026 Vestorium

1629 4079 1652 4100 ι
1671 4073 1698 4104 a
1713 4055 1975 4106 dialecticis
1988 4070 2224 4106 remotum
2235 4095 2251 4121 ‚
2270 4059 2320 4106 in
2334 4059 2652 4108 arithmetici·

1622 4137 1736 4184 satis
1760 4139 2073 4186 exercitatum
2089 4154 2142 4196 »ς
2165 4138 2272 4203 ipse
2307 4153 2421 4200 eos,
2445 4139 2533 4204 qui
2562 4155 2650 4206 po-
