3019 4681
511 371 660 457 624
1163 368 1260 435 M.
1305 368 1384 434 T.
1439 362 2021 434 CICERONIS

509 492 755 579 allata,
791 490 868 560 in
903 510 1050 585 qua
1085 486 1177 558 de
1211 485 1364 557 aede
1397 485 1706 557 Telluris
1721 482 1827 571 ⁴³,
1864 498 1939 556 et
1972 482 2065 555 de
2100 488 2391 581 porticu
2418 486 2663 557 Catuli

513 627 630 673 me
671 600 1020 674 admones
1041 596 1128 667 ⁴4.
1168 600 1282 668 Fit
1310 612 1710 693 utrumque
1750 594 2157 693 diligenter.
2200 594 2311 665 Ad
2350 593 2665 666 Telluris

512 710 808 809 quidem
861 711 1070 780 etiam
1131 722 1332 779 tuam
1383 720 1691 779 statuam
1738 706 1992 777 locavi.
2048 710 2232 775 Item
2287 705 2380 777 de
2427 706 2667 775 hortis

516 821 718 920 quod
763 844 880 891 me
923 818 1312 889 admones:
1355 844 1490 891 nec
1532 816 1637 888 fui
1678 840 2026 915 umquam
2062 814 2269 887 valde
2305 815 2665 914 cupidus,

515 946 590 1003 et
645 956 842 1001 nunc
886 928 1150 1001 domus
1199 928 1618 1027 suppeditat
1670 928 1845 998 mihi
1908 928 2299 998 hortorum
2352 928 2663 997 amoeni-

515 1058 764 1114 tatem.
1762 1042 1770 1051 '

613 1156 918 1222 Romam
955 1174 1186 1245 quum
1225 1152 1580 1220 venissem
1626 1174 1687 1219 a.
1730 1146 1799 1219 d.
1840 1171 1970 1217 1111
1996 1145 2136 1217 kal.
2179 1144 2499 1232 octobr.‚
2527 1142 2667 1215 ab-

519 1261 840 1332 solutum
887 1256 1164 1329 offendi
1215 1260 1292 1329 in
1339 1257 1619 1330 aedibus
1660 1260 1803 1329 tuis
1842 1272 2157 1333 tectum:
2193 1256 2397 1353 quod
2438 1280 2669 1352 supra

517 1370 885 1443 conclavia
926 1393 1078 1439 non
1116 1368 1482 1465 placuerat
1526 1367 1660 1440 tibi
1696 1392 1853 1439 esse
1896 1368 2295 1441 multorum
2336 1364 2667 1463 fastigio-

517 1506 685 1553 rum
712 1474 806 1568 ⁴⁵‚
861 1477 936 1550 id
995 1504 1148 1550 non
1203 1479 1511 1552 honeste
1562 1480 1794 1577 vergit
1845 1482 1925 1549 in
1971 1493 2249 1550 tectum
2302 1475 2669 1549 inferioris

517 1593 862 1687 porticus.
897 1592 1152 1662 Cicero
1187 1604 1460 1677 noster,
1487 1589 1665 1662 dum
1696 1614 1833 1689 ego
1860 1587 2113 1661 absum
2134 1644 2155 1678 ‚
2180 1614 2333 1659 non
2362 1588 2668 1659 cessavit

519 1698 718 1801 apud
779 1701 1176 1773 rhetorem.
1238 1704 1346 1771 De
1409 1701 1566 1796 ejus
1629 1700 2039 1773 eruditione
2091 1699 2291 1798 quod
2339 1698 2667 1784 labores,

520 1812 702 1884 nihil
732 1827 879 1901 est,
913 1814 1260 1910 quoniam
1297 1812 1675 1910 ingenium
1709 1813 1867 1908 ejus
1898 1814 2132 1883 nosti:
2178 1808 2499 1883 studium
2526 1834 2669 1906 ego

517 1924 775 2010 video;
830 1938 1068 1994 cetera
1119 1924 1274 2018 ejus
1324 1924 1641 2019 suscipio
1665 1978 1685 2011 ‚
1738 1938 1821 1994 ut
1868 1948 1989 1993 me
2028 1937 2283 2020 putem
2328 1936 2669 2019 praestare

521 2034 812 2107 debere.
891 2031 1282 2104 Gabinium
1321 2048 1462 2104 tres
1477 2030 1545 2085 4⁶
1584 2032 1824 2104 adhuc
1863 2032 2213 2104 factiones
2248 2030 2621 2129 postulant
2645 2058 2667 2099 :

517 2150 600 2217 L.
651 2142 1048 2231 Lentulus,
1107 2142 1418 2215 flaminis
1471 2141 1704 2230 filius,
1761 2144 1890 2240 qui
1941 2143 2091 2237 jam
2148 2142 2238 2213 de
2296 2142 2671 2235 majestate

519 2254 960 2356 postulavit;
1024 2251 1180 2323 Tib.
1243 2256 1436 2323 Nero
1495 2276 1663 2322 cum
1729 2250 1945 2323 bonis
2007 2250 2665 2350 subscriptoribus;

520 2371 593 2438 C.
643 2367 1030 2436 Memmius
1079 2362 1424 2434 tribunus
1475 2360 1713 2460 plebis
1764 2387 1933 2434 cum
1990 2365 2067 2432 L.
2122 2366 2498 2460 Capitone.
2554 2359 2669 2434 Ad

517 2475 778 2546 urbem
823 2477 1118 2545 accessit
1163 2497 1224 2543 a.
1283 2473 1354 2542 d.
1409 2498 1513 2543 111
1566 2471 1708 2544 kal.
1761 2471 2043 2545 octobr.
2088 2473 2289 2544 Nihil
2338 2475 2667 2572 turpiuS‚

519 2610 655 2657 nec
689 2585 1066 2656 desertius,
1113 2583 1249 2653 Sed
1289 2581 1402 2654 his
1434 2583 1725 2677 judiciis
1770 2583 1953 2654 nihil
1996 2583 2233 2656 audeo
2272 2583 2663 2656 confidere.

518 2694 740 2786 Quod
782 2697 961 2766 Cato
983 2696 1045 2747 4⁷
1103 2717 1256 2764 non
1309 2692 1631 2782 valebat,
1682 2692 1921 2766 adhuc
1964 2695 2056 2768 de
2099 2697 2425 2793 pecuniis
2462 2721 2669 2794 repe-

519 2806 764 2876 tundis
832 2829 984 2874 non
1052 2819 1207 2874 erat
1262 2805 1690 2902 postulatus.
1758 2807 2147 2905 Pompeius
2202 2833 2245 2878 a
2296 2831 2415 2878 me
2461 2807 2666 2878 valde

519 2911 898 2986 contendit
939 2911 1032 2984 de
1074 2912 1314 2985 reditu
1351 2915 1428 2984 in
1465 2917 1769 3010 gratiam
1803 2942 1819 2984 ε
1857 2915 1979 2988 sed
2021 2916 2259 2989 adhuc
2287 2917 2467 2990 nihil
2501 2942 2667 3016 pro-

589 3167 674 3222 43.
712 3166 790 3213 De
806 3164 914 3214 cede
935 3165 1157 3213 Telluris.
1185 3167 1262 3214 De
1285 3167 1517 3230 operibns
1530 3199 1544 3224 ,
1637 3177 1685 3214 et
1712 3168 1768 3216 C.
1788 3169 2065 3218 Memmius.
2085 3171 2309 3220 Accessit
2328 3181 2523 3236 postea,
2548 3171 2667 3219 item

518 3257 657 3310 puto,
680 3245 922 3309 loquitur,
939 3255 992 3292 et
1010 3244 1413 3309 inscriptionibus
1431 3245 1545 3302 illis,
1638 3248 1699 3295 de
1726 3251 2035 3312 repetundis,
2060 3264 2231 3314 quarta
2258 3251 2406 3300 factio
2420 3287 2437 3312 ,
2456 3253 2513 3302 C.
2540 3263 2589 3300 et
2608 3253 2665 3302 1..

519 3325 582 3373 de
602 3324 782 3389 quibus
803 3324 948 3387 epist.
969 3323 997 3369 8
1022 3322 1111 3371 lib.
1131 3326 1198 3372 11.
1225 3325 1367 3372 Man.
1637 3329 1871 3388 Antonii3
1889 3339 1943 3377 nt
1964 3331 2015 3378 in
2034 3331 2241 3395 epistola
2258 3349 2397 3397 ,que
2416 3333 2660 3396 sequitur:

590 3411 676 3475 44.
701 3403 969 3451 Admones.
999 3403 1064 3448 Ut
1091 3419 1262 3452 emam.
1636 3408 1779 3455 etiam
1804 3409 1976 3472 quim:
1994 3445 2009 3468 ‚
2059 3411 2129 3458 de
2146 3412 2335 3460 ambitu
2353 3446 2370 3471 ,
2402 3415 2459 3461 P.
2500 3411 2631 3460 Sulla
2648 3445 2667 3469 ,

592 3484 673 3540 45.
702 3482 966 3529 Multorum
979 3479 1318 3546 fastigiorum.
1337 3483 1543 3529 Tectum
1636 3498 1691 3534 ut
1708 3488 1832 3535 infra
1847 3522 1861 3546 ‚
1884 3498 1933 3536 et
1954 3489 2017 3536 ad
2030 3492 2247 3538 Atticum
2268 3508 2346 3557 ep.
2376 3493 2455 3551 16,
2469 3491 2555 3540 lib.
2576 3494 2664 3541 lv.

517 3560 766 3611 conclavia
792 3560 1003 3623 tegebat.
1029 3560 1088 3609 ld
1113 3560 1311 3608 nolebat
1332 3561 1545 3624 Quintus
1634 3565 1718 3611 Est
1740 3576 1902 3614 autem
1930 3565 2182 3616 absolutus
2208 3569 2447 3618 Gabinius
2480 3569 2539 3616 de
2564 3584 2665 3616 ma-

518 3639 809 3689 descendere
833 3638 1064 3703 pluribus
1089 3639 1277 3702 angulis
1295 3674 1309 3697 ‚
1345 3651 1395 3688 et
1418 3640 1543 3687 late·
1627 3643 1800 3703 jestste
1815 3679 1829 3702 ‚
1857 3645 2113 3695 damnatus
2130 3646 2193 3697 de
2212 3647 2514 3713 repetundis.
2536 3651 2635 3698 Dio
2650 3683 2665 3706 ,

516 3717 652 3766 ribus
669 3715 690 3781 (
707 3717 776 3764 sic
805 3718 932 3764 enim
961 3717 1108 3765 multa
1139 3717 1326 3782 fastigia
1348 3717 1546 3768 habuis·
1632 3721 1719 3770 lib.
1748 3725 1999 3774 XXXIX.
2022 3729 2166 3776 Mur.

518 3795 658 3862 set),
687 3795 772 3844 sed
797 3813 898 3844 uno
923 3807 1113 3844 tantum
1134 3797 1330 3861 fastigio
1347 3814 1546 3862 vergere
1708 3811 1791 3864 ⁴7·
1822 3803 1961 3852 Cato.
1986 3805 2062 3853 M.
2094 3805 2220 3854 Cato
2245 3817 2433 3870 pitter
2452 3823 2469 3868 ς
2488 3807 2573 3871 qui
2599 3807 2665 3856 de

517 3879 570 3924 in
584 3885 776 3924 -tectum
801 3876 1044 3924 inferioris
1065 3879 1303 3940 porticus.
1331 3879 1543 3928 Mau-r.
1632 3882 1916 3945 repetundis
1958 3883 2057 3931 hoc
2106 3901 2241 3932 anno
2296 3887 2537 3948 quaesivit.
2584 3889 2661 3936 Eo

591 3955 676 4012 46.
706 3954 988 4002 Gabinium.
1025 3957 1065 4002 E
1102 3957 1238 4020 Syris
1279 3973 1542 4008 reversum.
1633 3971 1929 4024 aegrotsnte,
1958 3965 2199 4029 postulari
2222 3963 2487 4026 Gabinius,
2520 3983 2549 4014 e
2568 3967 2663 4030 Sy-

518 4035 968 4084 Scu.-—Tres.Una
984 4034 1045 4082 de
1062 4037 1307 4096 majestate
1317 4039 1401 4100 ,L.
1420 4039 1545 4086 Leu-
1633 4041 1701 4086 ria
1738 4057 1987 4100 reversus,
2032 4043 2094 4091 de
2123 4043 2402 4110 repetundis
2432 4060 2535 4092 non
2563 4061 2661 4110 po-

521 4115 681 4175 tulus;
709 4113 819 4162 duae
845 4112 906 4160 de
931 4113 1212 4178 repetundis
1229 4149 1242 4174 ,
1281 4117 1358 4166 Ti.
1379 4118 1539 4176 Nero,
1634 4126 1771 4168 terat.
1796 4123 1946 4168 Imm.
