3019 4681
433 394 570 469 170
639 373 738 444 Μ.
762 373 840 442 T.
877 371 1370 444 CICERONIS
1399 375 1673 444 EPIST.
1712 373 1839 442 AD
1874 372 2075 442 ATT.
2109 374 2215 457 X,
2254 370 2362 442 18.

423 497 572 568 sive
609 495 786 593 quid
843 493 1072 582 aliud,
1131 515 1388 592 perge,
1437 519 1725 592 quaesO,
1778 493 2125 582 scribere3
2176 519 2314 565 nec
2367 507 2567 566 meas

423 605 664 678 literas
714 606 1182 702 exspectaris,
1229 609 1368 678 nisi
1407 630 1641 703 quum
1663 659 1683 694 ,
1714 630 1867 702 quo
1904 619 2119 704 opto,
2156 610 2567 702 perveneri-

420 737 618 802 mus,
673 729 796 788 aut
841 717 900 788 si
941 714 1120 813 quid
1174 740 1264 787 ex
1309 741 1547 788 cursu.
1594 715 1737 788 Sed
1776 716 1919 788 hoc
1962 739 2265 814 quoque
2316 713 2563 788 timide

423 825 663 900 scribo
703 852 720 896 ε
759 827 854 896 ita
895 829 1139 896 omnia
1167 824 1369 898 tarda
1405 825 1645 898 adhuc
1680 841 1753 898 et
1780 829 2025 925 spissa.
2068 827 2169 896 Ut
2206 827 2391 898 male
2430 851 2561 923 po-

422 937 703 1008 suimus
749 938 986 1023 initia‚
1027 936 1130 1007 sic
1176 950 1412 1007 cetera
1461 952 1891 1034 sequuntur.
1936 939 2255 1008 Formias
2289 933 2322 979 ⁶
2368 958 2566 1007 nunc

424 1048 837 1143 sequimur3
881 1045 1132 1117 eadem
1162 1057 1188 1100 ⁷
1238 1071 1372 1118 nos
1411 1045 1713 1118 fortasse
1758 1046 1960 1119 furiae
2015 1059 2563 1145 persequentur.

422 1159 528 1226 Ex
569 1153 772 1226 Balbi
812 1169 1054 1225 autem
1101 1179 1470 1244 sermone,
1514 1182 1732 1254 quem
1780 1170 2020 1229 tecum
2072 1156 2365 1248 habuit,
2411 1183 2565 1228 non

421 1269 820 1366 probamus
879 1267 968 1339 de
1019 1269 1262 1340 Melita
1283 1265 1337 1342 ⁸.
1397 1270 1707 1342 Dubitas
1764 1273 2020 1368 igitur,
2068 1275 2247 1368 quin
2300 1295 2433 1343 nos
2488 1272 2563 1340 in

425 1378 746 1450 hostium
789 1403 1098 1449 numero
1141 1377 1448 1450 habeat?
1493 1381 1761 1478 Scripsi
1808 1381 2146 1477 equidem
2190 1379 2448 1464 Balbo,
2492 1392 2565 1450 te

426 1488 516 1559 ad
553 1513 672 1560 me
711 1487 801 1560 de
840 1485 1324 1560 benivolentia
1351 1501 1383 1548 9
1441 1492 1843 1588 scripsisse,
1892 1504 1964 1560 et
2001 1489 2091 1560 de
2131 1490 2563 1588 suspicione.

423 1603 552 1696 Egi
594 1600 874 1695 gratiaS.
906 1599 1014 1668 De
1053 1595 1278 1669 altero
1314 1599 1379 1670 ei
1409 1624 1527 1670 me
1567 1624 1815 1698 purga.
1856 1603 2179 1696 Ecquem
2217 1612 2301 1668 tu
2336 1595 2568 1667 homi·

425 1733 595 1780 nem
649 1707 1168 1780 infeliciorem?
1218 1733 1370 1780 non
1420 1708 1686 1807 loquor
1728 1709 1972 1809 plura,
2014 1735 2110 1780 ne
2159 1723 2229 1779 te
2271 1731 2567 1805 quoque

426 1823 849 1891 excruciem.
885 1823 1050 1917 Ipse
1088 1819 1466 1906 conficior,
1497 1823 1777 1893 venisse
1812 1836 2129 1918 tempuS‚
2168 1843 2393 1916 quum
2418 1819 2567 1913 jam

425 1955 560 2001 nec
602 1929 912 2017 fortiter,
953 1955 1091 2002 nec
1129 1929 1531 2028 prudenter
1566 1931 1969 2030 quidquam
2008 1928 2240 2002 facere
2276 1931 2569 2028 possim.

495 2130 546 2178 6.
582 2129 826 2178 Formias.
865 2129 1013 2179 Nunc.
1047 2130 1292 2194 petimnsg
1328 2129 1446 2178 inde
1535 2123 1629 2171 Sed
1654 2123 1783 2170 Viet.
1823 2123 1959 2171 Meu.
1996 2119 2211 2178 eadem,
2240 2130 2291 2168 et
2325 2119 2395 2166 sie
2421 2117 2569 2168 vertit

423 2209 780 2272 quamprimum
798 2209 1103 2272 navigaturi:
1126 2224 1225 2271 quo
1243 2209 1447 2258 fortasse
1534 2206 1581 2254 J.
1604 2203 1667 2249 V.
1694 2203 1749 2250 L.
1778 2200 1945 2249 Lamb-
1972 2199 2154 2247 eodem.

423 2287 680 2336 Casan-imi
708 2289 933 2335 custodes
969 2298 1019 2335 et
1055 2289 1276 2349 Corycaei
1311 2287 1447 2354 quasi
1609 2283 1657 2331 8.
1692 2281 1805 2329 Non
1829 2276 2095 2345 probamus
2124 2279 2184 2325 de
2214 2277 2405 2326 Melita.
2432 2279 2478 2324 1.
2510 2293 2557 2326 e.

421 2368 561 2415 furiae
595 2382 687 2415 nos
721 2376 1085 2431 persequentur.
1125 2367 1336 2417 solvisse
1363 2384 1450 2415 au·
1538 2361 1793 2412 eonsilium
1810 2368 2033 2408 nostrum
2045 2360 2098 2406 iu
2116 2358 2335 2407 Melitam
2349 2354 2563 2406 abeundi

424 2458 520 2494 tem
539 2443 824 2495 Ciceronem
844 2448 1048 2494 Formiis
1067 2463 1220 2511 quum
1239 2450 1293 2495 in
1313 2448 1451 2495 Grae-
1538 2442 1715 2492 Caesnri
1737 2456 1837 2489 non
1860 2439 2116 2507 probatur.
2142 2440 2236 2487 En.

423 2526 550 2574 ciam
593 2524 656 2573 ad
704 2528 990 2591 Pompeium
1039 2526 1445 2591 proficisceretur,
1610 2538 1660 2585 9.
1698 2520 2052 2569 Benivolentia.
2098 2518 2257 2585 Ipsius
2301 2516 2459 2565 Balbi.
2501 2542 2571 2553 --

423 2602 607 2651 indicat
629 2604 810 2653 Coelius
831 2604 921 2654 lib.
945 2608 1090 2665 vm,
1112 2623 1190 2671 ep.
1211 2606 1300 2657 uit.
1323 2608 1447 2655 Por.
1538 2602 1847 2665 Suspicione,
1880 2618 1956 2650 me
1978 2601 2042 2650 ad
2062 2600 2348 2667 Pompeium
2371 2597 2573 2660 naviga-

493 2698 544 2741 7.
576 2684 782 2738 Eadem.
816 2686 1010 2734 Scilicet
1037 2688 1135 2735 via.
1175 2690 1350 2737 (ἔπιεν.
1375 2712 1451 2723 ——
1540 2694 1727 2732 turum.
1756 2684 1904 2733 Mur.
