3019 4681
647 333 1172 403 EPISTOLAE
1225 335 1362 401 AD
1409 335 1919 422 ATTICUM,
1952 339 2051 422 X,
2100 359 2202 404 ια.
2364 333 2499 408 155

369 454 754 543 infelicior,
793 453 918 526 sed
958 456 1106 550 jam
1152 458 1366 526 etiam
1403 455 1730 554 turpior?
1767 458 2205 530 Nominatim
2243 456 2333 528 de
2379 483 2497 530 me

368 563 503 636 sibi
539 566 968 662 imperatum
1002 573 1022 608 ¹
1065 563 1240 636 dicit
1275 571 1673 654 Antonius3
1716 591 1853 638 nec
1885 591 2003 638 me
2050 583 2293 638 tamen
2342 571 2497 666 ipse

369 673 608 749 adhuc
641 673 944 760 viderat,
992 674 1118 746 sed
1155 673 1298 746 hoc
1323 677 1659 748 Trebatio
1688 679 2021 750 narravit.
2060 676 2257 770 Quid
2292 703 2492 775 agam

369 807 604 870 nunc,
636 787 754 858 cui
783 782 962 854 nihil
1001 784 1362 880 procedit,
1403 786 1819 884 caduntque
1848 811 1931 858 ea
1954 843 1973 874 ,
2010 813 2171 884 quae
2198 787 2500 886 diligen-

367 894 639 964 tissime
666 907 840 965 sunt
866 895 1204 988 cogitata,
1241 897 1661 968 teterrime?
1698 901 1845 995 Ego
1875 901 2068 968 enim
2107 901 2499 970 Curionem

367 1007 940 1091 nactus²,omnia
975 1030 1091 1076 me
1131 1023 1666 1104 consequutum
1702 1009 1973 1105 putavi.
2014 1013 2085 1079 Is
2122 1007 2213 1078 de
2252 1031 2366 1080 me
2409 1009 2499 1078 ad

366 1115 828 1190 Hortensium
852 1111 882 1157 ³
927 1117 1326 1214 scripserat.
1383 1119 1703 1215 Reginus
1720 1116 1753 1172 4
1798 1131 1950 1188 erat
1990 1131 2191 1188 totus
2232 1130 2499 1188 noster.

347 1226 552 1316 ,Huic
577 1221 606 1268 ⁵
641 1224 820 1297 nihil
855 1225 1402 1324 suspicabamur
1437 1253 1607 1298 cum
1636 1227 1777 1298 hoc
1808 1228 1987 1298 mari
2025 1216 2296 1324 negotii
2322 1225 2499 1296 fore.

365 1334 534 1422 Quo
580 1359 696 1406 me
731 1360 930 1406 nunc
967 1337 1290 1406 vertam?
1331 1337 1672 1434 Undique
1712 1335 2101 1409 custodior.
2151 1335 2290 1408 Sed
2336 1337 2503 1407 satis

368 1439 718 1536 lacrymis.
765 1443 1036 1539 Πάρωρα
1077 1447 1366 1519 πλευτέον
1387 1440 1420 1486 ⁶
1477 1445 1727 1540 igitur,
1777 1459 1851 1516 et
1908 1443 2194 1516 occulte
2238 1445 2315 1512 in
2368 1443 2499 1513 ali-

366 1573 588 1646 quam
632 1553 1032 1626 onerariam
1068 1550 1624 1652 corrependum.
1658 1557 1825 1626 Non
1864 1551 2461 1626 committendum
2482 1607 2500 1640 ,

368 1674 449 1730 ut
495 1663 706 1732 etiam
754 1677 1136 1759 compacto
1159 1673 1184 1718 ⁷
1245 1661 1599 1760 prohibiti
1652 1663 2046 1736 videamur.
2092 1664 2327 1734 Sicilia
2370 1686 2500 1760 pe·

367 1769 619 1858 tenda;
649 1784 868 1868 quam
897 1775 956 1844 si
989 1774 1258 1844 erimus
1308 1775 1531 1860 nacti,
1566 1775 1835 1868 majora
1872 1774 2201 1871 quaedam
2246 1797 2495 1844 consc-

364 1905 696 1976 quemur.
744 1885 848 1952 Sit
877 1880 1096 1953 modo
1131 1897 1324 1954 recte
1367 1886 1442 1952 in
1490 1884 1893 1980 Hispaniis:
1936 1905 2376 1980 quamquam
2407 1880 2499 1950 de

365 1991 520 2086 ipsa
569 1987 855 2061 Sicilia⁸
907 1993 1180 2062 utinam
1237 1995 1330 2063 sit
1364 1991 1656 2064 verum!
1706 1991 1829 2064 sed
1873 1991 2114 2063 adhuc
2157 1991 2335 2062 nihil
2382 2016 2494 2062 se-

362 2099 602 2172 cundi.
655 2105 1066 2172 Concursus
1111 2104 1519 2176 Siculorum
1564 2103 1655 2174 ad
1705 2109 2053 2175 Catonem
2094 2103 2357 2174 dicitur
2393 2099 2495 2172 fa·

361 2225 558 2298 ctus;
583 2235 822 2284 orasse
843 2265 862 2296 ‚
893 2226 976 2283 ut
1005 2215 1368 2286 resisteret
1389 2225 1422 2274 9
1441 2241 1460 2302 ;
1481 2216 1725 2286 omnia
1744 2213 2141 2310 pollicitos;
2172 2235 2493 2282 commo-

363 2337 518 2393 tum
554 2321 799 2410 illum,
844 2321 1204 2396 delectum
1239 2322 1508 2397 habere
1544 2324 1869 2422 coepisse.
1909 2325 2077 2395 Non
2114 2321 2370 2411 c'red0‚
2416 2336 2495 2392 ut

363 2446 472 2511 est
493 2430 901 2508 luculentus
921 2446 1263 2505 auctor-¹⁰:
1280 2437 1599 2531 potuisse
1614 2449 1807 2507 certe
1835 2450 2083 2507 tenere
2112 2434 2305 2505 illam
2334 2458 2497 2532 pro-

439 2662 480 2695 x.
516 2645 620 2693 Sibi
651 2646 952 2711 imperatum.
992 2647 1066 2697 Ne
1105 2647 1209 2695 scil.
1241 2648 1380 2696 Italia

360 2742 438 2773 me
466 2725 598 2773 exire
627 2724 855 2791 patiatur.
888 2728 1004 2773 Seu.

433 2824 482 2855 2.
500 2808 756 2856 Curionem
771 2820 957 2857 nactus.
981 2810 1082 2872 Qui
1104 2824 1298 2857 cunum
1322 2810 1380 2857 li-

361 2888 534 2937 berum
551 2905 640 2953 per
661 2888 872 2937 Siciliam
893 2890 1200 2953 promiserat.
1231 2892 1322 2943 En.

433 2968 480 3015 3.
512 2967 597 3015 Ad
611 2967 937 3015 Hortensium.
967 2968 1029 3031 Q.
1050 2966 1204 3015 fllium
1225 2969 1380 3017 Insero

359 3047 482 3092 mani
509 3062 536 3093 ι
569 3046 758 3094 Caesare
789 3047 1103 3109 praefectum3
1135 3063 1196 3093 ne
1227 3064 1378 3095 meam

359 3124 722 3189 navigationem
753 3124 1025 3190 impediret.
1057 3128 1146 3175 En.

433 3212 482 3259 4.
521 3202 746 3268 Reginus.
787 3208 842 3254 1..
887 3205 1129 3251 minutius
1164 3206 1379 3262 Basilus,

360 3284 444 3346 qui
477 3283 619 3331 etiam
644 3295 849 3347 praeerat
879 3284 1036 3331 infero
1061 3283 1198 3332 mari.
1229 3287 1373 3333 Oros.

358 3362 448 3411 lib.
469 3365 565 3423 Vl,
588 3380 634 3412 c.
667 3365 742 3413 15.
759 3363 1005 3413 Corradus
1033 3364 1166 3411 hunc
1193 3363 1378 3413 dictum

357 3454 496 3507 putat
517 3442 667 3491 latine
687 3444 934 3509 Reginum.
963 3442 1060 3489 Sed
1083 3456 1200 3493 tunc
1229 3459 1378 3507 opor-

357 3523 526 3571 tuisset
538 3522 730 3587 Regius.
747 3525 876 3587 Ergo
895 3521 1194 3585 Mougalthu
1215 3522 1379 3570 mallet

355 3600 595 3666 Rheginus
629 3618 657 3649 a
701 3602 892 3665 Rhegio
939 3600 1078 3649 Julii.
1124 3601 1378 3664 Deniquei

355 3680 592 3743 probante
625 3682 758 3731 J.V.
794 3684 850 3729 L.
889 3682 961 3730 M.
1005 3680 1068 3727 de
1118 3679 1380 3729 chambot-s

353 3756 550 3821 (Aeaci.
582 3759 667 3807 des
708 3763 862 3809 Inscr.
897 3771 944 3807 et
985 3759 1378 3817 Bella-Lectus,

355 3836 592 3895 Histoire,
611 3855 728 3887 ann.
751 3854 770 3885 1
784 3841 882 3901 734
895 3836 938 3903 )‚
959 3838 1080 3887 nihil
1093 3838 1380 3887 mutandum

355 3926 494 3979 putat
511 3952 525 3975 ,
560 3929 607 3965 et
635 3918 712 3983 agi
738 3918 799 3965 de
825 3921 882 3969 C.
915 3918 1130 3967 Antistio
1157 3918 1378 3981 Regino,

355 3994 557 4044 Caesaris
574 3997 733 4061 legato
749 4032 764 4055 ,
784 3998 846 4046 de
871 4014 971 4061 quo
993 3998 1110 4049 Bell.
1133 3997 1258 4045 Gall.
1279 4000 1351 4044 VI
1361 4033 1373 4053 ,

366 4090 382 4120 1
405 4078 559 4134 ;V11,
590 4078 682 4134 83,
709 4094 796 4139 90·
825 4080 918 4126 En.

1541 2646 1590 2701 5.
1616 2649 1760 2697 Huic.
1782 2649 1979 2697 Scilicet
1998 2651 2075 2698 M.
2095 2649 2335 2698 Antonio.
2374 2686 2392 2697 .

1540 2731 1589 2781 6.
1610 2726 1823 2797 Πάρωρα
1834 2727 2074 2777 πλευτέον.
2092 2730 2272 2775 Praeter
2286 2740 2499 2791 tempus,

1469 2807 1689 2857 nondum
1713 2819 1881 2872 aperto
1904 2806 2023 2854 mari
2042 2806 2384 2871 navigandum.

1544 2904 1589 2949 7.
1622 2888 1897 2952 (bmpaceo.
1928 2888 2215 2945 Convento,
2242 2887 2487 2951 pactione.

1471 2969 1551 3015 Sic
1571 2967 1724 3016 Plaut.
1748 2990 1773 3009 u
1788 2966 2059 3031 Compac'to
2077 2984 2179 3016 rem
2196 2977 2349 3030 agunt
2362 2988 2403 3013 a.
2423 2992 2491 3001 --

1470 3047 1624 3106 Olim,
1667 3063 1776 3093 cum
1806 3058 1974 3110 pacto.
2018 3044 2304 3094 Emendatio
2351 3054 2423 3090 est
2460 3060 2483 3087 a

1465 3126 1719 3184 Manutio,
1741 3142 1883 3189 quam
1909 3137 2067 3173 tannen
2108 3124 2204 3175 sibi
2230 3120 2489 3184 adscripsit

1468 3204 1577 3251 Sch.
1595 3206 1687 3252 En.
1710 3232 1780 3240 —
1806 3204 2012 3252 Occulte
2038 3204 2162 3251 *hinc
2189 3202 2355 3264 cogito
2389 3198 2487 3245 ‹lis-

1467 3282 1637 3331 cedere
1668 3297 1681 3330 :
1712 3299 1825 3331 nam
1851 3283 1893 3329 si
1927 3281 2206 3329 resciverint
2233 3276 2488 3329 caesariani

1467 3362 1705 3425 suspicari
1740 3372 1902 3426 ponet
1942 3360 2201 3423 Pompeius
2232 3358 2328 3407 hoc
2362 3356 2489 3405 acci-

1467 3441 1593 3489 disse
1626 3458 1702 3489 me
1738 3442 1963 3499 volente,
1998 3438 2087 3503 qni
2126 3436 2287 3502 palan
2322 3436 2487 3500 prufe-

1468 3532 1575 3571 ctus
1610 3538 1761 3569 essem
1794 3531 1852 3568 nt
1884 3517 2163 3584 impedirer.
2187 3518 2279 3563 En.

1542 3602 1589 3649 8.
1651 3603 1726 3649 De
1776 3599 1885 3663 ipsa
1934 3596 2123 3647 Sicilia.
2185 3597 2491 3657 Quamquam

1466 3676 1671 3727 fortasse
1688 3678 1839 3725 Curio
1858 3676 2073 3725 siciliam
2092 3674 2323 3727 amiserit.
2338 3673 2489 3737 Quod

1468 3757 1657 3805 utinam
1678 3756 1743 3803 ita
1764 3756 1827 3802 sit
1856 3756 1867 3801 !
1894 3754 2035 3803 Mu.

1542 3852 1595 3897 9.
1622 3835 1891 3883 Resiscerec.
1920 3833 2123 3883 Curioni
2150 3847 2321 3895 nempe
2346 3831 2491 3881 adve-

1468 3915 1639 3965 aienti.

1546 4010 1626 4041 10.
1645 3993 1931 4041 Luculeneus
1959 4002 2145 4039 auctor.
2172 3992 2245 4049 1³,
2276 3990 2363 4053 qui
2386 3988 2493 4037 lwe-

1471 4074 1613 4123 dixit.
1648 4070 1931 4140 Εἰρωνυιῶς.
1961 4074 2104 4121 Mu«.
