3019 4681
508 350 651 437 482
1148 350 1245 421 M.
1294 352 1372 419 T.
1424 350 2011 420 c1cERole

510 474 873 546 auditores
924 487 1175 545 nactus
1204 526 1223 560 ‚
1272 474 1347 542 in
1409 473 1742 543 convivio
1793 471 2144 542 duntaxat
2197 469 2403 568 legat.
2461 468 2644 543 Mihi

508 584 715 657 valde
760 583 1080 683 place-nu
1123 582 1410 654 mallem
1448 580 1602 653 tibi.
1651 585 1882 653 Etiam
1911 596 2132 677 atque
2169 582 2382 651 etiam
2415 568 2596 650 vale.

510 752 615 813 ipsa
660 748 901 814 posuisti,
946 764 1055 811 quoe
1092 748 1211 797 mihi
1254 746 1534 797 florentior·
1621 758 1759 794 netto
1778 780 1794 807 ,
1839 746 1892 795 in
1933 744 2271 810 supplemento
2311 745 2376 792 ad
2416 760 2644 809 magnum

514 841 632 879 sunt
660 832 759 877 visa
791 841 879 878 tuo
898 828 1087 890 judicio
1100 848 1143 875 ιο.
1170 830 1317 876 Hunc
1341 842 1534 875 sensum
1621 826 1831 874 diction.
1859 824 1945 875 lat.
1981 824 2273 883 Fon-sellim,
2297 826 2468 874 Patav.
2494 824 2644 881 1816,

510 924 708 972 quoquo
724 908 917 959 videtur
952 907 1223 972 pretuli-n
1252 908 1336 957 Jo.
1366 904 1534 955 Fnrla·
1621 921 1732 955 voc.
1755 904 2040 969 eclog-rius.
2067 907 2161 955 En.

512 1074 787 1097 §mmm
792 1070 1155 1093 nno-mmm
1161 1065 2171 1092 mfflfflmmmmwtw
2179 1068 2362 1089 m
2369 1068 2641 1090 mm

1146 1253 1787 1335 EPISTOLA
1839 1252 2015 1332 III.

516 1428 807 1491 Rescribit
850 1426 1029 1489 Attici
1074 1426 1287 1498 literis,
1332 1438 1390 1485 et
1419 1445 1550 1503 quae
1587 1445 1648 1485 se
1680 1425 1740 1483 in
1779 1422 2035 1485 discessu
2077 1424 2170 1483 vel
2213 1437 2512 1497 moveant,
2557 1427 2651 1484 vel

595 1528 997 1601 consolentur,
1042 1524 1305 1603 exponit.
1350 1526 1451 1596 (In
1480 1522 1866 1601 Pompeiano,
1897 1541 2050 1580 anno
2087 1526 2163 1582 U.
2193 1524 2259 1583 C.
2289 1540 2428 1601 709,
2459 1542 2652 1581 mense

596 1622 879 1703 quintili.)

1192 1750 1503 1819 CICERO
1551 1748 1873 1815 ATTICO
1918 1748 1985 1815 S.

615 1898 719 1969 Tu
760 1914 937 1967 vero
970 1897 1335 1992 sapienter
1360 1891 1604 1987 (nunc
1635 1889 1932 1961 demum
1965 1892 2160 1963 enim
2189 1890 2508 1965 rescribo
2543 1891 2657 1965 his

521 2008 749 2081 literis
769 2061 789 2094 ‚
838 2027 1019 2102 quas
1047 2003 1229 2074 mihi
1260 2004 1548 2088 misisti,
1591 2015 1951 2072 convento
1987 2002 2307 2073 Antonio
2332 2000 2656 2091 Tiburi),

524 2122 885 2217 sapienter
921 2114 1175 2211 igitur,
1208 2111 1412 2208 quod
1436 2134 1698 2181 manus
1735 2108 2034 2198 dedisti,
2068 2109 2417 2209 quodque
2444 2112 2662 2185 etiam

528 2229 724 2299 ultro
758 2225 1017 2323 gratias
1052 2224 1280 2319 egisti.
1316 2226 1528 2294 Certe
1555 2223 1746 2293 enim
1767 2274 1786 2308 ‚
1813 2234 1897 2291 ut
1919 2219 2212 2310 scribis,
2248 2220 2664 2295 deseremur

528 2338 776 2438 potius
820 2361 861 2406 a
904 2331 1307 2432 republica,
1354 2356 1574 2430 quam
1611 2357 1652 2402 a
1694 2355 1774 2404 re
1823 2328 2176 2404 familiari.
2229 2332 2446 2424 Quod
2491 2359 2664 2408 vero

530 2446 785 2522 scribis
832 2460 908 2517 te
952 2445 1177 2541 magis
1224 2455 1299 2514 et
1336 2443 1554 2540 magis
1593 2440 1973 2528 delectari,
2005 2467 2052 2514 o
2091 2443 2302 2516 ΤιίῚει
2326 2497 2347 2531 ,
2395 2468 2455 2518 s1
2489 2467 2666 2527 Qum

534 2583 673 2630 mo
694 2610 714 2643 ,
756 2553 1005 2626 addis²
1042 2552 1223 2623 mihi
1248 2551 1610 2622 scribendi
1637 2550 2093 2624 alacritatem.
2121 2553 2343 2642 Quod
2375 2557 2666 2628 Erotem

534 2691 686 2738 non
732 2668 887 2735 sine
926 2661 1361 2732 munusculo
1398 2655 1856 2758 exspectare⁸
1899 2658 2108 2750 dicis,
2165 2661 2483 2760 gaudeO,
2519 2691 2666 2738 non

538 2773 871 2848 fefellisse
912 2797 1071 2845 eam
1106 2795 1263 2843 rem
1290 2770 1712 2869 opinionem
1751 2785 1949 2842 tuam
1987 2799 2004 2842 ε
2041 2771 2168 2844 sed
2203 2787 2444 2846 tamen
2477 2775 2670 2850 idem

538 2883 911 2978 σύνταγμα4
938 2878 1101 2950 misi
1134 2877 1226 2949 ad
1244 2893 1315 2951 te
1339 2878 1828 2966 retractatiuS‚
1854 2892 1928 2948 et
1957 2877 2252 2975 quidem
2279 2883 2624 2977 ἀρχέτυπον
2643 2871 2674 2916 ⁵

542 2997 779 3094 ipsum
798 3045 819 3079 ‚
850 2987 1121 3062 crebris
1146 2989 1325 3060 locis
1358 2988 1796 3060 inculcatum
1827 3003 1899 3059 et
1927 2985 2301 3064 refectum.
2341 2997 2554 3064 Hunc
2592 3009 2676 3066 tu

543 3103 881 3177 tralatum
926 3102 1005 3170 in
1048 3098 1544 3170 macrocolum
1565 3093 1598 3138 ⁶
1648 3097 1804 3192 lege
1839 3121 2102 3168 arcano
2129 3101 2450 3172 convivis
2483 3103 2622 3174 tuis
2652 3129 2671 3171 ε

546 3214 717 3302 sed,
754 3213 816 3286 si
844 3235 964 3284 me
998 3233 1192 3283 amas
1215 3263 1235 3298 ,
1274 3207 1522 3280 hilaris
1567 3220 1640 3277 et
1677 3204 1871 3277 bene
1913 3213 2264 3306 acceptis,
2315 3235 2409 3281 ne
2449 3215 2527 3282 in
2561 3235 2676 3282 me

548 3322 1004 3399 stomachum
1045 3333 1431 3418 erumpant
1454 3370 1474 3406 ‚
1512 3341 1742 3415 quum
1771 3319 1916 3388 sint
1943 3316 2076 3390 tibi
2111 3321 2296 3390 irati.
2339 3325 2450 3394 De
2487 3323 2680 3394 Cice-

550 3461 731 3508 rone
757 3489 778 3522 ,
812 3432 1027 3503 velim
1075 3429 1173 3500 ita
1215 3433 1341 3516 sit,
1377 3441 1463 3498 ut
1505 3425 1859 3500 audimus.
1900 3429 2011 3498 De
2053 3431 2394 3518 Xenone,
2440 3454 2680 3502 coram

553 3565 986 3641 cognoscam
1024 3565 1040 3610 ε
1087 3561 1527 3635 quamquam
1569 3535 1749 3607 nihil
1799 3535 1890 3608 ab
1943 3562 2032 3609 eo
2090 3537 2404 3612 arbitror
2445 3565 2682 3638 neque

632 3725 679 3760 1.
700 3711 745 3757 Ο
776 3708 899 3758 Tite.
916 3705 1066 3756 Lihm
1089 3703 1152 3752 de
1170 3705 1448 3764 Senectute,
1470 3702 1585 3768 qui,
1745 3693 1796 3752 3.
1827 3705 2144 3770 Exspectare.
2164 3703 2294 3754 Male
2313 3706 2517 3756 Con-ad.
2530 3706 2690 3756 voluit

560 3787 685 3836 Cato
713 3787 890 3853 major,
916 3783 1201 3834 inscribitur
1216 3817 1233 3842 ‚
1271 3784 1411 3844 cujus
1444 3783 1584 3847 prin·
1673 3795 1987 3848 exspectasse.

556 3865 739 3930 cipium
762 3873 834 3914 est
854 3878 867 3912 :
897 3866 942 3912 Ο
966 3863 1085 3924 Tite,
1106 3860 1155 3909 si
1178 3861 1302 3926 quid
1318 3877 1408 3927 ego
1434 3859 1583 3926 adjaeſs
1745 3864 1794 3912 4.
1809 3853 2076 3924 Σύνταῃια.
2093 3856 2243 3920 Opus,
2256 3855 2407 3903 fibros
2421 3855 2480 3904 de
2502 3855 2689 3904 Gloria.

558 3961 613 3990 ro
634 3958 859 3992 curamve
879 3943 1066 3992 levasso
1084 3977 1101 3999 ,
1124 3950 1219 3989 etc.
1747 3935 1792 3982 5.
1827 3922 2115 4001 Ᾰρχὲτωτον.
2159 3933 2431 3998 Exemplar
2455 3933 2694 4000 primige-

633 4039 683 4071 ι.
726 4021 901 4071 Aadss.
937 4023 1161 4068 Muretus
1186 4029 1233 4068 et
1259 4001 1463 4078 saihs,
1492 4018 1584 4066 aa·
1671 4014 1824 4064 nium.

520 4099 527 4112 '
558 4101 640 4148 die.
1739 4093 1790 4140 6.
1819 4092 2168 4142 Mac-roccham.
2197 4095 2242 4140 V
2246 4093 2324 4141 ide
2350 4093 2497 4152 xm,
2529 4093 2616 4140 25.
