3019 4681
712 361 1216 434 EPISTOLAE
1265 361 1399 432 AD
1447 363 1930 450 ATTICUM,
1961 365 2152 449 XII,
2193 365 2310 458 49.
2405 361 2551 457 295

426 507 862 580 causamque
890 507 1093 556 suam
1129 482 1313 553 mihi
1338 486 1782 583 perscripsit.
1815 485 2206 584 Rescripsi,
2245 497 2554 582 patrono

425 594 525 664 illi
549 591 733 664 nihil
760 618 945 691 opus
974 617 1126 666 esse
1144 647 1163 682 ,
1186 595 1534 692 quoniam
1558 596 1885 683 CaesariS,
1915 589 2346 693 propinqui⁶
2373 596 2435 688 ej
2447 619 2552 680 uS‚

425 707 665 784 omnis
690 718 1008 803 potestas
1042 717 1266 793 esset,
1314 705 1448 777 viri
1500 706 1790 802 optimi,
1829 719 1908 778 et
1947 705 2261 775 hominis
2295 702 2556 774 libera·-

426 815 712 903 lissimi3
770 838 889 885 me
948 829 1193 886 tamen
1255 818 1321 886 ei
1384 813 1781 887 fauturum.
1843 819 1908 885 Ο
1952 812 2314 912 tempora!
2355 811 2510 884 fore
2537 865 2558 900 ,

425 947 656 1022 quum
690 923 977 997 dubitet
1015 924 1353 1006 Curtius⁷
1398 925 1857 999 consulatum
1894 924 2186 1023 petere?
2229 923 2367 996 Sed
2409 923 2560 995 haec
2611 925 2616 932 ’

428 1033 797 1106 hactenus.
839 1030 959 1106 De'
988 1038 1293 1122 Tirone,
1327 1035 1509 1108 mihi
1543 1061 1735 1110 curae
1775 1049 1902 1109 est.
1949 1034 2088 1106 Sed
2115 1035 2265 1130 jam
2303 1034 2559 1120 sciam,

426 1143 607 1241 quid
650 1157 831 1240 agat.
878 1147 1047 1216 Heri
1075 1148 1271 1218 enim
1300 1147 1501 1234 misi,
1535 1149 1664 1243 qui
1689 1145 1968 1217 'videret
1999 1173 2017 1215 ε
2061 1137 2180 1216 eui
2221 1145 2435 1216 etiam
2469 1144 2558 1216 ad

428 1268 501 1325 te
536 1253 774 1326 literas
818 1253 1007 1326 dedi.
1044 1255 1439 1353 Epistolam
1472 1255 1562 1327 ad
1597 1259 1944 1332 Caesarem
1976 1253 2106 1327 tibi
2143 1256 2323 1327 misi.
2349 1255 2561 1326 Horti

426 1387 650 1460 quam
684 1365 761 1434 in
793 1361 987 1436 diem
1024 1368 1409 1466 proscripti
1444 1367 1626 1456 sint,
1663 1365 1880 1438 velim
1909 1366 1998 1438 ad
2025 1391 2146 1438 me
2172 1363 2460 1437 scribas.

498 1535 552 1585 6.
576 1536 844 1602 Propinqui
856 1537 973 1606 ejus.
994 1539 1051 1588 C.
1073 1539 1261 1589 Marius
1285 1540 1454 1588 illese-
1539 1539 1796 1606 exp1orato
1812 1539 2074 1598 habuisset,
2087 1539 2181 1587 sibi
2200 1538 2264 1588 ad
2279 1539 2567 1604 petitionem

428 1625 563 1682 ptem
603 1617 938 1667 consulatibus
982 1619 1184 1683 insignis
1202 1654 1217 1680 ,
1248 1635 1455 1668 uxorem
1543 1618 1820 1668 consulatus
1843 1618 2034 1666 nullum
2055 1618 2239 1666 aditum
2268 1627 2446 1682 patere.
2467 1616 2567 1664 Mi-

429 1697 573 1748 duxit
595 1697 777 1754 saliam
802 1699 1004 1752 emis
1030 1699 1240 1750 amitam.
1269 1701 1417 1752 Mu.
1541 1697 1740 1750 sertim
1774 1697 1925 1761 igitur
1951 1706 2086 1747 erant
2110 1707 2329 1761 tempora
2345 1729 2362 1756 ‚
2389 1695 2568 1759 quibus

504 1793 551 1838 ¹7.
581 1777 742 1840 Quum
769 1777 951 1826 dubitet
972 1776 1177 1828 Curtius.
1206 1779 1356 1842 Quasi
1374 1779 1453 1832 in-
1539 1777 1762 1826 homines
1778 1775 2139 1842 flagitiosissimi
2156 1791 2291 1839 spem
2309 1773 2568 1838 quamdam

430 1865 619 1903 cenum
642 1867 795 1914 esset,
822 1866 1013 1920 posset.
1037 1873 1192 1905 necne
1224 1855 1451 1905 comula·
1541 1855 1776 1904 haberent
1809 1870 2108 1904 summorum
2142 1855 2386 1902 honorum
2406 1852 2568 1916 adipi-

430 1945 537 1981 tum
559 1945 741 1998 petere.
764 1939 833 1984 At
852 1935 1099 2000 republica
1120 1935 1245 1984 bene
1265 1935 1452 1983 comti-
1541 1935 1847 1984 mendorum.
1866 1934 1992 1982 Nam
2013 1934 2100 2000 qui
2119 1933 2369 1990 dubitant,
2389 1931 2568 1996 partim

430 2021 535 2062 tnta
556 2029 661 2062 non
685 2013 981 2075 dubitant,
1006 2014 1095 2064 sed
1122 2031 1217 2080 pro
1243 2025 1379 2064 σοι-ιο
1404 2025 1455 2062 et
1542 2026 1658 2066 suut
1680 2014 1734 2065 in
1752 2031 1870 2080 spe,
1897 2013 2076 2082 partim
2097 2015 2153 2060 in
2183 2022 2335 2062 metu.
2357 2013 2566 2059 Bonus.

431 2167 865 2196 nmmum

2483 2167 2574 2188 m

1290 2172 1658 2195 mmm

1133 2347 1716 2427 EPISTOLA
1780 2348 1871 2425 L.

500 2518 652 2579 Petit
672 2520 748 2581 ab
776 2521 971 2581 Attico
987 2564 1003 2592 ,
1034 2533 1101 2580 ut
1120 2540 1185 2579 se
1208 2496 1604 2587 mox-revisat,
1634 2518 1747 2600 (In
1773 2520 2122 2588 Tusculano,
2150 2536 2304 2577 anno
2333 2521 2406 2577 U.
2433 2520 2498 2577 C.

1199 2617 1335 2691 708,
1360 2634 1557 2703 mense
1574 2615 1802 2695 junio.)

1110 2764 1419 2836 CICERO
1462 2763 1786 2832 ATrlco
1827 2764 1892 2836 S.

538 2912 649 2979 Ur
683 2932 801 2982 me
842 2908 1111 2979 levarat
1144 2920 1317 2977 tuus
1347 2902 1698 2977 adventus
1713 2958 1734 2994 ‚
1772 2908 1877 2977 sic
1909 2904 2263 2976 discessus
2297 2901 2568 2975 afflixit.

442 3020 683 3110 Quare
733 3042 961 3117 quum
1005 3018 1278 3116 poteris
1303 3071 1323 3106 ,
1372 3012 1447 3086 id
1504 3028 1612 3086 est
1633 3066 1656 3099 ,
1711 3038 1941 3111 quum
1999 3014 2198 3085 Sexti
2253 3013 2572 3083 auctioni

445 3154 740 3229 operam
772 3128 1093 3217 dederis,
1136 3131 1402 3199 revises
1436 3147 1594 3197 nos.
1639 3123 1775 3197 Vel
1815 3147 2008 3194 unus
2031 3119 2197 3205 ¹dies
2223 3120 2407 3191 mihi
2436 3122 2572 3191 erit

444 3240 680 3330 utilis3
719 3238 899 3338 quid
930 3237 1199 3326 dicam,
1240 3234 1537 3335 gratus?
1559 3236 1723 3331 Ipse
1757 3236 2061 3303 Romam
2087 3228 2447 3318 venirem,
2489 3242 2574 3299 ut

444 3374 593 3421 una
634 3374 953 3424 essemus
979 3403 1000 3439 ‚
1060 3351 1121 3419 si
1172 3347 1343 3420 satis
1386 3344 1769 3417 consilium
1821 3340 2132 3441 quadam
2183 3338 2276 3413 de
2317 3362 2399 3413 re
2439 3339 2571 3410 ha-

445 3458 713 3534 berem.
780 3484 791 3499 ·
