3019 4681
721 365 1248 440 EPISTOLAE
1297 365 1496 435 CIC.
1549 367 1672 436 ET
1722 367 2096 450 BRUTI,
2150 363 2255 440 16.
2403 363 2551 436 683

417 541 1895 569 mmmmm-mmmm
1902 547 2548 570 mmmmm

993 705 1631 840 'EPISTOLA
1698 653 1929 786 xvl.

415 884 684 942 Graviter
705 880 1078 960 reprehendit
1117 881 1413 942 Ciceronis
1447 879 1525 940 ad
1557 883 1865 942 Octavium
1903 883 2242 962 epistolam,
2273 905 2388 962 qua
2418 905 2549 944 eum

496 993 690 1059 rogat,
724 993 790 1038 ut
813 980 1151 1038 liberatores
1181 979 1383 1056 patriae
1411 980 1601 1038 salvos
1630 980 1819 1039 vellet.
1846 981 1965 1060 (Ex
1994 982 2373 1054 Macedonia,
2400 1003 2553 1040 anno

494 1081 566 1135 U.
585 1080 650 1136 C.
675 1093 817 1148 7¹0,
843 1093 1038 1133 mense
1071 1073 1348 1153 quintili.)

1021 1247 1361 1312 BRUTUS
1404 1247 1823 1316 CICERONI
1868 1249 1935 1314 S.

509 1395 988 1461 Pan-neuun
1009 1387 1380 1458 literarum
1401 1401 1695 1457 tuarum
1716 1441 1735 1474 ,
1754 1413 1935 1484 quas
1957 1392 2210 1462 misisti
2232 1393 2560 1480 Octavi0,

414 1501 586 1598 legi,
625 1503 912 1571 missam
943 1498 1036 1568 ab
1072 1498 1311 1569 Attico
1338 1496 1541 1568 mihi.
1572 1496 1907 1568 Studium
1950 1513 2196 1584 tuum,
2236 1525 2560 1597 curaque

414 1609 505 1682 de
548 1611 778 1681 salute
819 1635 1014 1696 mea,
1055 1607 1256 1679 nulla
1291 1631 1412 1678 me
1445 1631 1639 1678 nova
1670 1606 2043 1703 voluptate
2076 1606 2317 1682 affecit
2350 1637 2365 1678 :
2406 1635 2560 1679 non

413 1720 646 1790 solum
707 1723 900 1791 enim
953 1720 1340 1806 usitatum,
1400 1717 1527 1790 sed
1583 1718 1799 1788 etiam
1856 1717 2361 1814 quotidianum
2407 1732 2557 1801 est,

413 1815 693 1926 aliquid
729 1829 978 1902 audire
1019 1827 1110 1900 de
1150 1843 1258 1914 te,
1295 1825 1498 1928 quod
1542 1851 1681 1924 pro
1724 1841 1967 1897 nostra
2008 1825 2353 1924 dignitate
2385 1826 2557 1900 fide-

413 1939 578 2010 liter
615 1955 835 2039 atque
873 1937 1276 2011 honorifice
1307 1934 1615 2023 dixeriS,
1654 1950 1778 2007 aut
1811 1933 2083 2008 feceris.
2130 1939 2225 2007 At
2262 1935 2553 2024 dolore,

411 2065 764 2147 quantum
831 2052 1078 2120 animo
1133 2050 1531 2118 maximum
1598 2069 1855 2143 capere
1914 2069 2210 2142 possum
2234 2099 2253 2134 ,
2298 2044 2549 2116 eadem

409 2157 532 2228 illa
573 2183 736 2256 pars
775 2158 1130 2257 epistolae,
1169 2158 1449 2254 scriptae
1484 2155 1576 2226 ad
1622 2157 2000 2227 Octavium
2036 2154 2127 2226 de
2160 2154 2411 2244 nobis,
2452 2153 2551 2225 af-

409 2263 600 2337 fecit.
645 2268 759 2337 Sic
795 2268 992 2336 enim
1025 2266 1127 2336 illi
1159 2268 1420 2364 gratias
1455 2267 1605 2364 agis
1632 2264 1723 2336 de
1758 2265 2165 2365 republica3
2203 2279 2351 2336 tam
2383 2289 2553 2364 sup·

409 2376 690 2474 pliciter
725 2402 808 2449 ac
839 2376 1145 2451 demisse
1175 2376 1398 2475 (quid
1440 2377 1795 2451 scribam?
1824 2375 2053 2478 pudet
2080 2376 2545 2449 conditionis¹

407 2510 490 2556 ac
526 2484 874 2575 fortunae3
919 2487 1044 2560 sed
1089 2502 1334 2561 tamen
1384 2488 1852 2560 scribendum
1900 2488 2047 2578 est)
2086 2487 2552 2560 commendas

273 2696 280 2701 ·
405 2612 728 2670 nostram
767 2597 1072 2671 salutem
1109 2600 1210 2671 illi
1247 2600 1460 2699 (quae
1514 2614 1751 2672 morte
1800 2624 1943 2697 qua
1988 2624 2138 2671 non
2189 2600 2553 2699 pernicio-

406 2708 552 2778 sior
578 2710 607 2779 Ρ
629 2708 656 2805 )
678 2764 696 2797 ,
737 2724 820 2781 ut
854 2734 1154 2808 prorsus
1187 2736 1334 2809 prae
1373 2726 1446 2783 te
1488 2711 1712 2801 feras,
1743 2736 1894 2783 non
1932 2710 2284 2782 sublatam
2324 2709 2553 2782 domi-

405 2820 809 2905 nationem,
839 2820 964 2891 sed
994 2821 1376 2892 dominum
1405 2836 1930 2893 commutatum
1966 2818 2398 2893 esse.Verba
2426 2836 2549 2891 tua

404 2950 884 3024 recognosce,
937 2946 1011 2999 et
1044 2930 1236 3001 aude
1273 2956 1574 3027 negare,
1628 2932 2007 3003 servientis
2054 2930 2391 3001 adversus
2431 2954 2547 2999 re·-

403 3061 568 3133 gem
621 3040 790 3108 istas
844 3062 1000 3109 esse
1039 3062 1310 3136 preces.
1361 3044 1609 3109 Unum
1652 3042 1755 3111 ais
1806 3064 2003 3126 esse,
2059 3037 2258 3134 quod
2313 3036 2407 3107 ab
2452 3060 2541 3106 eo

403 3146 818 3245 postuletur
866 3160 938 3218 et
987 3162 1450 3245 exspectetur
1489 3176 1504 3217 ε
1556 3163 1640 3218 ut
1684 3172 1809 3218 eos
1854 3150 2082 3231 civeS,
2137 3145 2228 3215 de
2277 3144 2547 3242 quibus

405 3259 538 3329 viri
572 3256 795 3347 boni,
841 3258 1304 3355 populusque
1349 3282 1699 3329 romanus
1734 3256 1925 3328 bene
1962 3260 2355 3343 existimet,
2402 3255 2543 3326 sal-

401 3392 533 3439 vos
584 3368 778 3439 velit.
843 3365 1084 3458 Quid?
1127 3369 1188 3439 si
1227 3366 1447 3457 nolit,
1503 3393 1659 3439 non
1702 3367 2020 3438 erimus?
2076 3367 2337 3462 Atqui,
2386 3389 2539 3435 non

403 3500 596 3566 esse,
641 3500 858 3575 quam
901 3502 1056 3549 esse
1097 3502 1229 3577 per
1265 3478 1508 3567 illum,
1551 3491 1858 3577 praestat.
1912 3481 2098 3573 Ege,
2141 3474 2419 3545 medius
2454 3473 2543 3544 fi-

400 3586 601 3672 dius,
645 3612 800 3659 non
845 3588 1216 3677 existimO,
1257 3603 1403 3661 tam
1455 3612 1711 3661 omnes
1754 3586 1931 3660 deos
1983 3610 2266 3658 aversos
2314 3610 2467 3659 esse
2504 3613 2545 3659 a

399 3696 630 3767 salute
677 3696 934 3795 populi
984 3702 1265 3771 romani
1287 3754 1306 3785 ,
1363 3714 1446 3771 ut
1506 3701 1845 3771 Octavius
1900 3696 2221 3768 orandus
2270 3697 2364 3767 sit
2405 3721 2548 3795 pro

473 3876 522 3911 ι..
574 3859 894 3912 Condit-'ona
939 3862 1098 3915 Pudet
1140 3878 1201 3913 eo
1229 3881 1320 3913 non
1357 3880 1434 3915 re·
1521 3864 1609 3928 qui
1624 3865 1779 3913 homo
1794 3861 2264 3923 consular-instanti·
2287 3863 2435 3912 rehu
2456 3880 2539 3927 ge·

401 3938 572 3993 dacto.
611 3938 910 3991 conditioni»
965 3958 1028 3991 ac
1073 3942 1314 4003 (ortum,
1373 3954 1428 3993 nt
1514 3942 1623 4003 ῥεὶι,
1650 3959 1781 3998 nunc
1800 3958 1913 3991 cum
1936 3944 2033 3991 isto
2050 3958 2205 4007 puero
2232 3952 2333 3991 tam
2349 3942 2541 4007 suppli·-

401 4018 813 4071 commendandos
873 4020 1082 4071 oemio
1141 4034 1298 4087 puteo.
1331 4024 1426 4073 Vel
1516 4024 1659 4081 citer,
1694 4033 1791 4071 tam
1829 4022 2033 4071 demine
2068 4038 2197 4087 agan.
2231 4023 2445 4073 Mum.
2472 4048 2541 4059 --

402 4098 639 4163 explana,
665 4098 964 4151 conditioni·
989 4112 1086 4151 tue
1106 4119 1162 4151 ac
1183 4104 1392 4153 sontuuae
1409 4139 1424 4162 ,
1514 4104 1698 4152 Scrivos.
1724 4106 1839 4153 Non
1852 4102 1915 4153 de
1936 4105 2065 4166 vita,
2082 4104 2169 4153 aed
2188 4102 2251 4154 ὼ
2268 4101 2541 4165 imegniute
