<?xml version="1.0" encoding="UTF-8"?>
<!DOCTYPE html PUBLIC "-//W3C//DTD XHTML 1.0 Transitional//EN"
    "http://www.w3.org/TR/xhtml1/DTD/xhtml1-transitional.dtd">
<html xmlns="http://www.w3.org/1999/xhtml" xml:lang="en" lang="en">
 <head>
  <title>
</title>
<meta http-equiv="Content-Type" content="text/html;charset=utf-8" />
  <meta name='ocr-system' content='tesseract 3.04.00' />
  <meta name='ocr-capabilities' content='ocr_page ocr_carea ocr_par ocr_line ocrx_word'/>
</head>
<body>
  <div class='ocr_page' id='page_1' title='image "./mtciceronisquae04lemagoog_0527.png"; bbox 0 0 3019 4681; ppageno 0'>
   <div class='ocr_carea' id='block_1_1' title="bbox 637 332 2539 423">
    <p class='ocr_par' dir='ltr' id='par_1_1' title="bbox 637 332 2539 423">
     <span class='ocr_line' id='line_1_1' title="bbox 637 332 2539 423; baseline -0.001 -15"><span class='ocrx_word' id='word_1_1' title='bbox 637 336 1166 408; x_wconf 82' lang='lat' dir='ltr'><strong>EPISTOLAE</strong></span> <span class='ocrx_word' id='word_1_2' title='bbox 1215 338 1354 407; x_wconf 80' lang='lat' dir='ltr'><strong>AD</strong></span> <span class='ocrx_word' id='word_1_3' title='bbox 1401 336 1900 423; x_wconf 82' lang='lat' dir='ltr'>ATTICUM‚</span> <span class='ocrx_word' id='word_1_4' title='bbox 1932 334 2151 423; x_wconf 87' lang='lat' dir='ltr'><strong>xv1,</strong></span> <span class='ocrx_word' id='word_1_5' title='bbox 2197 332 2303 405; x_wconf 82' lang='lat'><strong>16.</strong></span> <span class='ocrx_word' id='word_1_6' title='bbox 2409 333 2539 409; x_wconf 78' lang='lat'><strong>521</strong></span> 
     </span>
    </p>
   </div>
   <div class='ocr_carea' id='block_1_2' title="bbox 410 457 2581 1113">
    <p class='ocr_par' dir='ltr' id='par_1_2' title="bbox 410 457 2581 1113">
     <span class='ocr_line' id='line_1_2' title="bbox 410 457 2555 558; baseline -0 -25"><span class='ocrx_word' id='word_1_7' title='bbox 410 460 588 533; x_wconf 90' lang='lat' dir='ltr'><strong>dum</strong></span> <span class='ocrx_word' id='word_1_8' title='bbox 604 513 625 550; x_wconf 93' lang='lat'><strong><em>‚</em></strong></span> <span class='ocrx_word' id='word_1_9' title='bbox 649 475 735 532; x_wconf 92' lang='lat' dir='ltr'><strong>ut</strong></span> <span class='ocrx_word' id='word_1_10' title='bbox 755 461 1112 533; x_wconf 84' lang='lat' dir='ltr'><strong>civitatem</strong></span> <span class='ocrx_word' id='word_1_11' title='bbox 1143 460 1598 533; x_wconf 83' lang='lat' dir='ltr'><strong>Buthrotiam</strong></span> <span class='ocrx_word' id='word_1_12' title='bbox 1626 459 1961 533; x_wconf 85' lang='lat' dir='ltr'>subleves</span> <span class='ocrx_word' id='word_1_13' title='bbox 1977 513 1999 547; x_wconf 94' lang='lat'>‚</span> <span class='ocrx_word' id='word_1_14' title='bbox 2032 457 2555 558; x_wconf 87' lang='lat' dir='ltr'><strong>decretumque</strong></span> 
     </span>
     <span class='ocr_line' id='line_1_3' title="bbox 412 567 2554 669; baseline -0.001 -25"><span class='ocrx_word' id='word_1_15' title='bbox 412 572 798 644; x_wconf 89' lang='lat' dir='ltr'><strong>consulum</strong></span> <span class='ocrx_word' id='word_1_16' title='bbox 818 624 839 659; x_wconf 87' lang='lat'>‚</span> <span class='ocrx_word' id='word_1_17' title='bbox 888 570 1093 669; x_wconf 90' lang='lat' dir='ltr'><strong>quod</strong></span> <span class='ocrx_word' id='word_1_18' title='bbox 1143 573 1195 641; x_wconf 89' lang='lat' dir='ltr'><strong>ii</strong></span> <span class='ocrx_word' id='word_1_19' title='bbox 1255 572 1656 644; x_wconf 89' lang='lat' dir='ltr'><strong>secundum</strong></span> <span class='ocrx_word' id='word_1_20' title='bbox 1711 569 2129 642; x_wconf 86' lang='lat' dir='ltr'><strong>Buthrotios</strong></span> <span class='ocrx_word' id='word_1_21' title='bbox 2192 567 2554 660; x_wconf 87' lang='lat' dir='ltr'><strong>fecerunt,</strong></span> 
     </span>
     <span class='ocr_line' id='line_1_4' title="bbox 412 679 2554 779; baseline -0.001 -26"><span class='ocrx_word' id='word_1_22' title='bbox 412 706 646 779; x_wconf 87' lang='lat' dir='ltr'><strong>quum</strong></span> <span class='ocrx_word' id='word_1_23' title='bbox 671 696 743 754; x_wconf 88' lang='lat' dir='ltr'><strong>et</strong></span> <span class='ocrx_word' id='word_1_24' title='bbox 759 680 920 778; x_wconf 88' lang='lat' dir='ltr'><strong>lege</strong></span> <span class='ocrx_word' id='word_1_25' title='bbox 933 736 954 770; x_wconf 89' lang='lat'>‚</span> <span class='ocrx_word' id='word_1_26' title='bbox 988 696 1063 753; x_wconf 86' lang='lat' dir='ltr'><strong>et</strong></span> <span class='ocrx_word' id='word_1_27' title='bbox 1079 681 1709 759; x_wconf 85' lang='lat' dir='ltr'><strong>senatusconsulto</strong></span> <span class='ocrx_word' id='word_1_28' title='bbox 1735 679 2099 757; x_wconf 86' lang='lat' dir='ltr'><strong>statuendi</strong></span> <span class='ocrx_word' id='word_1_29' title='bbox 2122 694 2554 778; x_wconf 88' lang='lat' dir='ltr'><strong>potestatem</strong></span> 
     </span>
     <span class='ocr_line' id='line_1_5' title="bbox 411 789 2581 890; baseline -0.001 -27"><span class='ocrx_word' id='word_1_30' title='bbox 411 790 802 881; x_wconf 87' lang='lat' dir='ltr'><strong>haberent,</strong></span> <span class='ocrx_word' id='word_1_31' title='bbox 845 789 972 863; x_wconf 92' lang='lat' dir='ltr'><strong>des</strong></span> <span class='ocrx_word' id='word_1_32' title='bbox 1007 815 1306 890; x_wconf 81' lang='lat' dir='ltr'><strong>operam</strong></span> <span class='ocrx_word' id='word_1_33' title='bbox 1323 846 1346 883; x_wconf 90' lang='lat'>‚</span> <span class='ocrx_word' id='word_1_34' title='bbox 1382 807 1467 864; x_wconf 88' lang='lat' dir='ltr'><strong>ut</strong></span> <span class='ocrx_word' id='word_1_35' title='bbox 1497 792 1799 864; x_wconf 85' lang='lat' dir='ltr'><strong>Plancus</strong></span> <span class='ocrx_word' id='word_1_36' title='bbox 1852 805 2099 863; x_wconf 90' lang='lat' dir='ltr'><strong>noster</strong></span> <span class='ocrx_word' id='word_1_37' title='bbox 2141 815 2363 888; x_wconf 89' lang='lat' dir='ltr'><strong>quam</strong></span> <span class='ocrx_word' id='word_1_38' title='bbox 2407 792 2581 888; x_wconf 83' lang='lat' dir='ltr'><strong>pri-·</strong></span> 
     </span>
     <span class='ocr_line' id='line_1_6' title="bbox 414 898 2555 1002; baseline -0.001 -31"><span class='ocrx_word' id='word_1_39' title='bbox 414 925 616 973; x_wconf 91' lang='lat' dir='ltr'><strong>mum</strong></span> <span class='ocrx_word' id='word_1_40' title='bbox 653 898 1039 973; x_wconf 86' lang='lat' dir='ltr'><strong>confirmet</strong></span> <span class='ocrx_word' id='word_1_41' title='bbox 1067 916 1140 974; x_wconf 88' lang='lat' dir='ltr'><strong>et</strong></span> <span class='ocrx_word' id='word_1_42' title='bbox 1170 901 1623 1002; x_wconf 88' lang='lat' dir='ltr'><strong>comprobet.</strong></span> <span class='ocrx_word' id='word_1_43' title='bbox 1646 906 1803 974; x_wconf 89' lang='lat' dir='ltr'><strong>Hoc</strong></span> <span class='ocrx_word' id='word_1_44' title='bbox 1829 915 1905 975; x_wconf 92' lang='lat' dir='ltr'><strong>te</strong></span> <span class='ocrx_word' id='word_1_45' title='bbox 1932 900 2427 990; x_wconf 73' lang='lat' dir='ltr'><strong>vehementer,</strong></span> <span class='ocrx_word' id='word_1_46' title='bbox 2452 900 2555 971; x_wconf 89' lang='lat' dir='ltr'><strong>mi</strong></span> 
     </span>
     <span class='ocr_line' id='line_1_7' title="bbox 415 1012 1811 1113; baseline -0.001 -28"><span class='ocrx_word' id='word_1_47' title='bbox 415 1012 778 1113; x_wconf 82' lang='lat' dir='ltr'><strong>Cupienni</strong></span> <span class='ocrx_word' id='word_1_48' title='bbox 796 1066 818 1103; x_wconf 90' lang='lat'>‚</span> <span class='ocrx_word' id='word_1_49' title='bbox 855 1012 1072 1085; x_wconf 91' lang='lat' dir='ltr'><strong>etiam</strong></span> <span class='ocrx_word' id='word_1_50' title='bbox 1097 1026 1320 1111; x_wconf 82' lang='lat' dir='ltr'><strong>atque</strong></span> <span class='ocrx_word' id='word_1_51' title='bbox 1351 1016 1571 1085; x_wconf 90' lang='lat' dir='ltr'><strong>etiam</strong></span> <span class='ocrx_word' id='word_1_52' title='bbox 1610 1036 1811 1111; x_wconf 88' lang='lat' dir='ltr'><strong>rogo.</strong></span> 
     </span>
    </p>
   </div>
   <div class='ocr_carea' id='block_1_3' title="bbox 775 1206 2300 1439">
    <p class='ocr_par' dir='ltr' id='par_1_3' title="bbox 775 1206 2300 1439">
     <span class='ocr_line' id='line_1_8' title="bbox 1445 1206 1527 1273; baseline -0.012 0"><span class='ocrx_word' id='word_1_53' title='bbox 1445 1206 1527 1273; x_wconf 90' lang='lat' dir='ltr'><strong>E.</strong></span> 
     </span>
     <span class='ocr_line' id='line_1_9' title="bbox 775 1360 2300 1439; baseline 0.004 -12"><span class='ocrx_word' id='word_1_54' title='bbox 775 1361 1096 1428; x_wconf 84' lang='lat' dir='ltr'>CICERO</span> <span class='ocrx_word' id='word_1_55' title='bbox 1141 1361 1519 1439; x_wconf 82' lang='lat' dir='ltr'>PLANCO,</span> <span class='ocrx_word' id='word_1_56' title='bbox 1564 1360 1838 1427; x_wconf 83' lang='lat' dir='ltr'><strong>PRAET.</strong></span> <span class='ocrx_word' id='word_1_57' title='bbox 1884 1362 2067 1429; x_wconf 88' lang='lat' dir='ltr'><strong>DES.</strong></span> <span class='ocrx_word' id='word_1_58' title='bbox 2112 1362 2179 1430; x_wconf 88' lang='lat' dir='ltr'><strong>S.</strong></span> <span class='ocrx_word' id='word_1_59' title='bbox 2292 1426 2300 1433; x_wconf 90' lang='lat'><em>.</em></span> 
     </span>
    </p>
   </div>
   <div class='ocr_carea' id='block_1_4' title="bbox 678 1504 2283 1567">
    <p class='ocr_par' dir='ltr' id='par_1_4' title="bbox 678 1504 2283 1567">
     <span class='ocr_line' id='line_1_10' title="bbox 678 1504 2283 1567; baseline 0.001 -4"><span class='ocrx_word' id='word_1_60' title='bbox 678 1504 1120 1565; x_wconf 76' lang='lat' dir='ltr'><strong>Buthrotiorum</strong></span> <span class='ocrx_word' id='word_1_61' title='bbox 1152 1525 1384 1565; x_wconf 82' lang='lat' dir='ltr'><strong>causam</strong></span> <span class='ocrx_word' id='word_1_62' title='bbox 1409 1505 1626 1564; x_wconf 86' lang='lat' dir='ltr'><strong>iterum</strong></span> <span class='ocrx_word' id='word_1_63' title='bbox 1654 1505 1870 1565; x_wconf 85' lang='lat' dir='ltr'><strong>Planco</strong></span> <span class='ocrx_word' id='word_1_64' title='bbox 1899 1506 2283 1567; x_wconf 83' lang='lat' dir='ltr'><strong>commendat.</strong></span> 
     </span>
    </p>
   </div>
   <div class='ocr_carea' id='block_1_5' title="bbox 405 1632 2633 4128">
    <p class='ocr_par' dir='ltr' id='par_1_5' title="bbox 405 1632 2633 4128">
     <span class='ocr_line' id='line_1_11' title="bbox 510 1632 2557 1732; baseline 0.002 -29"><span class='ocrx_word' id='word_1_65' title='bbox 510 1638 816 1705; x_wconf 69' lang='lat' dir='ltr'><strong>Ionoscn</strong></span> <span class='ocrx_word' id='word_1_66' title='bbox 851 1632 1030 1704; x_wconf 90' lang='lat' dir='ltr'><strong>mihi</strong></span> <span class='ocrx_word' id='word_1_67' title='bbox 1052 1687 1073 1724; x_wconf 93' lang='lat'><strong><em>‚</em></strong></span> <span class='ocrx_word' id='word_1_68' title='bbox 1110 1632 1314 1732; x_wconf 89' lang='lat' dir='ltr'><strong>quod</strong></span> <span class='ocrx_word' id='word_1_69' title='bbox 1357 1657 1591 1732; x_wconf 89' lang='lat' dir='ltr'><strong>quum</strong></span> <span class='ocrx_word' id='word_1_70' title='bbox 1644 1648 1855 1705; x_wconf 89' lang='lat' dir='ltr'><strong>antea</strong></span> <span class='ocrx_word' id='word_1_71' title='bbox 1890 1636 2416 1705; x_wconf 85' lang='lat' dir='ltr'><strong>accuratissime</strong></span> <span class='ocrx_word' id='word_1_72' title='bbox 2466 1634 2557 1707; x_wconf 91' lang='lat' dir='ltr'><strong>de</strong></span> 
     </span>
     <span class='ocr_line' id='line_1_12' title="bbox 411 1742 2559 1843; baseline 0 -30"><span class='ocrx_word' id='word_1_73' title='bbox 411 1742 808 1815; x_wconf 85' lang='lat' dir='ltr'><strong>Buthrotiis</strong></span> <span class='ocrx_word' id='word_1_74' title='bbox 851 1742 946 1815; x_wconf 93' lang='lat' dir='ltr'><strong>ad</strong></span> <span class='ocrx_word' id='word_1_75' title='bbox 978 1758 1054 1816; x_wconf 89' lang='lat' dir='ltr'><strong>te</strong></span> <span class='ocrx_word' id='word_1_76' title='bbox 1091 1746 1498 1843; x_wconf 85' lang='lat' dir='ltr'><strong>scripserim</strong></span> <span class='ocrx_word' id='word_1_77' title='bbox 1519 1742 1823 1833; x_wconf 78' lang='lat' dir='ltr'><strong>,eadem</strong></span> <span class='ocrx_word' id='word_1_78' title='bbox 1862 1742 1954 1816; x_wconf 91' lang='lat' dir='ltr'><strong>de</strong></span> <span class='ocrx_word' id='word_1_79' title='bbox 1991 1769 2073 1815; x_wconf 91' lang='lat' dir='ltr'><strong>re</strong></span> <span class='ocrx_word' id='word_1_80' title='bbox 2101 1746 2361 1843; x_wconf 79' lang='lat' dir='ltr'><strong>saepius</strong></span> <span class='ocrx_word' id='word_1_81' title='bbox 2392 1745 2559 1815; x_wconf 89' lang='lat' dir='ltr'><strong>scri-</strong></span> 
     </span>
     <span class='ocr_line' id='line_1_13' title="bbox 409 1850 2558 1952; baseline 0 -28"><span class='ocrx_word' id='word_1_82' title='bbox 409 1850 602 1925; x_wconf 87' lang='lat' dir='ltr'><strong>bam.</strong></span> <span class='ocrx_word' id='word_1_83' title='bbox 645 1856 816 1927; x_wconf 83' lang='lat' dir='ltr'><strong>Non</strong></span> <span class='ocrx_word' id='word_1_84' title='bbox 849 1854 1303 1941; x_wconf 88' lang='lat' dir='ltr'><strong>mehercule,</strong></span> <span class='ocrx_word' id='word_1_85' title='bbox 1338 1860 1440 1925; x_wconf 87' lang='lat' dir='ltr'><strong>mi</strong></span> <span class='ocrx_word' id='word_1_86' title='bbox 1481 1854 1743 1927; x_wconf 87' lang='lat' dir='ltr'><strong>Plance</strong></span> <span class='ocrx_word' id='word_1_87' title='bbox 1762 1909 1783 1943; x_wconf 91' lang='lat'><strong>‚</strong></span> <span class='ocrx_word' id='word_1_88' title='bbox 1833 1852 2020 1926; x_wconf 89' lang='lat' dir='ltr'><strong>facio</strong></span> <span class='ocrx_word' id='word_1_89' title='bbox 2043 1909 2062 1942; x_wconf 88' lang='lat'>,</span> <span class='ocrx_word' id='word_1_90' title='bbox 2099 1879 2248 1952; x_wconf 93' lang='lat' dir='ltr'><strong>quo</strong></span> <span class='ocrx_word' id='word_1_91' title='bbox 2298 1879 2558 1952; x_wconf 91' lang='lat' dir='ltr'><strong>parum</strong></span> 
     </span>
     <span class='ocr_line' id='line_1_14' title="bbox 409 1960 2559 2054; baseline 0 -20"><span class='ocrx_word' id='word_1_92' title='bbox 409 1960 775 2035; x_wconf 90' lang='lat' dir='ltr'><strong>confidam</strong></span> <span class='ocrx_word' id='word_1_93' title='bbox 817 1978 944 2035; x_wconf 88' lang='lat' dir='ltr'><strong>aut</strong></span> <span class='ocrx_word' id='word_1_94' title='bbox 977 1962 1294 2035; x_wconf 89' lang='lat' dir='ltr'><strong>libertati</strong></span> <span class='ocrx_word' id='word_1_95' title='bbox 1330 1978 1470 2035; x_wconf 89' lang='lat' dir='ltr'><strong>tuae</strong></span> <span class='ocrx_word' id='word_1_96' title='bbox 1491 2019 1512 2052; x_wconf 91' lang='lat'>‚</span> <span class='ocrx_word' id='word_1_97' title='bbox 1548 1979 1673 2036; x_wconf 90' lang='lat' dir='ltr'><strong>aut</strong></span> <span class='ocrx_word' id='word_1_98' title='bbox 1705 1978 1968 2036; x_wconf 82' lang='lat' dir='ltr'><strong>nostrae</strong></span> <span class='ocrx_word' id='word_1_99' title='bbox 2004 1964 2369 2054; x_wconf 61' lang='lat' dir='ltr'><strong>amicitias-3</strong></span> <span class='ocrx_word' id='word_1_100' title='bbox 2429 1964 2559 2038; x_wconf 86' lang='lat' dir='ltr'><strong>sed</strong></span> 
     </span>
     <span class='ocr_line' id='line_1_15' title="bbox 408 2075 2553 2171; baseline 0 -29"><span class='ocrx_word' id='word_1_101' title='bbox 408 2096 641 2169; x_wconf 88' lang='lat' dir='ltr'><strong>quum</strong></span> <span class='ocrx_word' id='word_1_102' title='bbox 675 2086 878 2143; x_wconf 89' lang='lat' dir='ltr'><strong>tanta</strong></span> <span class='ocrx_word' id='word_1_103' title='bbox 903 2098 1019 2145; x_wconf 89' lang='lat' dir='ltr'><strong>res</strong></span> <span class='ocrx_word' id='word_1_104' title='bbox 1046 2087 1300 2171; x_wconf 86' lang='lat' dir='ltr'><strong>agatur</strong></span> <span class='ocrx_word' id='word_1_105' title='bbox 1333 2075 1551 2145; x_wconf 89' lang='lat' dir='ltr'><strong>Attici</strong></span> <span class='ocrx_word' id='word_1_106' title='bbox 1591 2075 1825 2145; x_wconf 88' lang='lat' dir='ltr'><strong>nostri</strong></span> <span class='ocrx_word' id='word_1_107' title='bbox 1846 2128 1865 2162; x_wconf 90' lang='lat'><strong>,</strong></span> <span class='ocrx_word' id='word_1_108' title='bbox 1896 2098 2093 2146; x_wconf 90' lang='lat' dir='ltr'><strong>nunc</strong></span> <span class='ocrx_word' id='word_1_109' title='bbox 2124 2098 2301 2145; x_wconf 84' lang='lat' dir='ltr'><strong>vero</strong></span> <span class='ocrx_word' id='word_1_110' title='bbox 2338 2078 2553 2145; x_wconf 89' lang='lat' dir='ltr'><strong>etiam</strong></span> 
     </span>
     <span class='ocr_line' id='line_1_16' title="bbox 407 2180 2553 2281; baseline 0 -29"><span class='ocrx_word' id='word_1_111' title='bbox 407 2180 842 2253; x_wconf 87' lang='lat' dir='ltr'><strong>existimatio</strong></span> <span class='ocrx_word' id='word_1_112' title='bbox 865 2236 885 2267; x_wconf 95' lang='lat'>‚</span> <span class='ocrx_word' id='word_1_113' title='bbox 920 2198 1006 2254; x_wconf 88' lang='lat' dir='ltr'><strong>ut</strong></span> <span class='ocrx_word' id='word_1_114' title='bbox 1038 2183 1146 2270; x_wconf 91' lang='lat' dir='ltr'><strong>id,</strong></span> <span class='ocrx_word' id='word_1_115' title='bbox 1178 2183 1382 2281; x_wconf 91' lang='lat' dir='ltr'><strong>quod</strong></span> <span class='ocrx_word' id='word_1_116' title='bbox 1427 2183 1769 2281; x_wconf 87' lang='lat' dir='ltr'><strong>probavit</strong></span> <span class='ocrx_word' id='word_1_117' title='bbox 1800 2190 2030 2256; x_wconf 86' lang='lat' dir='ltr'><strong>Caesar</strong></span> <span class='ocrx_word' id='word_1_118' title='bbox 2048 2239 2067 2274; x_wconf 91' lang='lat'>‚</span> <span class='ocrx_word' id='word_1_119' title='bbox 2110 2183 2325 2257; x_wconf 91' lang='lat' dir='ltr'><strong>nobis</strong></span> <span class='ocrx_word' id='word_1_120' title='bbox 2353 2185 2553 2256; x_wconf 88' lang='lat' dir='ltr'><strong>testi-</strong></span> 
     </span>
     <span class='ocr_line' id='line_1_17' title="bbox 405 2288 2556 2393; baseline 0.001 -30"><span class='ocrx_word' id='word_1_121' title='bbox 405 2288 552 2363; x_wconf 90' lang='lat' dir='ltr'><strong>bus</strong></span> <span class='ocrx_word' id='word_1_122' title='bbox 599 2306 674 2364; x_wconf 93' lang='lat' dir='ltr'><strong>et</strong></span> <span class='ocrx_word' id='word_1_123' title='bbox 714 2290 1340 2391; x_wconf 90' lang='lat' dir='ltr'><strong>obsignatoribus‚</strong></span> <span class='ocrx_word' id='word_1_124' title='bbox 1400 2296 1531 2393; x_wconf 92' lang='lat' dir='ltr'><strong>qui</strong></span> <span class='ocrx_word' id='word_1_125' title='bbox 1580 2310 1654 2368; x_wconf 94' lang='lat' dir='ltr'><strong>et</strong></span> <span class='ocrx_word' id='word_1_126' title='bbox 1699 2293 2044 2384; x_wconf 86' lang='lat' dir='ltr'><strong>decretis,</strong></span> <span class='ocrx_word' id='word_1_127' title='bbox 2079 2309 2154 2366; x_wconf 88' lang='lat' dir='ltr'><strong>et</strong></span> <span class='ocrx_word' id='word_1_128' title='bbox 2190 2294 2556 2393; x_wconf 86' lang='lat' dir='ltr'><strong>responsis</strong></span> 
     </span>
     <span class='ocr_line' id='line_1_18' title="bbox 407 2402 2556 2504; baseline 0 -29"><span class='ocrx_word' id='word_1_129' title='bbox 407 2406 702 2475; x_wconf 84' lang='lat' dir='ltr'><strong>Caesaris</strong></span> <span class='ocrx_word' id='word_1_130' title='bbox 757 2402 1317 2478; x_wconf 86' lang='lat' dir='ltr'><strong>interfueramus</strong></span> <span class='ocrx_word' id='word_1_131' title='bbox 1347 2460 1370 2495; x_wconf 86' lang='lat'>‚</span> <span class='ocrx_word' id='word_1_132' title='bbox 1419 2403 1753 2478; x_wconf 85' lang='lat' dir='ltr'><strong>videatur</strong></span> <span class='ocrx_word' id='word_1_133' title='bbox 1804 2402 2142 2478; x_wconf 90' lang='lat' dir='ltr'><strong>obtinere</strong></span> <span class='ocrx_word' id='word_1_134' title='bbox 2194 2406 2556 2504; x_wconf 87' lang='lat' dir='ltr'><strong>potuisse,</strong></span> 
     </span>
     <span class='ocr_line' id='line_1_19' title="bbox 407 2512 2558 2622; baseline 0 -38"><span class='ocrx_word' id='word_1_135' title='bbox 407 2515 804 2610; x_wconf 85' lang='lat' dir='ltr'><strong>praesertim</strong></span> <span class='ocrx_word' id='word_1_136' title='bbox 840 2539 1073 2612; x_wconf 91' lang='lat' dir='ltr'><strong>quum</strong></span> <span class='ocrx_word' id='word_1_137' title='bbox 1108 2516 1263 2586; x_wconf 83' lang='lat' dir='ltr'><strong>tota</strong></span> <span class='ocrx_word' id='word_1_138' title='bbox 1298 2529 1618 2614; x_wconf 91' lang='lat' dir='ltr'><strong>potestas</strong></span> <span class='ocrx_word' id='word_1_139' title='bbox 1662 2515 1725 2611; x_wconf 86' lang='lat' dir='ltr'><strong>ej</strong></span> <span class='ocrx_word' id='word_1_140' title='bbox 1736 2540 1819 2586; x_wconf 90' lang='lat' dir='ltr'><strong>us</strong></span> <span class='ocrx_word' id='word_1_141' title='bbox 1874 2512 1981 2587; x_wconf 94' lang='lat' dir='ltr'><strong>rei</strong></span> <span class='ocrx_word' id='word_1_142' title='bbox 2028 2528 2151 2586; x_wconf 92' lang='lat' dir='ltr'><strong>tua</strong></span> <span class='ocrx_word' id='word_1_143' title='bbox 2184 2515 2314 2603; x_wconf 86' lang='lat' dir='ltr'><strong>sit,</strong></span> <span class='ocrx_word' id='word_1_144' title='bbox 2353 2529 2437 2585; x_wconf 91' lang='lat' dir='ltr'><strong>ut</strong></span> <span class='ocrx_word' id='word_1_145' title='bbox 2462 2539 2558 2622; x_wconf 39' lang='lat' dir='ltr'><strong>&#39;ea</strong></span> 
     </span>
     <span class='ocr_line' id='line_1_20' title="bbox 408 2621 2555 2722; baseline -0.001 -26"><span class='ocrx_word' id='word_1_146' title='bbox 408 2649 572 2722; x_wconf 83' lang='lat' dir='ltr'><strong>quae</strong></span> <span class='ocrx_word' id='word_1_147' title='bbox 608 2625 944 2697; x_wconf 89' lang='lat' dir='ltr'><strong>consules</strong></span> <span class='ocrx_word' id='word_1_148' title='bbox 975 2624 1454 2698; x_wconf 88' lang='lat' dir='ltr'><strong>decreverunt</strong></span> <span class='ocrx_word' id='word_1_149' title='bbox 1491 2623 1898 2700; x_wconf 88' lang='lat' dir='ltr'><strong>secundum</strong></span> <span class='ocrx_word' id='word_1_150' title='bbox 1941 2628 2233 2698; x_wconf 84' lang='lat' dir='ltr'><strong>Caesaris</strong></span> <span class='ocrx_word' id='word_1_151' title='bbox 2265 2621 2555 2696; x_wconf 89' lang='lat' dir='ltr'><strong>decreta</strong></span> 
     </span>
     <span class='ocr_line' id='line_1_21' title="bbox 409 2731 2556 2835; baseline -0.002 -28"><span class='ocrx_word' id='word_1_152' title='bbox 409 2750 483 2808; x_wconf 92' lang='lat' dir='ltr'><strong>et</strong></span> <span class='ocrx_word' id='word_1_153' title='bbox 511 2759 896 2834; x_wconf 88' lang='lat' dir='ltr'><strong>responsa,</strong></span> <span class='ocrx_word' id='word_1_154' title='bbox 934 2761 1086 2808; x_wconf 88' lang='lat' dir='ltr'><strong>non</strong></span> <span class='ocrx_word' id='word_1_155' title='bbox 1112 2735 1346 2808; x_wconf 88' lang='lat' dir='ltr'><strong>dicam</strong></span> <span class='ocrx_word' id='word_1_156' title='bbox 1391 2734 1859 2835; x_wconf 77' lang='lat' dir='ltr'><strong>comprobeS,</strong></span> <span class='ocrx_word' id='word_1_157' title='bbox 1912 2732 2040 2806; x_wconf 92' lang='lat' dir='ltr'><strong>sed</strong></span> <span class='ocrx_word' id='word_1_158' title='bbox 2088 2731 2409 2805; x_wconf 88' lang='lat' dir='ltr'><strong>studiose</strong></span> <span class='ocrx_word' id='word_1_159' title='bbox 2468 2732 2556 2803; x_wconf 85' lang='lat' dir='ltr'><strong>li-</strong></span> 
     </span>
     <span class='ocr_line' id='line_1_22' title="bbox 407 2841 2557 2944; baseline -0 -29"><span class='ocrx_word' id='word_1_160' title='bbox 407 2841 817 2942; x_wconf 88' lang='lat' dir='ltr'><strong>benterque</strong></span> <span class='ocrx_word' id='word_1_161' title='bbox 863 2843 1325 2944; x_wconf 88' lang='lat' dir='ltr'><strong>comprobes.</strong></span> <span class='ocrx_word' id='word_1_162' title='bbox 1384 2845 1468 2917; x_wconf 93' lang='lat' dir='ltr'><strong>Id</strong></span> <span class='ocrx_word' id='word_1_163' title='bbox 1526 2844 1710 2915; x_wconf 90' lang='lat' dir='ltr'><strong>mihi</strong></span> <span class='ocrx_word' id='word_1_164' title='bbox 1758 2846 1861 2915; x_wconf 90' lang='lat' dir='ltr'><strong>sic</strong></span> <span class='ocrx_word' id='word_1_165' title='bbox 1917 2845 2051 2914; x_wconf 89' lang='lat' dir='ltr'><strong>erit</strong></span> <span class='ocrx_word' id='word_1_166' title='bbox 2109 2857 2393 2940; x_wconf 88' lang='lat' dir='ltr'><strong>gratum</strong></span> <span class='ocrx_word' id='word_1_167' title='bbox 2416 2898 2436 2931; x_wconf 90' lang='lat'>‚</span> <span class='ocrx_word' id='word_1_168' title='bbox 2474 2857 2557 2914; x_wconf 92' lang='lat' dir='ltr'><strong>ut</strong></span> 
     </span>
     <span class='ocr_line' id='line_1_23' title="bbox 409 2950 2555 3053; baseline 0 -29"><span class='ocrx_word' id='word_1_169' title='bbox 409 2953 608 3024; x_wconf 87' lang='lat' dir='ltr'><strong>nulla</strong></span> <span class='ocrx_word' id='word_1_170' title='bbox 621 2978 738 3025; x_wconf 91' lang='lat' dir='ltr'><strong>res</strong></span> <span class='ocrx_word' id='word_1_171' title='bbox 765 2958 1033 3051; x_wconf 85' lang='lat' dir='ltr'><strong>gratior</strong></span> <span class='ocrx_word' id='word_1_172' title='bbox 1063 2978 1218 3026; x_wconf 87' lang='lat' dir='ltr'><strong>esse</strong></span> <span class='ocrx_word' id='word_1_173' title='bbox 1245 2955 1496 3053; x_wconf 87' lang='lat' dir='ltr'><strong>possit.</strong></span> <span class='ocrx_word' id='word_1_174' title='bbox 1522 2955 1672 3024; x_wconf 88' lang='lat' dir='ltr'><strong>Etsi</strong></span> <span class='ocrx_word' id='word_1_175' title='bbox 1694 2953 1844 3048; x_wconf 87' lang='lat' dir='ltr'><strong>jam</strong></span> <span class='ocrx_word' id='word_1_176' title='bbox 1872 2950 2247 3051; x_wconf 89' lang='lat' dir='ltr'><strong>sperabam</strong></span> <span class='ocrx_word' id='word_1_177' title='bbox 2264 3007 2287 3044; x_wconf 91' lang='lat'>‚</span> <span class='ocrx_word' id='word_1_178' title='bbox 2321 2977 2555 3050; x_wconf 84' lang='lat' dir='ltr'><strong>quum</strong></span> 
     </span>
     <span class='ocr_line' id='line_1_24' title="bbox 409 3061 2633 3161; baseline 0 -27"><span class='ocrx_word' id='word_1_179' title='bbox 409 3061 538 3135; x_wconf 91' lang='lat' dir='ltr'><strong>has</strong></span> <span class='ocrx_word' id='word_1_180' title='bbox 575 3062 816 3134; x_wconf 89' lang='lat' dir='ltr'><strong>literas</strong></span> <span class='ocrx_word' id='word_1_181' title='bbox 852 3065 1284 3161; x_wconf 89' lang='lat' dir='ltr'><strong>accepisses,</strong></span> <span class='ocrx_word' id='word_1_182' title='bbox 1322 3061 1518 3151; x_wconf 88' lang='lat' dir='ltr'><strong>fore,</strong></span> <span class='ocrx_word' id='word_1_183' title='bbox 1554 3076 1639 3133; x_wconf 91' lang='lat' dir='ltr'><strong>ut</strong></span> <span class='ocrx_word' id='word_1_184' title='bbox 1673 3086 1794 3151; x_wconf 89' lang='lat' dir='ltr'><strong>ea,</strong></span> <span class='ocrx_word' id='word_1_185' title='bbox 1837 3087 2001 3159; x_wconf 82' lang='lat' dir='ltr'><strong>quae</strong></span> <span class='ocrx_word' id='word_1_186' title='bbox 2056 3061 2555 3161; x_wconf 89' lang='lat' dir='ltr'><strong>superioribus</strong></span> <span class='ocrx_word' id='word_1_187' title='bbox 2612 3107 2633 3117; x_wconf 78' lang='grc'><strong>-</strong></span> 
     </span>
     <span class='ocr_line' id='line_1_25' title="bbox 407 3171 2550 3272; baseline 0 -30"><span class='ocrx_word' id='word_1_188' title='bbox 407 3171 634 3244; x_wconf 87' lang='lat' dir='ltr'><strong>literis</strong></span> <span class='ocrx_word' id='word_1_189' title='bbox 667 3197 711 3242; x_wconf 92' lang='lat' dir='ltr'><strong>a</strong></span> <span class='ocrx_word' id='word_1_190' title='bbox 743 3187 818 3244; x_wconf 88' lang='lat' dir='ltr'><strong>te</strong></span> <span class='ocrx_word' id='word_1_191' title='bbox 851 3173 1330 3272; x_wconf 87' lang='lat' dir='ltr'><strong>petiissemus‚</strong></span> <span class='ocrx_word' id='word_1_192' title='bbox 1363 3172 1747 3270; x_wconf 89' lang='lat' dir='ltr'><strong>impetrata</strong></span> <span class='ocrx_word' id='word_1_193' title='bbox 1790 3185 2034 3243; x_wconf 89' lang='lat' dir='ltr'><strong>essent</strong></span> <span class='ocrx_word' id='word_1_194' title='bbox 2057 3224 2078 3257; x_wconf 90' lang='lat'>‚</span> <span class='ocrx_word' id='word_1_195' title='bbox 2112 3185 2357 3242; x_wconf 89' lang='lat' dir='ltr'><strong>tamen</strong></span> <span class='ocrx_word' id='word_1_196' title='bbox 2398 3195 2550 3243; x_wconf 90' lang='lat' dir='ltr'><strong>non</strong></span> 
     </span>
     <span class='ocr_line' id='line_1_26' title="bbox 406 3280 2550 3382; baseline -0 -29"><span class='ocrx_word' id='word_1_197' title='bbox 406 3280 665 3356; x_wconf 86' lang='lat' dir='ltr'><strong>faciam</strong></span> <span class='ocrx_word' id='word_1_198' title='bbox 702 3281 924 3355; x_wconf 87' lang='lat' dir='ltr'><strong>finem</strong></span> <span class='ocrx_word' id='word_1_199' title='bbox 966 3281 1311 3382; x_wconf 88' lang='lat' dir='ltr'><strong>rogandi,</strong></span> <span class='ocrx_word' id='word_1_200' title='bbox 1357 3282 1602 3381; x_wconf 90' lang='lat' dir='ltr'><strong>quoad</strong></span> <span class='ocrx_word' id='word_1_201' title='bbox 1648 3280 1864 3354; x_wconf 89' lang='lat' dir='ltr'><strong>nobis</strong></span> <span class='ocrx_word' id='word_1_202' title='bbox 1912 3282 2324 3353; x_wconf 86' lang='lat' dir='ltr'><strong>nuntiatum</strong></span> <span class='ocrx_word' id='word_1_203' title='bbox 2377 3283 2550 3371; x_wconf 87' lang='lat' dir='ltr'><strong>erit,</strong></span> 
     </span>
     <span class='ocr_line' id='line_1_27' title="bbox 406 3390 2548 3491; baseline 0 -27"><span class='ocrx_word' id='word_1_204' title='bbox 406 3407 481 3465; x_wconf 89' lang='lat' dir='ltr'><strong>te</strong></span> <span class='ocrx_word' id='word_1_205' title='bbox 545 3391 624 3464; x_wconf 93' lang='lat' dir='ltr'><strong>id</strong></span> <span class='ocrx_word' id='word_1_206' title='bbox 684 3390 980 3481; x_wconf 83' lang='lat' dir='ltr'><strong>fecisse3</strong></span> <span class='ocrx_word' id='word_1_207' title='bbox 1042 3392 1246 3491; x_wconf 91' lang='lat' dir='ltr'><strong>quod</strong></span> <span class='ocrx_word' id='word_1_208' title='bbox 1301 3417 1563 3491; x_wconf 90' lang='lat' dir='ltr'><strong>magna</strong></span> <span class='ocrx_word' id='word_1_209' title='bbox 1616 3418 1786 3466; x_wconf 90' lang='lat' dir='ltr'><strong>cum</strong></span> <span class='ocrx_word' id='word_1_210' title='bbox 1844 3416 1974 3490; x_wconf 90' lang='lat' dir='ltr'><strong>spe</strong></span> <span class='ocrx_word' id='word_1_211' title='bbox 2030 3406 2548 3491; x_wconf 86' lang='lat' dir='ltr'><strong>exspectamus.</strong></span> 
     </span>
     <span class='ocr_line' id='line_1_28' title="bbox 405 3502 2551 3602; baseline 0 -27"><span class='ocrx_word' id='word_1_212' title='bbox 405 3502 690 3576; x_wconf 89' lang='lat' dir='ltr'><strong>Deinde</strong></span> <span class='ocrx_word' id='word_1_213' title='bbox 731 3505 929 3575; x_wconf 91' lang='lat' dir='ltr'><strong>enim</strong></span> <span class='ocrx_word' id='word_1_214' title='bbox 966 3502 1261 3576; x_wconf 89' lang='lat' dir='ltr'><strong>confido</strong></span> <span class='ocrx_word' id='word_1_215' title='bbox 1298 3502 1456 3576; x_wconf 87' lang='lat' dir='ltr'><strong>fore</strong></span> <span class='ocrx_word' id='word_1_216' title='bbox 1473 3559 1492 3595; x_wconf 89' lang='lat'>,</span> <span class='ocrx_word' id='word_1_217' title='bbox 1545 3518 1628 3576; x_wconf 88' lang='lat' dir='ltr'><strong>ut</strong></span> <span class='ocrx_word' id='word_1_218' title='bbox 1674 3504 1819 3576; x_wconf 88' lang='lat' dir='ltr'><strong>alio</strong></span> <span class='ocrx_word' id='word_1_219' title='bbox 1873 3527 2139 3602; x_wconf 89' lang='lat' dir='ltr'><strong>genere</strong></span> <span class='ocrx_word' id='word_1_220' title='bbox 2181 3502 2551 3575; x_wconf 88' lang='lat' dir='ltr'><strong>literarum</strong></span> 
     </span>
     <span class='ocr_line' id='line_1_29' title="bbox 406 3610 2552 3712; baseline 0.001 -28"><span class='ocrx_word' id='word_1_221' title='bbox 406 3629 702 3686; x_wconf 88' lang='lat' dir='ltr'><strong>utamur</strong></span> <span class='ocrx_word' id='word_1_222' title='bbox 728 3668 749 3705; x_wconf 93' lang='lat'><strong><em>‚</em></strong></span> <span class='ocrx_word' id='word_1_223' title='bbox 805 3614 1089 3712; x_wconf 89' lang='lat' dir='ltr'><strong>tibique</strong></span> <span class='ocrx_word' id='word_1_224' title='bbox 1138 3637 1277 3712; x_wconf 91' lang='lat' dir='ltr'><strong>pro</strong></span> <span class='ocrx_word' id='word_1_225' title='bbox 1335 3629 1467 3686; x_wconf 91' lang='lat' dir='ltr'><strong>tuo</strong></span> <span class='ocrx_word' id='word_1_226' title='bbox 1526 3637 1812 3685; x_wconf 90' lang='lat' dir='ltr'><strong>summo</strong></span> <span class='ocrx_word' id='word_1_227' title='bbox 1861 3610 2224 3686; x_wconf 89' lang='lat' dir='ltr'><strong>beneficio</strong></span> <span class='ocrx_word' id='word_1_228' title='bbox 2293 3615 2552 3710; x_wconf 86' lang='lat' dir='ltr'><strong>gratias</strong></span> 
     </span>
     <span class='ocr_line' id='line_1_30' title="bbox 408 3722 2548 3821; baseline 0 -26"><span class='ocrx_word' id='word_1_229' title='bbox 408 3747 726 3821; x_wconf 80' lang='lat' dir='ltr'><strong>agamus,</strong></span> <span class='ocrx_word' id='word_1_230' title='bbox 762 3722 983 3815; x_wconf 91' lang='lat' dir='ltr'><strong>Quod</strong></span> <span class='ocrx_word' id='word_1_231' title='bbox 1024 3725 1086 3798; x_wconf 88' lang='lat' dir='ltr'><strong>si</strong></span> <span class='ocrx_word' id='word_1_232' title='bbox 1125 3723 1468 3820; x_wconf 80' lang='lat' dir='ltr'><strong>acciderit</strong></span> <span class='ocrx_word' id='word_1_233' title='bbox 1489 3780 1508 3816; x_wconf 89' lang='lat'>,</span> <span class='ocrx_word' id='word_1_234' title='bbox 1562 3723 1777 3797; x_wconf 84' lang='lat' dir='ltr'><strong>velim</strong></span> <span class='ocrx_word' id='word_1_235' title='bbox 1818 3725 1919 3796; x_wconf 92' lang='lat' dir='ltr'><strong>sic</strong></span> <span class='ocrx_word' id='word_1_236' title='bbox 1962 3724 2363 3812; x_wconf 81' lang='lat' dir='ltr'><strong>existimeS‚</strong></span> <span class='ocrx_word' id='word_1_237' title='bbox 2396 3750 2548 3797; x_wconf 90' lang='lat' dir='ltr'><strong>non</strong></span> 
     </span>
     <span class='ocr_line' id='line_1_31' title="bbox 410 3833 2547 3934; baseline 0 -29"><span class='ocrx_word' id='word_1_238' title='bbox 410 3833 542 3906; x_wconf 89' lang='lat' dir='ltr'><strong>tibi</strong></span> <span class='ocrx_word' id='word_1_239' title='bbox 583 3849 732 3905; x_wconf 91' lang='lat' dir='ltr'><strong>tam</strong></span> <span class='ocrx_word' id='word_1_240' title='bbox 766 3837 1130 3925; x_wconf 86' lang='lat' dir='ltr'><strong>Atticum,</strong></span> <span class='ocrx_word' id='word_1_241' title='bbox 1171 3835 1382 3931; x_wconf 88' lang='lat' dir='ltr'><strong>cujus</strong></span> <span class='ocrx_word' id='word_1_242' title='bbox 1425 3859 1821 3934; x_wconf 90' lang='lat' dir='ltr'><strong>permagna</strong></span> <span class='ocrx_word' id='word_1_243' title='bbox 1858 3859 1974 3906; x_wconf 90' lang='lat' dir='ltr'><strong>res</strong></span> <span class='ocrx_word' id='word_1_244' title='bbox 2012 3835 2285 3934; x_wconf 87' lang='lat' dir='ltr'><strong>agitur,</strong></span> <span class='ocrx_word' id='word_1_245' title='bbox 2324 3860 2547 3933; x_wconf 91' lang='lat' dir='ltr'><strong>quam</strong></span> 
     </span>
     <span class='ocr_line' id='line_1_32' title="bbox 410 3944 2549 4045; baseline 0 -30"><span class='ocrx_word' id='word_1_246' title='bbox 410 3967 568 4033; x_wconf 88' lang='lat' dir='ltr'><strong>me,</strong></span> <span class='ocrx_word' id='word_1_247' title='bbox 613 3947 752 4044; x_wconf 88' lang='lat' dir='ltr'><strong>qui</strong></span> <span class='ocrx_word' id='word_1_248' title='bbox 804 3970 953 4017; x_wconf 87' lang='lat' dir='ltr'><strong>non</strong></span> <span class='ocrx_word' id='word_1_249' title='bbox 1005 3949 1248 4017; x_wconf 89' lang='lat' dir='ltr'><strong>minus</strong></span> <span class='ocrx_word' id='word_1_250' title='bbox 1302 3945 1557 4018; x_wconf 88' lang='lat' dir='ltr'><strong>laboro</strong></span> <span class='ocrx_word' id='word_1_251' title='bbox 1593 3999 1616 4034; x_wconf 85' lang='lat'>‚</span> <span class='ocrx_word' id='word_1_252' title='bbox 1657 3969 1877 4043; x_wconf 88' lang='lat' dir='ltr'><strong>quam</strong></span> <span class='ocrx_word' id='word_1_253' title='bbox 1921 3945 2041 4018; x_wconf 90' lang='lat' dir='ltr'><strong>ille</strong></span> <span class='ocrx_word' id='word_1_254' title='bbox 2067 4000 2088 4035; x_wconf 90' lang='lat'>,</span> <span class='ocrx_word' id='word_1_255' title='bbox 2151 3944 2549 4045; x_wconf 88' lang='lat' dir='ltr'><strong>obligatum</strong></span> 
     </span>
     <span class='ocr_line' id='line_1_33' title="bbox 412 4051 590 4128; baseline 0.011 -4"><span class='ocrx_word' id='word_1_256' title='bbox 412 4051 590 4128; x_wconf 89' lang='lat' dir='ltr'><strong>fore.</strong></span> 
     </span>
    </p>
   </div>
  </div>
 </body>
</html>
