3019 4681
599 371 740 443 328
1234 375 1330 441 M.
1383 375 1462 440 T.
1514 374 2094 445 CICERONIS

600 491 1094 566 describenda.
1128 497 1230 565 Ea
1260 496 1317 563 si
1351 491 1587 582 voleS,
1618 497 1853 564 statim
1882 492 2207 566 habebis.
2244 495 2505 591 Scripsi
2524 495 2689 564 enim

599 601 693 674 ad
727 601 1053 674 librarios
1076 657 1095 689 ,
1148 617 1232 673 ut
1276 601 1482 674 fieret
1516 607 1663 676 tuis
1685 659 1704 692 ,
1746 606 1807 676 si
1842 619 1925 676 tu
1971 603 2227 690 velles,
2270 603 2689 676 describendi

597 726 934 812 potestas.
976 717 1078 784 Ea
1113 738 1286 784 vero
1332 712 1777 802 continebiS,
1822 713 2068 812 quoad
2105 716 2259 812 ipse
2292 729 2367 784 te
2406 713 2689 800 videam3

596 821 799 919 quod
836 822 1374 920 diligentissime
1408 821 1647 896 faeere
1684 823 1872 897 soles
1892 880 1912 913 ,
1956 848 2186 921 quum
2218 850 2259 896 a
2290 849 2410 896 me
2445 823 2567 895 tibi
2596 822 2690 894 di-

595 947 796 1003 ctum
842 947 968 1004 est.
1015 936 1260 1023 Quum
1285 944 1348 991 ¹9
1391 947 1633 1004 autem
1670 931 1855 1032 fugit
1892 959 2010 1006 me
2052 932 2188 1005 tibi
2223 933 2499 1020 dicere,
2526 933 2689 1004 miri-

595 1040 731 1115 fice
769 1042 1085 1115 Caerellia
1116 1041 1356 1114 studio
1394 1042 1728 1115 videlicet
1764 1044 2241 1144 philosophiae
2268 1042 2565 1140 flagrans
2592 1041 2692 1113 de·

597 1152 846 1224 scribit
873 1151 928 1223 'a
966 1154 1108 1225 tuis
1141 1181 1156 1224 ε
1202 1158 1377 1226 istos
1412 1156 1606 1253 ipsos
1648 1153 1739 1226 de
1776 1154 2073 1228 Finibus
2120 1153 2363 1226 habet.
2410 1159 2552 1251 Ego
2586 1176 2689 1223 au·

596 1275 744 1335 tem
793 1261 928 1333 tibi
977 1262 1329 1334 confirmo
1366 1263 1715 1362 (possum
1757 1262 1940 1354 falli,
1983 1280 2068 1336 ut
2114 1264 2472 1336 humanus
2493 1263 2629 1358 ²⁰),
2658 1283 2695 1330 a

595 1373 774 1444 meis
827 1397 985 1446 eam
1047 1400 1197 1445 non
1259 1373 1573 1464 habere3
1628 1383 2027 1474 numquam
2069 1375 2278 1476 ‘enim
2344 1371 2436 1444 ab
2492 1371 2693 1444 oculis

591 1486 770 1554 meis
815 1477 1226 1555 abfuerunt.
1267 1489 1581 1556 Tantum
1618 1510 1841 1584 porro
1876 1484 2165 1574 aberat,
2200 1501 2285 1556 ut
2313 1483 2521 1556 binos
2552 1483 2693 1554 scri·

590 1591 884 1684 berent3
919 1598 1038 1666 vix
1073 1596 1394 1694 singulos
1430 1595 1923 1670 confecerunt.
1960 1601 2281 1668 Tuorum
2312 1609 2549 1665 tamen
2581 1617 2694 1690 ego

594 1703 876 1777 nullum
937 1704 1280 1778 delictum
1338 1705 1687 1795 arbitror,
1735 1705 2077 1804 idemque
2132 1719 2206 1778 te
2256 1703 2426 1775 volo
2473 1705 2694 1776 existi·

589 1838 808 1887 mare.
867 1821 928 1888 A
976 1841 1094 1887 me
1151 1818 1347 1888 enim
1410 1818 1971 1916 praetermissum
2022 1831 2130 1888 est
2153 1869 2174 1904 ,
2225 1829 2309 1885 ut
2364 1813 2693 1900 dicerem,

590 1937 791 1995 meu
831 1949 956 1998 eos
991 1927 1186 1998 exire
1223 1927 1559 1999 nondum
1592 1927 1799 2000 velle.
1844 1931 1987 1998 Hui
2025 1950 2251 2024 quam
2290 1923 2417 1996 diu
2448 1925 2542 1996 de
2578 1947 2695 1994 nu-

589 2029 745 2133 gis?
788 2035 880 2108 de
915 2061 995 2108 re
1032 2038 1228 2108 enim
1263 2036 1448 2108 nihil
1487 2037 1726 2110 habeo
1748 2093 1768 2124 ,
1806 2037 2007 2135 quod
2043 2037 2324 2135 loquar.
2360 2039 2469 2107 De
2502 2033 2696 2106 Dola-

589 2142 782 2218 bella
828 2145 964 2217 tibi
1001 2149 1370 2220 assentior.
1411 2147 1821 2230 Coheredes
1842 2203 1861 2236 ,
1900 2163 1983 2219 ut
2014 2145 2267 2219 scribis
2285 2200 2305 2233 ,
2341 2147 2418 2216 in
2449 2149 2697 2216 Tuscu-

592 2255 783 2326 lano·
821 2260 933 2328 De
969 2261 1259 2330 Caesaris
1295 2257 1645 2349 adventu,
1672 2261 1955 2359 scripsit
1979 2257 2068 2330 ad
2098 2283 2215 2329 me
2244 2255 2537 2345 Balbus,
2566 2278 2697 2325 non

593 2362 761 2437 ante
800 2366 1010 2438 ka1.²²
1031 2385 1209 2441 sext.
1242 2373 1353 2442 De
1377 2372 1609 2442 Attica
1644 2372 1957 2469 optime,
1978 2368 2180 2468 quod
2197 2368 2463 2457 levius,
2498 2391 2577 2438 ac
2611 2366 2697 2436 le-

593 2470 868 2561 nius23,
910 2487 984 2546 et
1023 2474 1225 2573 quod
1279 2474 1420 2547 fert
1468 2480 1729 2558 εὐκόλως
1750 2480 1835 2546 ²4.
1897 2474 2117 2567 Quod
2170 2488 2413 2545 autem
2469 2472 2558 2543 de
2598 2470 2699 2541 illa

593 2596 840 2653 nostra
890 2584 1408 2681 cogitatione,²⁵
1452 2586 1739 2674 scribis,
1785 2590 1863 2657 in
1907 2610 2055 2684 qua
2104 2584 2282 2656 nihil
2329 2584 2465 2656 tibi
2509 2580 2698 2668 cedo,

595 2714 717 2779 ea,
773 2718 934 2790 quae
991 2698 1206 2785 novi,
1263 2696 1469 2769 valde
1526 2696 1809 2797 prob03
1854 2697 2225 2769 hominem
2248 2693 2338 2785 ²⁶,
2376 2694 2697 2779 domum,

587 2798 980 2876 facultates.
1027 2808 1247 2896 Quod
1285 2822 1501 2905 caput
1537 2822 1682 2895 est,
1722 2808 1962 2905 ipsum
1997 2832 2150 2877 non
2182 2806 2395 2891 novi3
2438 2804 2563 2877 sed
2596 2828 2701 2875 au·

589 2909 710 2981 dio
751 2912 1132 2987 laudabilia
1167 2915 1259 2989 de
1295 2915 1560 2989 Scrofa.
1600 2919 1829 2989 Etiam
1869 2918 2279 3013 proxime²⁷
2318 2914 2623 3001 accedit,
2648 2914 2698 2983 si

588 3016 768 3114 quid
807 3018 946 3091 hoc
979 3021 1071 3093 ad
1107 3048 1306 3094 rem:
1353 3027 1763 3121 εὐγενέστεροζ
1784 3016 1850 3067 ²⁸
1890 3034 1996 3093 est
2033 3022 2247 3093 etiam
2270 3076 2290 3109 ,
2330 3046 2547 3117 quam
2588 3042 2699 3117 pa·

663 3196 748 3245 19.
781 3182 942 3245 Olim,
966 3184 1221 3249 Quomodo
1247 3196 1428 3234 autem.
1460 3186 1604 3233 an-
1694 3183 1953 3233 delendum
1976 3200 2077 3232 esse
2094 3184 2193 3245 jam
2218 3182 2482 3231 Lambinus
2504 3179 2695 3235 censuit,

583 3260 730 3307 bium
754 3262 910 3311 voluit
935 3264 1193 3326 Quoniam.
1222 3262 1422 3313 sehiitz.
1450 3263 1608 3313 edidit
1694 3273 1749 3310 ut
1772 3264 1939 3327 inepte
1962 3262 2201 3311 additum.
2230 3264 2264 3311 J
2286 3264 2367 3309 .V.
2396 3262 2453 3309 L.

593 3340 752 3402 Quod.
781 3342 830 3391 J.
849 3344 912 3389 V.
939 3344 995 3389 L.
1768 3352 1854 3399 24.
1901 3338 2134 3398 Εὖκόλως.
2172 3340 2323 3403 Quod
2367 3354 2509 3403 aeqno
2552 3336 2695 3384 auimo

656 3435 740 3469 ao.
777 3420 950 3469 Bonius
968 3457 984 3481 ,
1018 3433 1069 3470 et
1107 3433 1248 3470 antea
1279 3422 1542 3471 Lambinus
1579 3438 1609 3471 e
1694 3423 1788 3471 fert
1810 3420 2061 3469 adversam
2087 3420 2423 3468 valitudinem.
2442 3420 2534 3466 En.

583 3498 735 3558 MSS,
762 3512 816 3546 ut
833 3500 994 3549 homo.
1019 3503 1068 3551 J.
1087 3504 1136 3549 V
1161 3504 1216 3551 L.
1766 3502 1852 3552 25.
1886 3498 2204 3565 cogitatione.
2234 3499 2444 3547 Cuinam
2470 3498 2523 3544 in
2548 3492 2694 3544 matri-

657 3592 740 3625 21.
782 3580 1004 3629 Graevius
1036 3598 1064 3629 e
1101 3580 1237 3628 libris
1277 3580 1468 3644 scriptis
1505 3581 1606 3629 suis
1690 3582 1859 3628 mortio
1904 3580 2071 3627 Attica
2103 3578 2407 3637 collocetur,
2440 3592 2589 3641 quum
2612 3574 2697 3621 fem

583 3654 776 3705 addidit
797 3675 904 3715 πως
889 3658 1066 3707 ‘habet
1085 3671 1134 3708 et
1153 3659 1232 3709 ed.
1255 3662 1400 3709 Rom.
1427 3660 1604 3709 Omisit
1687 3658 1789 3719 iam
1810 3661 1875 3707 eit
1894 3656 2095 3706 nubilis.
2118 3658 2265 3706 Mu.

581 3735 786 3785 Jenson.
815 3738 864 3785 J.
884 3742 947 3791 V.
976 3741 1028 3786 L.
1763 3740 1847 3787 26.
1877 3738 1991 3785 Sch.
2014 3752 2212 3784 nomen.
2238 3736 2289 3784 J.
2309 3737 2373 3781 V.
2400 3736 2457 3781 L.

613 3874 618 3877 Ι
655 3830 739 3863 22.
777 3816 970 3865 schiitz.
1000 3818 1140 3880 jubet
1169 3818 1410 3878 scribere,
1447 3835 1601 3868 «non
1760 3814 2322 3879 27.Proxime.1ntell.
2354 3814 2534 3861 Olivet.
2556 3824 2695 3876 prope

581 3904 692 3941 ante
705 3892 803 3945 kal.
819 3908 943 3962 sept.
961 3920 986 3939 a
1007 3899 1057 3946 J.
1075 3900 1136 3946 V.
1161 3902 1216 3949 1..
1232 3898 1428 3947 —Non
1444 3895 1600 3946 male.
1686 3897 1842 3944 Attici
1872 3895 2016 3945 aedes.
2054 3894 2223 3943 Edidit
2256 3892 2481 3942 Lumbin.
2500 3890 2695 3939 habitat

583 3988 694 4021 nam
709 3992 820 4025 vere
837 3977 996 4026 Caesar
1012 3978 1159 4027 rediit
1173 3977 1238 4025 ad
1257 3977 1439 4025 Urbem
1457 3978 1599 4025 initio
1686 3978 1959 4055 ¹Utrumque
1986 3974 2129 4023 male.
2158 3975 2250 4022 En.

583 4052 759 4101 mensis
785 4056 1014 4105 octobn's.
1048 4058 1139 4104 En.
1758 4058 1842 4105 28.
1865 4054 2191 4125 Εὐγενίςιρος.
2222 4051 2469 4103 Nobilior:
2489 4046 2619 4115 quod
2638 4044 2693 4093 td

652 4135 740 4183 23.
773 4134 907 4186 Idem
938 4134 1117 4185 delevit
1147 4150 1210 4183 ac
1239 4134 1420 4195 lenius,
1462 4134 1599 4199 quod
1686 4150 1837 4200 genus
1851 4136 2025 4185 attinet
2028 4144 2255 4203 ,propter
2266 4126 2691 4183 maternouffinoe-
