3019 4681
766 338 1311 409 EPISTOLAE
1359 340 1494 422 ΑΙ)
1543 311 2191 426 ΑΤΤΙουΜ,’Χ,
2242 365 2309 436 9.
2462 295 2597 439 ηιξ)

467 474 711 531 tamen
743 457 834 530 ab
872 483 960 530 eo
1000 459 1244 558 petivi,
1287 474 1373 530 ut
1415 459 1508 532 ad
1548 475 1620 533 te
1656 461 1892 532 literas
1933 465 2283 552 mitteret,
2332 464 2601 563 quibus

470 569 780 642 maxime
801 569 891 642 ad
913 567 1436 641 remanendum
1458 573 1900 642 commoveri
1924 595 2189 670 posses.
2217 576 2334 644 Me
2354 599 2598 646 secum

468 681 546 750 in
573 680 985 776 Hispaniam
1016 678 1233 750 ducit.
1279 682 1502 769 Nam,
1534 681 1673 750 nisi
1716 682 1815 752 ita
1841 678 2138 771 faceret,
2181 707 2318 781 ego
2362 686 2597 782 priuS,

471 813 692 888 quam
723 788 816 862 ad
852 788 1125 878 Urbem
1164 789 1616 879 accederem,
1655 790 2099 890 ubicumque
2136 817 2359 881 esses,
2398 793 2489 866 ad
2532 810 2602 868 te

473 903 982 1000 percurrissem
1000 955 1018 985 ‚
1058 915 1132 972 et
1166 899 1308 976 hoc
1349 925 1394 972 a
1428 916 1501 972 te
1538 924 1850 998 praesens
1890 902 2460 991 contendissem,
2495 919 2601 976 at-

472 1033 618 1110 que
643 1012 844 1082 omni
867 1012 936 1082 vi
959 1025 1030 1082 te
1052 1011 1531 1082 retinuissem.
1562 1012 1791 1081 Etiam
1813 1025 2029 1109 atque
2052 1015 2266 1083 etiam
2285 1066 2304 1101 ,
2329 1015 2605 1100 Cicero,

475 1123 748 1217 cogita,
780 1145 876 1193 ne
911 1136 984 1193 te
1008 1133 1322 1218 tuosque
1365 1144 1620 1192 omnes
1656 1119 1985 1193 funditus
2026 1135 2339 1211 evertas;
2375 1129 2608 1196 necte

475 1232 706 1303 sciens
762 1230 1228 1330 prudensque
1287 1254 1376 1302 eo
1427 1230 1759 1303 demittas
1777 1285 1798 1320 ,
1845 1229 2041 1303 unde
2090 1233 2366 1304 exitum
2409 1231 2609 1303 vides

475 1340 758 1413 nullum
803 1367 974 1414 esse.
1012 1339 1232 1434 Quod
1270 1343 1330 1413 si
1373 1355 1442 1411 te
1491 1355 1615 1412 ant
1656 1365 1869 1414 voces
1910 1345 2367 1438 optimatium
2406 1367 2608 1413 com·

477 1465 808 1540 movent,
853 1466 980 1523 aut
1021 1451 1544 1522 nonnullorum
1588 1451 1971 1523 hominum
2025 1453 2481 1525 insolentiam
2538 1466 2611 1524 et

469 1560 930 1655 jactationem
967 1559 1156 1634 ferre
1193 1585 1347 1633 non
1389 1574 1597 1658 potes
1626 1589 1647 1649 ;
1687 1563 1938 1660 eligas,
1974 1585 2235 1634 censeo
2257 1616 2278 1652 ,
2319 1562 2613 1659 aliquod

477 1671 826 1770 oppidum
853 1695 1162 1744 vacuum
1189 1695 1231 1742 a
1251 1669 1480 1760 bello,
1508 1668 1685 1741 dum
1716 1670 1869 1742 haec
1896 1670 2423 1758 decernuntur,
2450 1696 2611 1768 quae

473 1779 616 1875 jam
655 1795 867 1852 erunt
911 1779 1259 1853 confecta.
1304 1779 1389 1850 Id
1434 1781 1494 1850 si
1530 1779 1821 1868 feceris,
1859 1795 1935 1851 et
1974 1805 2111 1878 ego
2146 1794 2217 1853 te
2252 1781 2615 1878 sapienter

481 1888 730 1962 fecisse
759 1887 1132 1983 judicabo,
1177 1903 1249 1960 et
1292 1893 1643 1961 Caesarem
1682 1913 1833 1958 non
1869 1886 2216 1960 offendes.

485 2061 574 2083 m

851 2057 1859 2082 ”mmmmm
1864 2059 2041 2080 m

2430 2060 2616 2080 mm

1175 2221 1766 2302 EPISToLA
1794 2331 1803 2343 .
1832 2223 1932 2299 x,

483 2386 664 2447 Mittit
687 2388 990 2467 epistolam
1015 2386 1290 2456 Antonii,
1312 2401 1488 2461 seque
1509 2400 1583 2441 ex
1602 2381 1771 2441 Italia
1794 2382 2026 2441 evolare
2050 2400 2267 2461 cupere
2290 2384 2608 2461 significan

563 2482 727 2542 addit
750 2503 937 2563 pauca
962 2482 1038 2542 de
1061 2488 1133 2557 Q.
1161 2482 1282 2541 filio
1313 2478 1589 2558 regendo.
1634 2478 1655 2559 (
1670 2482 1741 2536 In
1765 2479 2057 2551 Cumano,
2086 2496 2240 2537 anno
2266 2482 2341 2539 U.
2367 2484 2433 2540 C.
2462 2490 2575 2555 704
2598 2522 2617 2553 ,

565 2598 763 2640 mense
793 2578 996 2658 maio.)

1157 2698 1467 2763 menno
1512 2696 1831 2763 AT‘rlco
1878 2694 1947 2759 s:
2055 2670 2067 2675 ’

583 2848 706 2919 ΜΕ
735 2866 1038 2932 caecum,
1080 2846 1207 2944 qui
1237 2846 1390 2919 haec
1413 2859 1433 2892 ¹
1485 2862 1653 2919 ante
1684 2870 1838 2917 non
1872 2840 2201 2915 viderim!
2235 2843 2391 2915 Misi
2426 2842 2519 2915 ad
2552 2858 2623 2915 te

492 2955 868 3057 epistolam
891 2958 1204 3029 Antonii.
1232 2960 1312 3029 Ei
1336 2982 1567 3056 quum
1594 2981 1729 3055 ego
1754 2956 2138 3054 saepissime
2158 2955 2623 3053 scripsissem,

493 3067 674 3139 nihil
709 3091 828 3138 me
864 3080 1118 3138 contra
1157 3070 1448 3140 Caesaris
1473 3068 1790 3140 rationes
1823 3064 2180 3163 cogitare3
2217 3066 2626 3136 meminisse

493 3203 609 3250 me
641 3176 890 3275 generi
921 3178 1062 3247 mei
1086 3186 1141 3267 ²,
1178 3179 1590 3250 meminisse
1628 3176 1981 3263 amicitiae3
2016 3176 2375 3273 potuisse,
2408 3176 2467 3245 si
2498 3174 2623 3245 ali-

495 3303 606 3360 ter
630 3288 969 3359 sentirem
986 3341 1006 3375 ,
1038 3310 1189 3359 esse
1219 3312 1386 3360 cum
1404 3291 1751 3388 Pompeio
1772 3314 1793 3377 3
1819 3308 1936 3356 me
1962 3298 2201 3355 autem
2220 3337 2240 3371 ,
2270 3286 2443 3382 quia
2460 3306 2629 3360 cum

497 3394 871 3493 lictoribus
887 3397 1159 3469 invitus
1186 3421 1549 3471 cursat-em
1566 3452 1586 3487 ‚
1615 3397 1860 3470 abesse
1888 3392 2102 3479 velle,
2129 3417 2265 3464 nec
2284 3391 2360 3463 id
2389 3394 2629 3493 ipsum

499 3518 778 3575 certum
819 3503 1035 3573 etiam
1068 3528 1269 3575 nunc
1296 3504 1564 3577 habere
1598 3532 1613 3574 :
1644 3502 1839 3588 vide,
1864 3524 2085 3597 quam
2118 3497 2211 3569 ad
2235 3498 2386 3571 haec
2412 3528 2635 3597 παροι-

499 3632 674 3703 vizo<
697 3614 750 3687 ³.

575 3772 622 3805 1.
651 3758 782 3805 Πωσ.
811 3757 892 3806 Sc.
919 3756 1042 3804 into·
1067 3770 1170 3803 uon
1197 3757 1521 3821 pet-minutos
1608 3756 1906 3822 petulanter,
1928 3753 2283 3805 contumelioso
2300 3788 2318 3816 ,
2350 3752 2638 3812 insolenter,

501 3852 580 3885 me
595 3852 660 3885 α
677 3836 812 3885 Italia
825 3852 936 3885 meo
949 3836 1186 3885 arbitratu
1197 3838 1346 3887 exiro.
1365 3839 1522 3888 Stulte
1610 3858 1635 3879 α
1652 3834 1793 3899 quui
1828 3848 1891 3881 ex
1930 3832 2215 3883 temulentia
2226 3854 2269 3880 ιο.
2292 3858 2365 3869 -
2388 3832 2641 3881 victorin·

503 3930 610 3964 uum
629 3924 903 3965 cunctatus.
931 3917 1026 3964 En.
1610 3912 1829 3977 reposuit
1860 3914 2177 3980 τυρανναῶςς
2202 3910 2291 3961 nod
2310 3910 2437 3959 illud
2463 3911 2637 3959 eodm

577 4002 630 4036 ι.
663 3986 844 4035 Generi
865 3986 977 4035 mei.
1005 3986 1290 4037 Dolabella.
1317 3990 1414 4039 En.
1616 3991 1771 4051 redit,
1807 4001 1857 4039 et
1896 3993 2052 4057 mgis
2099 3990 2335 4043 convenit
2384 3992 2438 4039 in
2480 3992 2644 4040 Anto-

577 4065 632 4115 3.
671 4068 984 4131 Παροινικῶς.
1021 4067 1080 4115 Id
1111 4078 1213 4126 est,
1249 4069 1529 4132 vinolente,
1614 4070 1771 4120 nium.
1795 4071 1845 4119 J.
1860 4072 1923 4120 V.
1949 4072 2007 4121 1..
