3019 4681
541 384 632 470 34
1169 385 1266 452 M.
1317 385 1395 452 T.
1449 385 2021 457 clcssnoms

541 504 766 578 modo
801 519 1222 604 potueram,
1263 508 1685 604 scripseram
1714 510 1877 607 ipse
1909 527 2029 579 eas
2061 506 2303 579 literas
2324 561 2345 596 ‚
2374 529 2699 604 quarum

540 619 1122 690 vaticinationem
1165 613 1414 688 salsam
1468 637 1625 690 esse
1674 622 1916 718 cupio.
1970 618 2208 714 Hujus
2248 633 2491 690 autem
2536 617 2701 716 epi-

543 729 742 802 stolae
784 753 937 800 non
981 728 1219 800 solum
1255 752 1340 798 ea
1385 753 1599 801 causa
1638 745 1787 818 est,
1832 745 1919 801 ut
1952 754 2048 802 ne
2092 731 2260 827 quis
2302 753 2345 800 a
2378 753 2499 801 me
2542 729 2705 801 dies

539 848 1082 931 intermittatur,
1117 844 1300 940 quin
1345 842 1513 915 dem
1552 843 1645 916 ad
1684 860 1758 918 te
1797 846 2077 934 litera53
2118 843 2247 916 sed
2284 845 2499 915 etiam
2543 843 2706 916 hoee

534 958 824 1054 justior,
858 969 944 1026 ut
979 979 1022 1024 a
1065 968 1140 1024 te
1179 954 1685 1052 impetrarem,
1725 971 1809 1027 ut
1845 977 2169 1028 sumeres
2204 955 2475 1053 aliquid
2508 969 2705 1028 tem-

541 1069 777 1168 poris;
807 1085 959 1162 quo
988 1067 1160 1163 quia
1186 1063 1318 1136 tibi
1350 1068 1747 1166 perexiguo
1766 1089 1954 1166 opus
1978 1082 2086 1138 est
2102 1116 2123 1153 ,
2152 1063 2492 1166 explicari
2517 1065 2708 1138 mihi

539 1195 754 1252 tunm
811 1177 1196 1248 consilium
1247 1176 1464 1274 plane
1521 1176 1693 1248 volo
1717 1231 1737 1266 ,
1796 1191 1881 1247 nt
1936 1178 2229 1276 penitus
2271 1176 2703 1276 intelligam.

542 1289 807 1362 Omnia
853 1302 1025 1358 sunt
1067 1287 1346 1384 integra
1385 1285 1603 1359 nobis
1645 1317 1661 1359 :
1717 1287 1899 1360 nihil
1944 1289 2507 1387 praetermissum
2552 1303 2705 1372 est,

541 1397 748 1498 quod
773 1423 926 1468 non
958 1393 1220 1469 habeat
1247 1399 1650 1496 sapientem
1682 1401 2221 1471 excusationem
2238 1449 2257 1488 ‚
2290 1421 2443 1471 non
2470 1400 2706 1472 modo

539 1506 1018 1608 probabilem.
1075 1511 1258 1578 Nam
1315 1524 1513 1580 certe
1566 1533 1811 1607 neque
1860 1524 2021 1581 tum
2071 1513 2401 1609 peceavi,
2458 1533 2702 1609 quum

543 1623 972 1718 imparatam
995 1627 1016 1662 ¹
1065 1619 1216 1714 jam
1243 1630 1273 1662 ²
1324 1624 1682 1718 Capuam,
1735 1640 1885 1690 non
1942 1619 2179 1693 solnm
2224 1621 2525 1719 ignaviae
2568 1619 2703 1693 de—

540 1733 811 1820 lectus,
847 1729 976 1803 sed
1013 1732 1230 1804 etiam
1267 1729 1589 1830 perfidiae
1632 1731 2124 1829 suspicionem
2164 1728 2483 1830 fugiens,
2520 1735 2707 1805 acci-

542 1866 718 1944 pere
759 1839 1052 1926 nolui³;
1093 1867 1334 1941 neque
1371 1865 1605 1940 quum
1638 1857 1805 1942 post
1842 1839 2303 1915 conditiones
2334 1847 2534 1941 pacis
2564 1863 2705 1942 per

441 2047 448 2058 Ι
541 1959 624 2028 L.
683 1958 1035 2026 Caesarem
1081 1969 1156 2026 et
1204 1953 1606 2026 Fabatum‘·
1656 1955 1941 2040 allatas,
1991 1955 2182 2040 cavi,
2234 1975 2328 2026 ne
2370 1956 2703 2027 animum

543 2067 700 2162 ejus
737 2065 1231 2153 offenderem,
1275 2065 1397 2136 cui
1446 2068 1842 2164 Pompeius
1881 2064 2029 2160 jam
2068 2081 2387 2139 armatus
2419 2081 2703 2138 armato

544 2177 1003 2250 consulatum
1049 2176 1660 2276 triumphumque
1717 2175 2053 2249 deferret.
2103 2180 2257 2248 Nec
2315 2203 2491 2250 vero
2540 2177 2703 2250 haec

543 2303 867 2361 extrema
925 2289 1312 2386 quisquam
1367 2302 1610 2387 potest
1658 2288 1823 2383 jure
1866 2283 2405 2388 reprehendere
2427 2343 2447 2377 ,
2494 2288 2703 2387 quod

541 2425 742 2472 mare
795 2419 946 2470 non
1007 2399 1413 2470 transierim
1455 2425 1470 2468 ε
1531 2398 1603 2471 id
1654 2402 1894 2484 enim,
1950 2401 2082 2470 etsi
2138 2413 2291 2469 erat
2340 2397 2701 2471 delibera-

542 2512 800 2598 tioniS,
834 2524 1078 2581 tamen
1117 2508 1321 2581 obire
1361 2531 1513 2581 non
1552 2514 1781 2635 potui:
1824 2512 2082 2609 Neque
2115 2510 2309 2581 enim
2348 2508 2701 2610 suspicari

544 2621 803 2711 debui3
867 2623 1263 2720 praesertim
1316 2645 1549 2718 quum
1612 2646 1703 2691 ex
1756 2622 1984 2720 ipsius
2048 2622 2378 2719 Pompeii
2428 2614 2693 2710 literiS,

543 2732 742 2804 idem
771 2730 975 2829 quod
1011 2728 1222 2802 video
1253 2744 1326 2801 te
1355 2732 1840 2816 existimasse,
1871 2756 2021 2802 non
2054 2730 2484 2819 dubitarim,
2512 2732 2701 2829 quin

545 2848 608 2917 is
637 2838 982 2915 Do'mitio
995 2830 1490 2913 subventurus
1522 2857 1728 2913 esset.
1762 2846 1853 2915 Et
1879 2843 2093 2941 plane
2112 2896 2133 2932 ,
2165 2840 2343 2940 quid
2378 2836 2701 2929 rectum,

545 2969 618 3027 et
655 2953 834 3053 quid
867 2952 1279 3025 faciendum
1311 2952 1487 3025 mibi
1524 2967 1749 3039 esset,
1785 2952 2058 3025 diutius
2097 2953 2413 3050 cogitare
2452 2952 2694 3024 malui.

540 3068 863 3136 Primum
906 3064 1165 3161 igitur,
1219 3062 1371 3134 haec
1431 3064 1677 3163 qualia
1725 3062 1859 3135 tibi
1914 3088 2067 3136 esse
2110 3062 2517 3150 videantur,
2564 3066 2701 3135 etsi

541 3174 940 3274 significata
977 3186 1150 3245 sunt
1185 3195 1228 3244 a
1261 3186 1372 3261 te,
1419 3186 1665 3246 tamen
1716 3177 2123 3245 accuratius
2170 3172 2344 3243 mihi
2386 3177 2697 3271 perseri-

537 3284 711 3375 bas,
754 3283 1017 3358 velim:
1058 3280 1324 3355 deinde
1375 3280 1650 3383 aliquid
1718 3284 1937 3355 etiam
1988 3280 2063 3355 in
2110 3298 2490 3381 posterum
2530 3302 2699 3381 pro-

619 3540 664 3570 1.
703 3523 1033 3584 Impar-atam.
1076 3516 1158 3565 Ab
1197 3518 1435 3567 exercitu.
1474 3517 1577 3566 Alii
1665 3534 1778 3566 nem
1826 3518 2045 3582 fugiens,
2090 3518 2313 3583 accipere
2356 3517 2492 3567 volui
2506 3540 2548 3567 a.
2589 3517 2701 3567 Nisi

544 3599 702 3666 (Man.
723 3610 772 3647 et
781 3596 998 3658 Lamb.),
1011 3594 1316 3659 imperatam.
1337 3595 1577 3645 Coeun.
1666 3597 1795 3645 enim
1822 3597 2089 3663 accepisset
2115 3598 2292 3647 Cicero
2308 3631 2325 3659 ,
2351 3597 2558 3662 ignavus
2578 3608 2630 3647 et
2646 3598 2701 3646 in

618 3696 666 3730 a.
693 3677 916 3727 Graevins
932 3672 1046 3741 jam
1071 3674 1333 3723 delendum
1361 3672 1572 3723 censuit.
1666 3678 1953 3741 Pompeium
1984 3675 2203 3742 perfidus
2240 3677 2401 3726 videri
2436 3677 2701 3741 potuisset.

618 3760 669 3807 3.
683 3756 918 3821 Accipere
930 3753 1082 3803 nolui.
1094 3756 1260 3817 Quum
1279 3753 1575 3817 rejiciebam,
1664 3757 1901 3805 Consu).
1916 3784 1985 3793 —
1999 3758 2183 3805 Omnes
2208 3755 2331 3805 editi
2354 3756 2471 3805 libri
2488 3759 2703 3807 retinent

539 3832 682 3903 epist.
701 3846 810 3899 sup.
831 3844 942 3882 nam
957 3842 1125 3898 postea
1136 3868 1151 3891 ‚
1169 3832 1391 3897 quamvis
1403 3832 1573 3895 iovite,
1664 3830 1877 3883 delectus
1887 3870 1900 3883 .

536 3918 672 3983 oapi,
698 3916 841 3981 epist.
877 3924 906 3963 α
931 3910 1077 3975 hujus
1095 3913 1234 3961 libri.
1259 3914 1388 3963 Vide
1405 3922 1569 3963 tamen
1728 3922 1780 3971 4.
1804 3914 2066 3964 tabacum.
2091 3918 2141 3965 Ιι
2168 3920 2241 3963 eut
2268 3916 2330 3965 1..
2354 3914 2571 3964 Roscius
2606 3918 2697 3965 Bs-

537 4010 602 4045 Ιη
623 4006 755 4045 totus
775 3994 856 4043 hic
873 3993 1014 4042 loeus
1028 3994 1096 4043 ita
1113 3993 1213 4057 legi
1230 3992 1427 4043 debeat:
1441 3996 1566 4043 «Ιη-
1656 3993 1823 4054 batus,
1840 3996 1982 4059 cnjus
2002 4005 2053 4043 et
2074 3994 2261 4043 mentio
2280 3996 2335 4043 in
2352 3995 2561 4059 epitola
2580 3995 2699 4045 1³01-

539 4086 756 4143 paratnm
783 4073 1026 4140 Capuam,
1049 4090 1151 4123 non
1181 4074 1340 4122 solum
1360 4072 1569 4139 ignavia
1656 4072 1822 4136 lionis,
1849 4084 1899 4122 et
1923 4074 1977 4123 iu
2003 4085 2235 4140 argenteo
2258 4090 2482 4135 nummo,
2508 4070 2562 4123 in
2590 4091 2694 4140 qno

541 4151 800 4215 delictum,
819 4154 908 4203 sed
926 4154 1070 4203 enam
1089 4144 1312 4219 perfidiae
1329 4152 1570 4218 suspicio-
1657 4152 1839 4217 legitur
1855 4164 1870 4201 ε
1889 4154 1980 4204 el..
2000 4152 2173 4203 Roscii
2195 4152 2362 4204 Feb-ti
2374 4170 2417 4203 ιι.
2436 4156 2699 4205 Usum—-
