3019 4681
1491 146 1515 178 Ι

611 305 752 388 ¹240
1240 303 1338 370 M.
1385 303 1463 371 T.
1519 305 2115 378 CICERONIS

606 447 828 523 quam
881 445 1009 494 sua
1057 420 1384 495 libertate
1421 452 1437 494 :
1481 423 1610 496 sed
1657 439 1901 498 tamen
1959 428 2277 525 permisi.
2335 427 2489 501 Tibi
2536 430 2685 502 enim

607 534 1096 608 intellexeram
1148 557 1300 603 non
1351 534 1563 606 nimis
1614 534 2015 633 displicere.
2062 543 2215 634 Ego
2264 540 2475 610 etiam
2516 555 2687 638 atque

607 647 821 718 etiam
860 642 1196 740 cogitabo
1219 697 1238 732 ‚
1289 657 1549 740 atque,
1596 659 1679 715 ut
1714 646 1905 718 idem
1944 646 2159 720 facias
2182 703 2199 738 ,
2244 673 2443 747 rog0.
2482 655 2691 748 Magna

606 782 724 830 res
769 771 844 828 et
893 752 1198 852 simplex
1234 768 1343 824 est
1383 778 1714 843 manere;
1765 755 1943 827 illud
1990 781 2277 856 anceps,
2325 763 2581 831 Verum
2616 764 2692 828 vi·

607 867 961 940 debimus.
1007 868 1118 938 De
1157 862 1380 934 Balbo
1420 878 1495 935 et
1532 868 1607 936 in
1643 865 1983 938 codicillis
2006 869 2483 966 scripseram,
2522 885 2588 940 et
2620 872 2695 942 ita

605 981 885 1076 cogito,
929 974 1140 1046 simul
1177 998 1257 1044 ac
1293 971 1629 1045 redierit:
1669 976 1781 1046 sin
1820 973 1940 1047 ille
1980 976 2290 1066 tardius,
2332 1003 2466 1077 ego
2498 993 2695 1050 tamen

605 1083 1000 1166 triduumss.
1028 1093 1117 1160 Et
1134 1143 1153 1177 ,
1181 1087 1384 1184 quod
1407 1090 1761 1186 praeterii,
1788 1083 2407 1164 Dolabella'etiam
2434 1117 2697 1166 mecum.

606 1269 772 1316 ivisset
789 1299 806 1325 ‚
825 1262 1049 1328 quum-id
1066 1261 1193 1326 patri
1221 1262 1366 1310 scitet
1388 1277 1489 1310 nou
1515 1262 1623 1326 pls·
1714 1263 1791 1310 sin
1836 1263 1919 1312 ille
1968 1263 2177 1324 tsi-dius,
2220 1281 2313 1329 ego
2329 1301 2345 1328 ,
2393 1263 2525 1330 quod
2564 1265 2701 1329 opnvi

609 1362 748 1408 cere,
790 1345 1019 1391 nimirum
1069 1340 1269 1390 liberius
1310 1357 1450 1404 agere
1494 1342 1627 1389 visus
1714 1351 1875 1390 tamen
1898 1359 2139 1407 assequar,
2166 1355 2223 1392 ut
2246 1344 2329 1392 hic
2358 1345 2563 1392 triduum
2582 1344 2699 1392 etim

606 1435 744 1474 esset.
785 1425 931 1472 Mn«.
969 1447 1039 1458 —
1078 1419 1248 1468 Velim.
1285 1419 1549 1468 Lambinus
1578 1429 1629 1468 et
1712 1437 1903 1470 manere
1928 1423 2128 1486 possim.
2154 1423 2271 1471 Non
2291 1423 2407 1472 lieet
2429 1435 2583 1472 autem
2600 1437 2701 1487 qm·

605 1505 807 1561 Bosius,
839 1501 982 1550 Velie.
1017 1500 1250 1550 Restituit
1286 1499 1508 1548 Graevius
1541 1515 1626 1547 ve·
1713 1500 1932 1550 rumdam
1954 1501 2225 1550 dictionum
2246 1503 2487 1552 occultam
2505 1504 2704 1570 vimqu-

607 1597 756 1634 terem
783 1582 1057 1630 lectionem.
1086 1581 1134 1629 J.
1153 1582 1218 1627 V.
1241 1581 1298 1626 L.
1712 1583 1942 1647 μετρικῶς
1997 1581 2249 1630 ostendere
2295 1598 2307 1630 :
2372 1582 2487 1644 sed,
2536 1581 2703 1644 ingenio

675 1665 724 1713 8.
740 1665 846 1728 Ego
865 1673 1026 1709 tamen
1043 1659 1270 1706 triduum.
1289 1658 1385 1705 Hic
1397 1656 1622 1705 manebo.
1712 1659 1879 1724 paullo
1903 1661 2123 1708 acutiore
2144 1659 2231 1726 qui
2252 1671 2368 1709 sunt
2380 1695 2395 1721 ,
2420 1662 2575 1720 facile,
2590 1659 2707 1724 quod

603 1746 664 1792 Et
689 1743 868 1806 dictio)
897 1751 1058 1788 tamen
1075 1774 1091 1796 ‚
1123 1747 1322 1786 venuste
1348 1739 1506 1800 posita
1529 1753 1623 1802 pro
1710 1737 2120 1802 significavimus,
2182 1740 2455 1806 intelligent
2496 1755 2511 1790 :
2561 1739 2707 1788 ceteris

602 1834 727 1871 certe
746 1839 763 1870 :
786 1822 900 1884 quia
924 1817 1214 1867 desiderium
1239 1815 1508 1864 rusticandi
1536 1814 1621 1864 de·
1710 1817 1981 1866 satisfacere
2022 1835 2180 1882 neque
2222 1836 2415 1884 semper
2446 1835 2700 1886 poaumus,

600 1903 823 1951 clai-atur.
847 1902 918 1947 Ut
935 1899 1032 1946 hoc
1051 1897 1180 1944 dicat
1199 1897 1394 1960 :Quum
1411 1896 1623 1958 primum
1710 1898 1856 1946 etism
1877 1897 1918 1944 si
1936 1897 2169 1956 velimus,
2194 1915 2380 1963 neque,
2406 1899 2449 1946 si
2469 1898 2704 1964 possimus,

599 1983 776 2031 Balbus
793 1977 1013 2034 redierit,
1031 1979 1239 2026 Romam
1257 1990 1332 2022 me
1349 1975 1620 2024 conferam:
1710 1993 1899 2042 semper
1921 1977 2045 2026 velle
2068 1977 2318 2028 dehemus.
2346 1981 2490 2028 Mu.

597 2155 1053 2181 summm
1060 2153 1331 2172 mmm
1337 2153 1979 2176 vum-mmmmm
2258 2157 2350 2176 vn

1195 2317 1809 2402 EPISTOLA
1884 2321 2138 2403 VIII.

794 2500 882 2555 De
919 2492 1102 2549 hortis
1130 2488 1550 2549 transtiberinis
1590 2492 1861 2554 emendis,
1897 2493 2109 2571 (Anno
2145 2498 2222 2554 U.
2248 2496 2317 2552 C.
2348 2494 2519 2573 ¹708.)

1273 2652 1582 2740 CICERO
1628 2653 1946 2717 ATTICO
1992 2654 2056 2718 S.

689 2802 796 2869 Da
839 2797 1226 2877 Cicerone,
1275 2787 1527 2860 multis
1560 2816 1678 2862 res
1722 2790 1997 2888 placet¹
2033 2820 2047 2861 :
2096 2802 2386 2865 comes²
2430 2807 2537 2865 est
2572 2790 2709 2863 ido-

597 2932 798 2982 neus.
844 2902 985 2977 Sed
1019 2902 1107 2973 de
1154 2900 1384 2999 prima
1435 2901 1787 2997 pensione
1810 2899 1838 2945 ³
1876 2915 2043 2973 ante
2078 2902 2474 2975 videamus.
2514 2902 2715 2975 Adest

593 3022 788 3093 enim
823 3017 974 3088 dies
996 3068 1016 3099 ‚
1055 3027 1128 3085 et
1167 3009 1287 3082 ille
1321 3014 1563 3083 currit.
1608 3009 1855 3083 Scribe
1877 3065 1897 3099 ‚
1934 3037 2218 3110 quaes0‚
2255 3014 2434 3110 quid
2470 3012 2715 3085 referat

593 3132 802 3205 Celer
843 3115 1070 3225 egiss'e
1109 3126 1458 3193 Caesarem
1509 3144 1677 3191 cum
1716 3121 2149 3211 candidam,
2183 3138 2433 3194 utrum
2466 3127 2618 3222 ipse
2649 3122 2713 3191 in

589 3236 1150 3314 Foenicularium
1171 3234 1227 3319 4,
1269 3256 1360 3303 an
1410 3231 1486 3301 in
1538 3232 1881 3303 Martium
1928 3258 2267 3333 campum
2314 3238 2598 3331 cogitet.
2640 3236 2715 3305 Et

664 3448 708 3479 ι.
727 3430 820 3477 Res
828 3426 1010 3492 placet.
1035 3423 1105 3471 Ut
1122 3420 1340 3469 Athenas
1361 3418 1609 3467 literarum
1695 3420 1927 3485 quintiles
1947 3436 1961 3470 :
1992 3434 2042 3471 et
2066 3424 2224 3473 Caesar
2249 3440 2311 3473 ex
2343 3424 2579 3489 Hispania
2600 3420 2713 3473 redi·

588 3526 728 3558 causa
747 3504 1097 3572 proficiscetur.
1125 3500 1272 3547 Mu«.
1696 3509 1801 3547 tum
1828 3500 2089 3561 accelerem
2126 3503 2209 3553 cui
2242 3501 2499 3551 Dohbelh
2528 3502 2707 3553 obvim,

660 3606 708 3637 τι.
740 3587 924 3635 Comes.
965 3582 1263 3636 Montanus,
1295 3578 1356 3625 de
1391 3592 1492 3640 quo
1522 3593 1605 3642 ep.
1694 3578 1803 3627 ibit,
1823 3580 2019 3627 pona,

587 3667 649 3718 51
679 3666 823 3727 hujus
845 3662 990 3721 libri,
1017 3670 1066 3707 et
1093 3660 1156 3707 16
1186 3669 1234 3707 et
1261 3674 1318 3717 17
1348 3656 1440 3707 lib.
1465 3657 1605 3705 XIV.
1768 3658 2707 3715 4.Foenieularium.Foenicnh1-imm-

587 3752 734 3796 ¹⁰²¹·
1693 3752 1787 3802 1³⁰⁸
1814 3750 1917 3787 emt
1946 3741 1999 3787 in
2026 3738 2263 3805 Hispania
2288 3741 2531 3792 Boeotim.
2552 3742 2704 3791 (ἔνι-ιω

655 3828 704 3875 3.
719 3824 970 3874 Pensione.
984 3816 1246 3880 Exigsmus
1261 3816 1466 3881 primam
1483 3832 1604 3881 pen-
1692 3814 1924 3884 μάραθον,
1945 3818 2024 3867 vel
2041 3816 2301 3887 μάραθρον.
2330 3820 2511 3871 Strabo
2526 3856 2545 3883 ‚
2566 3822 2601 3869 1.
2620 3818 2703 3867 111.

580 3909 768 3955 sionem
795 3901 928 3949 dotis
961 3914 989 3945 a
1034 3895 1286 3945 Dolabella
1299 3930 1314 3956 ,
1343 3906 1603 3959 antequam
1624 3946 1637 3957 ,
1692 3898 1885 3962 Lipsius
1900 3935 1915 3961 ,
1935 3899 2088 3947 Elect.
2108 3902 2158 3947 11
2174 3930 2191 3959 ‚
2214 3914 2303 3949 αι.
2324 3902 2537 3951 Sensus:
2559 3908 2703 3948 uta-um

580 3986 862 4033 Ciceronem
899 3978 1116 4027 Athenas
1149 3976 1412 4024 mittemus.
1449 3975 1607 4023 Adest
1692 3975 1798 4041 ipse
1815 3976 1957 4025 Celer
1973 3978 2303 4042 impetraverit
2320 3990 2407 4027 aut
2422 3975 2707 4043 provinciam

577 4066 706 4112 enim
751 4061 854 4111 dies
899 4054 1184 4116 solutionis,
1224 4054 1453 4105 nimirum
1499 4054 1601 4103 kal.
1694 4066 1777 4105 aut
1800 4057 2198 4121 procurationem
2224 4058 2441 4123 aliquam
2464 4060 2522 4109 in
2545 4056 2703 4120 Hispa·
