3019 4681
624 333 1146 403 EPISTOLAE
1192 333 1330 402 AD
1383 293 2059 418 ArrlcUM,x1,
2104 328 2171 399 6.
2326 331 2459 404 183

307 452 513 552 ptio³
555 470 748 526 esset
783 443 1323 545 informata3⁴ut
1343 456 1492 551 jam
1528 455 1861 526 omnium
1886 453 2163 548 judicio
2192 459 2461 526 consti-

307 584 554 640 tutum
621 583 807 642 esset
829 624 850 659 ,
917 569 1250 656 omnium
1309 583 1631 642 vestrum
1690 567 1891 640 hona
1939 567 2253 667 praedam
2308 594 2463 646 esse

305 678 502 750 illius
537 681 896 770 victoriae3
934 693 1254 750 vestrum
1280 733 1300 768 ,
1344 679 1557 777 plane
1585 678 1787 753 dico:
1825 702 2231 775 numquam
2264 681 2463 752 enim

311 789 401 860 de
448 804 523 860 te
575 791 741 887 ipso
763 843 786 878 ,
837 790 981 862 uisi
1038 788 1565 876 crudelissime,
1611 790 2009 888 cogitatum
2052 789 2182 864 est.
2221 791 2465 880 Quare

301 899 709 972 voluntatis
758 925 878 972 me
935 925 1112 972 meae
1170 925 1575 998 numquam
1636 897 2068 998 poenitebit3
2128 899 2461 971 consiliis*

308 1011 650 1106 poenitet.
696 1015 784 1080 In
820 1008 1141 1108 oppido⁵
1181 1009 1428 1109 aliquo
1468 1009 1755 1084 mallem
1796 1010 2187 1096 resedisse,
2218 1009 2465 1108 quoad

315 1117 799 1196 arcesserer5.
850 1122 1094 1194 Minus
1138 1123 1490 1195 sermonis
1523 1119 1946 1209 subiissem3
1986 1125 2231 1194 minus
2262 1145 2468 1196 acce-

307 1233 576 1326 pissem
643 1230 963 1320 doloris;
1020 1235 1258 1328 ipsum
1311 1232 1454 1305 hoc
1509 1257 1627 1304 me
1674 1257 1823 1305 non
1874 1247 2195 1331 augeret.
2231 1238 2471 1304 Bruu-

313 1339 468 1412 disii
504 1342 759 1437 jacere
781 1396 800 1429 ,
851 1343 930 1414 in
987 1366 1243 1415 omnes
1283 1357 1523 1440 partes
1561 1357 1669 1418 est
1712 1341 2123 1417 molestum.
2161 1343 2471 1440 Propius

313 1451 658 1524 accedere
681 1507 702 1538 ,
746 1467 829 1523 ut
867 1450 1162 1540 suades,
1207 1476 1358 1549 quo
1391 1451 1615 1524 modo
1655 1455 1808 1525 sine
1837 1450 2254 1540 lictoribus,
2282 1477 2471 1550 quos

317 1563 636 1660 populus
683 1561 924 1651 dedit,
962 1587 1296 1661 possum,
1333 1565 1464 1660 qui
1489 1562 1670 1635 mihi
1696 1561 2047 1639 incolumi
2072 1563 2286 1636 adimi
2317 1587 2471 1634 non

320 1673 730 1768 possmus-’i'
777 1697 966 1770 quos
1009 1699 1142 1772 ego
1189 1668 1434 1747 nunc⁸
1485 1673 1879 1772 paullisper
1926 1699 2095 1750 oum
2118 1686 2149 1736 9
2194 1672 2470 1744 bacillis

327 1785 392 1851 in
420 1783 716 1857 turbam
760 1785 1042 1880 conjeci
1078 1783 1170 1859 ad
1201 1785 1557 1884 oppidum
1594 1783 1983 1869 accedenS‚
2019 1809 2113 1860 ne
2150 1784 2314 1881 quis
2342 1785 2473 1853 im-

328 1909 528 1990 petus
579 1896 900 1968 militum
957 1895 1187 1968 fieret.
1248 1895 1643 1994 Reliquo¹⁰
1694 1911 2027 1992 tempore
2066 1919 2183 1966 me
2224 1893 2465 1966 domo.

330 2005 422 2074 Te
462 2029 672 2078 nunc
721 2004 812 2078 ad
855 2008 1250 2105 Oppium¹¹
1283 2033 1298 2074 :
1340 2007 1401 2078 si
1431 2007 1517 2078 iis
1551 2005 1872 2105 placeret
1914 2015 1973 2051 ¹²
2011 2002 2268 2090 modo,
2297 2029 2465 2102 pro-

395 2167 442 2214 ³.
465 2169 786 2234 Proser-iptio.
818 2169 1002 2217 Eorum
1028 2169 1116 2234 qui
1140 2185 1169 2217 a
1192 2170 1347 2235 purti-

333 2242 412 2292 δα·
429 2249 650 2315 Pompeii
680 2265 783 2296 non
801 2251 1062 2301 stetismt.
1089 2252 1204 2298 δίει.

397 2336 444 2385 4.
486 2327 709 2379 Consilii,
756 2330 906 2395 Quod
941 2331 996 2379 in
1039 2330 1230 2379 Italiam
1269 2346 1347 2378 re-

337 2404 506 2455 ‹liei-im.

401 2487 444 2535 5.
472 2488 666 2552 Oppido
690 2488 878 2551 aliquo.
905 2490 1002 2537 vel
1021 2490 1250 2547 Achaia,
1274 2489 1350 2536 vel

337 2562 521 2625 alicujus
543 2568 847 2631 provincia,
873 2584 983 2633 quae
1015 2579 1139 2619 esset
1163 2586 1190 2617 a
1216 2567 1350 2617 bello

341 2656 470 2692 'teus
491 2662 503 2692 :
542 2646 708 2695 donec
736 2663 1002 2700 arcesseret·
1029 2666 1056 2697 a
1085 2649 1272 2698 Caesare
1295 2646 1348 2695 in

341 2722 506 2773 Iuliam
541 2740 558 2774 ε
601 2726 750 2791 quod
791 2738 841 2775 et
886 2728 1040 2779 tutius
1053 2742 1074 2790 ·,
1113 2740 1164 2777 et
1197 2727 1351 2792 magis

341 2799 648 2853 honorificum
663 2806 850 2854 fuisset.
870 2808 1085 2855 Mum-r.

401 2882 448 2930 ⁶.
471 2884 549 2931 Al.
573 2896 628 2933 ut
647 2887 828 2951 possim
843 2920 860 2946 ,
876 2902 1166 2935 accerserer.
1183 2886 1353 2935 Minus

343 2970 474 3013 nete.
495 2964 549 3012 J.
567 2966 632 3012 V.
655 2968 718 3015 L.

405 3056 452 3100 ¹5.
487 3042 656 3092 Adina·
691 3061 793 3092 non
815 3056 1042 3109 possunt.
1079 3046 1160 3094 Se.
1195 3044 1354 3093 donee

345 3118 529 3169 non-m
543 3126 844 3173 intraverim.
860 3127 954 3173 Eu.
973 3150 1045 3165 -ι-
1063 3124 1356 3173 Incredibile

347 3196 587 3261 videretur,
623 3198 752 3249 adeo
777 3216 956 3250 vanum
982 3203 1130 3250 fuisse
1153 3204 1353 3252 Cicero-

348 3288 464 3339 nem,
481 3290 534 3327 ut
545 3294 598 3328 se
609 3280 815 3329 moleste
827 3281 919 3329 hae
931 3282 1160 3330 lictorum
1171 3295 1354 3345 pompa

346 3351 550 3407 abdiesro
575 3358 764 3421 noua,
795 3361 894 3409 nisi
927 3360 983 3408 id
1009 3362 1116 3426 ipse
1141 3360 1354 3424 ingenue

349 3430 570 3485 fumetur.
595 3440 712 3487 Suu.

409 3513 456 3562 8.
473 3516 550 3564 Al.
573 3533 692 3567 non.
717 3520 882 3568 θην.
907 3519 1076 3567 modo.
1103 3522 1154 3569 3.
1170 3523 1236 3569 V.
1261 3522 1316 3568 1..

412 3606 456 3653 9.
491 3595 608 3643 Cum
633 3596 834 3645 bue-illis.
867 3597 930 3645 Id
965 3609 1038 3647 est
1052 3634 1067 3657 ,
1091 3600 1214 3661 jussi
1249 3599 1354 3647 sine

353 3674 579 3723 securibus
605 3673 762 3740 (quas
783 3675 1030 3727 habebant
1051 3678 1355 3743 magistratus

351 3760 472 3799 extr·
497 3754 678 3803 Urbem
693 3754 745 3819 ),
776 3767 968 3805 tantum
987 3774 1100 3805 eum
1117 3758 1353 3816 fascibus,

359 3842 444 3875 m
463 3832 530 3879 ire
545 3834 714 3883 ordine
728 3872 743 3895 ‚
764 3846 821 3882 ut
847 3836 1044 3885 lictores
1060 3836 1222 3884 solent
1245 3848 1358 3885 ente

357 3911 668 3973 mugitu-atus,
711 3915 800 3964 sed
851 3916 1050 3965 confuse
1093 3916 1321 3965 incedere
1337 3946 1354 3971 ,

361 3992 482 4049 quasi
525 4005 680 4042 esseut
725 4012 752 4043 e
800 3997 942 4045 turba
993 3996 1355 4044 occurrentium

367 4076 839 4141 commixtimque,
855 4092 918 4125 ne
935 4076 1112 4125 milites
1131 4078 1358 4127 Genu·-

1437 2170 1520 2229 ni,
1556 2171 1643 2234 qui
1670 2169 1727 2218 in
1758 2169 1991 2235 proesidio
2020 2167 2197 2234 oppidi
2232 2179 2378 2227 sum,
2413 2169 2469 2216 in

1437 2267 1525 2300 eos
1559 2261 1608 2304 et
1632 2267 1713 2300 me
1748 2251 1983 2316 impetum
2012 2249 2256 2307 facerent,
2293 2259 2471 2314 utpote

1437 2346 1540 2378 non
1566 2342 1881 2394 agnoscentes
1898 2328 2159 2395 imperium
2180 2331 2469 2395 cujusquam

1437 2411 1744 2475 Pompeiani.
1774 2412 1824 2459 J.
1848 2414 1900 2458 F.
1922 2411 2165 2459 Gaonov.

1516 2504 1599 2541 ιο.
1624 2488 1851 2554 Reliqua.
1872 2490 2037 2553 Vulgo
2052 2522 2068 2549 ,
2096 2508 2120 2531 ι
2140 2487 2327 2552 recipio
2346 2498 2468 2535 tem.-

1438 2584 1562 2635 pore
1582 2585 1663 2619 tue
1678 2570 1830 2617 domo
1846 2590 1885 2618 n.
1911 2564 2064 2635 Quod
2081 2584 2185 2617 esse
2202 2568 2471 2631 corruptis-

1438 2648 1617 2701 simum
1630 2664 1799 2700 omnes
1812 2648 2022 2697 clamant
2036 2662 2050 2702 ε
2066 2648 2150 2696 alii
2162 2647 2302 2697 aliter
2312 2661 2471 2693 emen-

1439 2726 1557 2775 dare
1594 2728 1759 2776 consti
1796 2738 1928 2777 sunt.
1962 2727 2153 2776 Placuit
2192 2726 2469 2785 conjectura

1441 2806 1761 2857 Gronoviana
1776 2843 1791 2866 ,
1832 2823 1897 2855 ex
1937 2824 2035 2872 qua
2070 2822 2240 2855 sensus
2276 2804 2471 2852 elicitur

1439 2887 1748 2936 commodus.
1778 2886 1981 2951 &liquo
2006 2897 2219 2951 tempore
2230 2920 2248 2943 ,
2279 2900 2343 2931 ex
2368 2898 2468 2947 quo

1439 2966 1753 3016 Brundisium
1765 2968 1941 3015 accessi
1953 3002 1968 3027 ,
1982 2968 2215 3015 contineo
2227 2980 2305 3013 ms
2320 2965 2467 3012 domo

1441 3045 1683 3095 abditum.
1709 3048 1773 3095 Et
1798 3036 1870 3092 sic
1890 3045 2036 3094 vertit
2061 3047 2110 3094 J.
2124 3047 2189 3093 V.
2212 3046 2267 3091 L.
2296 3041 2469 3092 Paullo

1441 3137 1560 3191 post
1580 3125 1781 3191 legitur,
1816 3123 2059 3190 recipiunt
2076 3140 2093 3171 .·
2121 3122 2257 3187 quod
2291 3120 2471 3169 erroris

1443 3220 1583 3253 ansas
1597 3239 1612 3264 ,
1637 3206 1690 3253 ni
1716 3204 1875 3264 fallor,
1900 3202 2129 3269 scriptori
2154 3200 2356 3249 librario
2386 3198 2470 3247 ‹le-

1441 3284 1535 3332 dit.
1563 3284 1655 3332 En.

1519 3379 1540 3409 1
1556 3378 1600 3409 1.
1630 3365 1700 3410 Te
1728 3376 1860 3409 nunc
1888 3360 1961 3408 ad
1988 3359 2213 3408 Balbum.
2254 3357 2471 3422 stuppis,

1443 3442 1631 3490 confer.
1650 3442 1855 3490 Balbum
1867 3439 2103 3487 omittunt
2114 3438 2251 3486 vict.
2269 3446 2318 3484 et
2332 3438 2470 3486 Man.

1442 3549 1514 3559 --
1533 3524 1721 3569 Vexata
1737 3520 1845 3569 haec
1866 3518 2033 3567 multis
2052 3517 2369 3578 conjecturis.
2389 3516 2473 3564 Se-

1442 3600 1640 3666 quimur
1657 3600 1872 3664 optimos
1894 3600 2034 3646 MSS.
2052 3598 2261 3644 Pessime
2280 3598 2472 3644 Ernest.

1447 3680 1655 3745 Oppium
1672 3692 1725 3727 et
1746 3677 2029 3727 Antonium.
2054 3678 2102 3725 J.
2118 3678 2181 3725 V.
2203 3678 2259 3723 L.
2283 3704 2351 3712 -
2373 3674 2472 3725 Sed

1443 3756 1639 3807 sehiitz.
1660 3758 1775 3807 velit
1792 3758 1882 3805 adi
1904 3756 2123 3821 Oppium
2159 3766 2209 3803 et
2236 3754 2439 3802 Balbum
2458 3771 2475 3813 ς

1443 3854 1537 3885 nec
1566 3837 1713 3899 hujus
1746 3850 1923 3883 nomen
1951 3834 2115 3881 omitti
2135 3849 2281 3897 posse
2306 3844 2472 3897 putat,

1446 3916 1561 3981 quia
1581 3928 1786 3979 uterque
1806 3914 2122 3977 conjungitur
2144 3930 2226 3977 ep.
2254 3929 2359 3976 seq.
2380 3914 2474 3960 En.

1524 4012 1603 4043 ω.
1632 3993 1703 4041 Iis
1721 3994 1950 4058 placeret.
1972 3992 2439 4055 Subintelligendum
2452 4027 2467 4051 ,

1447 4074 1506 4123 si.
1525 4076 1747 4137 Propon-t.
1778 4073 1875 4121 ula
1890 4072 2043 4132 velie,
2060 4070 2269 4137 poterit,
2288 4080 2385 4119 eto.
2410 4070 2470 4118 ld
