3019 4681
417 396 563 485 454
1058 402 1157 469 Μ.
1208 404 1287 469 Τ.
1340 402 1906 475 CICERONIS

416 522 633 591 situm
686 518 1055 619 putabam.
1095 520 1236 595 Sed
1273 520 1429 593 haec
1463 522 1714 593 Tironi
1753 520 2086 593 mandavi
2107 574 2128 611 ,
2178 542 2400 619 quem
2452 498 2556 593 ob

412 656 573 703 eam
618 655 905 704 causam
950 636 1261 704 Romam
1300 633 1461 703 misi
1497 660 1514 703 :
1567 646 1640 705 te
1689 631 1896 704 nolui
1932 629 2366 729 impeditum
2411 633 2552 703 im-

416 741 691 842 pedire.
734 746 990 815 Cicero
1022 758 1271 815 noster
1297 767 1449 841 quo
1476 741 1873 815 modestior
1899 756 2038 830 est,
2064 766 2156 814 eo
2184 767 2300 815 me
2325 747 2554 842 magis

418 867 847 926 commovet.
900 853 1010 925 Ad
1065 879 1183 926 me
1223 858 1419 926 enim
1454 852 1548 927 de
1590 853 1724 926 hac
1754 880 1833 925 re
1873 853 2054 925 nihil
2091 854 2420 951 scripsit,
2463 852 2556 926 ad
2665 931 2668 934 ,

416 990 640 1063 quem
683 966 1030 1036 nimirum
1078 965 1533 1063 potissimum
1570 964 1847 1037 debuit.
1909 968 2209 1064 Scripsit
2241 964 2386 1035 hoc
2421 988 2554 1036 au·

420 1089 567 1146 tem
609 1074 702 1146 ad
740 1076 1135 1165 Tironem„
1170 1075 1311 1147 sibi
1353 1090 1521 1174 post
1571 1076 1711 1148 kal.
1765 1076 1966 1175 april.
2007 1076 2035 1167 s
2059 1077 2160 1149 sic
2196 1077 2389 1147 enim
2425 1100 2558 1147 an-

417 1210 650 1257 nuum
681 1200 969 1285 tempus
1010 1186 1311 1283 confici)
1346 1185 1526 1259 nihil
1555 1185 1816 1279 datum
1853 1210 2032 1259 esse.
2069 1184 2231 1259 Tibi
2263 1208 2400 1283 pro
2433 1200 2558 1255 tua

417 1309 676 1368 natura
708 1320 994 1393 semper
1019 1297 1371 1395 placuisse
1388 1306 1479 1385 ¹¹,
1519 1312 1738 1395 teque
1773 1301 2211 1374 existimasse
2237 1295 2313 1368 id
2339 1297 2558 1368 etiam

420 1402 513 1475 ad
556 1404 978 1503 dignitatem
1017 1430 1255 1480 meam
1291 1410 1660 1506 pertinere
1681 1463 1702 1496 ‚
1735 1434 1906 1481 eum
1935 1433 2087 1479 non
2119 1406 2346 1481 modo
2381 1405 2558 1478 libe-

418 1514 667 1587 raliter
707 1540 752 1587 a
792 1515 1007 1589 nobis
1032 1573 1052 1608 ‚
1095 1518 1221 1591 sed
1272 1522 1484 1590 etiam
1545 1534 1801 1592 ornate
1853 1518 2365 1616 cumulateque
2413 1530 2560 1587 tra-

424 1628 621 1697 ctari.
674 1630 916 1719 Quare
974 1631 1191 1702 velim
1236 1654 1447 1703 cures
1490 1632 1686 1730 (nec
1721 1630 1856 1702 tibi
1900 1654 2131 1703 essem
2167 1629 2513 1701 molestus
2537 1682 2560 1717 ‚

423 1737 485 1807 si
511 1760 643 1834 per
670 1739 893 1812 alium
919 1741 1063 1812 hoc
1103 1765 1315 1840 agere
1344 1743 1717 1839 possem),
1753 1757 1838 1815 ut
1867 1755 2324 1840 permutetur
2353 1738 2566 1811 Athe-

422 1870 593 1939 nm,
636 1848 841 1945 quod
868 1852 961 1921 sit
990 1854 1065 1923 in
1100 1876 1426 1925 annuum
1454 1868 1848 1951 sumptum.
1887 1854 1970 1924 Ei
1990 1864 2051 1899 ¹²
2087 1849 2356 1923 scilicet
2383 1854 2564 1921 Eros

425 1958 858 2032 numerabit.
906 1962 1081 2057 Ejus
1120 1965 1227 2033 rei
1266 1988 1481 2035 causa
1511 1965 1855 2035 Tironem
1887 1965 2071 2033 misi.
2107 1958 2412 2034 Curabis
2442 1958 2568 2057 igi-

428 2081 573 2157 tur,
606 2084 679 2142 et
707 2069 797 2143 ad
826 2096 945 2143 me
965 2129 985 2162 ‚
1022 2077 1084 2145 si
1124 2073 1303 2171 quid
1346 2074 1481 2147 tibi
1517 2073 1608 2146 de
1643 2100 1734 2146 eo
1768 2072 2158 2161 videbitur,
2195 2069 2490 2144 scribes.

505 2272 589 2305 11.
637 2257 900 2310 Placm‘sse.
952 2262 1168 2328 supple,
1215 2263 1451 2313 intellexi.
1618 2278 1700 2313 n.
1726 2262 1808 2313 Al.
1842 2262 2031 2312 malunt
2060 2258 2196 2319 Tim
2231 2260 2346 2320 alii,
2383 2279 2411 2302 α
2431 2256 2569 2323 qnod

430 2334 592 2386 Coun.
612 2363 683 2374 ——
698 2338 1102 2405 Poetplacuisse‚
1125 2340 1253 2392 forte
1271 2343 1455 2392 excidit
1543 2344 1608 2406 sit
1639 2345 1694 2392 in
1727 2361 1945 2394 annuum
1973 2353 2222 2408 sumptum
2255 2340 2303 2390 ei
2319 2363 2360 2390 a.
2397 2338 2569 2390 Paullo

426 2415 544 2462 scio.
568 2417 617 2465 J.
634 2419 698 2464 V.
726 2419 783 2466 1..
1545 2423 1730 2472 durius.
1750 2425 1784 2472 J
1790 2459 1804 2472 .
1820 2424 1886 2470 V.
1909 2425 1968 2472 L.

428 2585 2560 2620 mmmmmmmmmmfflfflmfflmmmmmw’m

1042 2779 1651 2863 EPISTOLA
1716 2784 1954 2862 XVI.

433 2941 523 2996 De
550 2937 732 2997 literis
760 2957 795 2996 a
824 2939 942 2998 filio
970 2942 1220 3021 acceptis
1242 2985 1259 3012 ,
1293 2943 1686 3024 Leonidaeque
1723 2957 1782 3002 et
1819 2944 2071 3004 Herodis
2102 2942 2177 3001 de
2205 2963 2276 3001 eo
2310 2941 2570 3002 testimo-

642 3035 776 3126 niis.
796 3035 899 3116 (In
926 3040 1280 3124 Pompeiano
1302 3082 1318 3112 ,
1350 3060 1507 3100 anno
1529 3047 1606 3108 U.
1630 3045 1694 3100 C.
1717 3060 1864 3118 709,
1893 3061 2088 3099 mense
2107 3037 2329 3118 junio.)

1101 3221 1415 3284 CICERO
1462 3220 1776 3286 A'l'rlco
1823 3220 1890 3284 S.

525 3361 839 3428 Taum-:m
880 3381 923 3429 a
949 3357 1297 3431 Cicerone
1330 3357 1780 3450 tabellarius3
1807 3374 1882 3430 et
1910 3358 2324 3431 mehercule
2352 3358 2571 3429 literae

428 3471 854 3562 πεπινωμένως
878 3475 899 3508 ¹
948 3467 1228 3564 scriptae
1267 3495 1283 3536 :
1332 3466 1535 3564 quod
1572 3469 1812 3565 ipsum
1847 3471 2209 3566 προκὸπὴν’
2253 3465 2571 3562 aliquam

428 3575 899 3671 significaret;
944 3579 1265 3674 itemque
1303 3578 1526 3648 ceteri
1560 3576 1898 3676 praeclara
1931 3575 2280 3648 scribunt.
2313 3577 2576 3647 Leoni-

430 3684 555 3756 das
595 3702 837 3760 tamen
876 3690 1143 3759 retinet
1188 3713 1402 3758 suum
1453 3686 1631 3758 illud
1681 3711 1930 3758 Ammo
1952 3685 2006 3756 ³.
2049 3687 2364 3758 Summis
2399 3709 2574 3755 vero

430 3792 763 3869 laudibus
798 3797 1141 3870 Herodes.
1178 3795 1379 3890 Quid
1418 3798 1730 3895 quaeris?
1769 3797 1885 3870 vel
1925 3797 2147 3869 verba
2189 3795 2373 3868 mihi
2419 3793 2576 3866 dari

428 3905 632 3979 facile
679 3911 917 4007 patior
954 3911 1029 3980 in
1078 3909 1255 3998 hoc„
1304 3934 1572 4006 meque
1620 3907 1934 3982 libenter
1970 3907 2264 4008 praebeo
2307 3905 2574 3978 credu-

494 4093 539 4126 ι.
594 4076 953 4142 flammini-005.
1004 4078 1274 4142 Eleganter.
1317 4078 1447 4127 Vide
1610 4093 1662 4127 2.
1693 4073 1963 4144 Προκοπὴν.
1991 4073 2376 4139 Progroenumin
2393 4070 2598 4138 literis„

414 4168 558 4204 notas
586 4157 647 4204 ad
674 4158 817 4216 xlv,
844 4171 923 4220 ep.
955 4173 1003 4217 7.
1030 4158 1124 4204 En.
1611 4158 1659 4204 3.
1695 4156 1894 4206 Adhuc.
1929 4155 2056 4205 Vide
2083 4155 2172 4205 lib.
2203 4155 2346 4213 XIV,
2375 4169 2456 4217 ep.
2487 4153 2576 4200 16·
