3019 4681
551 335 644 410 80
1189 335 1286 402 M.
1342 335 1420 402 T.
1471 333 2055 404 CICERONIS

550 456 750 526 dum.
792 458 1146 552 Arpinum
1167 509 1186 541 ‚
1233 477 1462 549 quum
1524 476 1691 523 eum
1756 475 2205 537 convenem,
2250 451 2493 549 cogito
2515 505 2537 539 ‚
2614 477 2725 524 ne

551 564 735 637 forte
771 580 896 635 aut
937 563 1206 646 absim,
1245 585 1478 660 quum
1512 564 1790 649 veniet,
1830 574 1958 632 aut
2006 583 2296 656 cursem
2332 561 2480 632 huc
2520 560 2721 633 illuc

550 679 662 744 via
701 674 1107 765 deterrima.
1149 671 1492 742 Bibulum
1516 725 1536 761 ‚
1586 685 1667 742 ut
1704 670 1987 758 seribis‚
2016 669 2233 741 audio
2262 671 2601 760 venisse,
2640 685 2724 744 et

545 784 812 856 redisse
833 777 1159 880 ¹⁸‘pridie
1185 779 1371 852 idus.

638 893 1140 977 Philotimum,
1181 906 1261 962 ut
1299 895 1404 962 ais
1432 891 1731 988 epistola
1755 893 2003 979 tertia,
2044 890 2543 989 exspectabas.
2604 898 2715 964 At

540 1006 661 1076 ille
691 1002 866 1074 idib.
898 1027 938 1072 a
967 1026 1082 1073 me
1106 1001 1474 1100 profectus
1499 1011 1690 1072 est¹9
1718 1029 1734 1070 ε
1768 1027 1856 1072 eo
1884 1001 2231 1073 serius-ad
2258 1011 2461 1074 tuam
2494 1001 2719 1074 illam

541 1115 956 1213 epistolam,
990 1116 1107 1185 cui
1151 1139 1286 1211 ego
1323 1115 1561 1184 statim
1603 1115 2143 1210 rescripseram,
2180 1111 2475 1182 redditae
2520 1129 2723 1208 sunt

543 1249 726 1296 meae
763 1224 1005 1296 literae.
1048 1227 1158 1318 De
1191 1224 1555 1311 Domiti0‚
1588 1237 1672 1295 ut
1717 1221 2005 1306 scribis,
2054 1223 2152 1292 ita
2193 1225 2459 1320 opinor
2504 1247 2718 1308 esse,

541 1349 626 1405 ut
649 1348 724 1405 et
746 1339 820 1404 in
851 1339 1142 1405 Cosano
1173 1337 1266 1404 sit
1290 1388 1309 1422 ‚
1339 1347 1412 1404 et
1439 1333 1821 1404 consilium
1850 1333 2007 1428 ejus
2034 1336 2429 1430 ignoretur.
2458 1337 2623 1406 Iste
2642 1345 2719 1379 ²⁰

541 1445 870 1514 omnium
901 1445 1352 1541 turpissimus
1385 1458 1458 1514 et
1485 1441 2023 1514 sordidissimus
2051 1495 2071 1531 ‚
2121 1444 2252 1539 qui
2282 1444 2718 1516 consularia

538 1555 830 1626 comitia
851 1568 1216 1653 a'praetore
1235 1557 1336 1625 ait
1361 1553 1613 1626 haberi
1638 1577 1883 1651 posse:
1918 1568 2024 1624 est
2050 1552 2170 1624 ille
2202 1551 2545 1650 quidem,
2566 1559 2717 1652 q'ui

539 1688 826 1763 semper
855 1665 931 1734 in
966 1663 1342 1762 republica
1395 1661 1555 1734 fuit.
1611 1668 1865 1762 Itaque
1911 1665 2257 1735 nimirum
2308 1663 2447 1735 hoc
2500 1665 2713 1738 illud

537 1790 689 1864 est,
727 1775 931 1875 quod
979 1779 1212 1846 Caesar
1253 1774 1499 1846 scribit
1531 1776 1611 1845 in
1660 1801 1745 1846 ea
1784 1775 2127 1874 epistola,
2184 1774 2391 1869 cujus
2437 1799 2712 1848 exem-

538 1886 744 1983 plum
778 1886 866 1957 ad
892 1897 964 1958 te
995 1888 1196 1974 misi,
1230 1911 1306 1958 se
1325 1887 1507 1958 velle
1540 1888 1698 1980 uti«
1718 1885 2069 1958 consilio»
2100 1911 2301 1973 meo;
2339 1908 2503 1982 age,
2532 1902 2711 1958 esto

532 1996 676 2068 hoc
713 2008 1184 2070 communemt
1211 2025 1226 2067 :
1258 2027 1292 2062 α
1311 1999 1539 2094 gratia
1565 2024 1637 2084 »3
1670 2001 2003 2096 ineptum
2038 1995 2112 2066 id
2132 1994 2429 2092 quidem
2456 2022 2479 2084 3
2518 1997 2711 2088 sed,

535 2123 748 2208 pute,
765 2109 907 2179 hoc
939 2109 1228 2180 simulat
1256 2108 1346 2179 ad
1363 2105 1717 2204 quasdam
1736 2121 2150 2178 senatorum
2166 2115 2231 2147 ²²
2250 2107 2667 2179 sententias
2688 2105 2716 2178 ε’

469 2257 478 2264 -
530 2252 562 2286 α
583 2219 932 2316 dignitate
961 2245 1032 2308 »3
1059 2216 1356 2290 fortasse
1397 2221 1772 2290 sententiae
1794 2217 2193 2290 consularis
2212 2212 2302 2285 ²³.
2334 2214 2527 2286 Illud
2560 2243 2704 2289 ex—

534 2346 850 2401 tremum
917 2344 1061 2416 est,
1124 2354 1310 2429 «ope
1353 2328 1683 2401 omnium
1744 2351 1987 2401 rerum
2016 2358 2075 2399 u.
2139 2325 2221 2397 Id
2260 2350 2397 2424 ego
2434 2334 2705 2428 suspi-

539 2442 686 2512 cari
719 2441 908 2539 coepi
941 2455 1097 2512 tum
1129 2456 1219 2516 ex
1250 2444 1394 2513 tuis
1423 2440 1677 2531 literis,
1714 2454 1841 2511 aut
1868 2438 2013 2511 hoc
2046 2441 2285 2537 ipsum
2318 2462 2473 2509 esse
2507 2493 2529 2527 ,
2560 2456 2707 2514 aut

601 2701 682 2748 ιθ.
698 2698 928 2747 Rediisse.
939 2700 1056 2761 Quo
1067 2698 1286 2758 redierit,
1298 2698 1564 2749 incertum:
1652 2700 1763 2749 silio
1790 2716 1917 2747 meo.
1946 2698 2208 2747 Commune
2224 2714 2336 2746 cum
2358 2698 2469 2747 aliis
2498 2699 2572 2749 ita
2590 2737 2608 2760 ,
2640 2715 2705 2755 ut

534 2779 588 2828 in
613 2780 804 2844 Syriam
829 2793 934 2827 non
959 2778 1158 2829 rediisse
1187 2780 1302 2827 Seh.
1337 2777 1565 2828 affirmat.
1653 2790 1791 2841 meo;
1806 2781 1934 2827 sient
1950 2779 2157 2827 aliorum
2174 2778 2379 2827 consilio
2396 2780 2467 2827 un·
2490 2784 2665 2843 possit
2680 2798 2700 2833 ε

533 2860 746 2905 Venerat
783 2874 811 2905 e
847 2858 988 2921 Syris
1015 2860 1298 2922 provincia-
1327 2861 1500 2907 Postea
1531 2875 1560 2906 a
1654 2860 1731 2909 vel
1758 2874 2016 2907 eamne
2040 2858 2101 2907 dae
2128 2858 2357 2915 omnibus
2380 2859 2561 2921 rebus,
2584 2876 2701 2911 non

421 2950 431 2955 ·
531 2938 768 3000 Pompeio
783 2938 886 2987 ‘toti
921 2938 992 2985 rei
1020 2939 1274 2987 maritimae
1299 2940 1561 3005 prefectus

531 3028 621 3067 est.
639 3018 732 3065 En.

609 3111 628 3145 ι
640 3113 691 3159 9.
729 3096 918 3145 Ernest.
959 3095 1094 3145 malit
1129 3094 1384 3163 profectus
1429 3108 1557 3147 erae.

529 3177 578 3224 J.
601 3178 668 3224 V.
691 3177 747 3223 12.

603 3271 685 3303 20.
713 3256 827 3303 Iste.
845 3255 1084 3305 Consules
1103 3255 1304 3304 aberant
1326 3255 1561 3305 Lentulus

529 3344 578 3381 et
595 3334 874 3383 Marcellus.
897 3335 1150 3399 Agebatur
1165 3350 1280 3399 ergo
1293 3370 1310 3392 ‚
1341 3336 1452 3398 quis
1469 3334 1561 3383 ha-

528 3412 663 3460 beret
674 3412 870 3461 comitis
889 3414 1197 3477 designandis
1216 3414 1268 3462 in
1279 3416 1556 3478 proximum

527 3508 708 3539 annum
754 3492 1057 3541 consulibus.
1083 3494 1134 3541 Si
1159 3502 1367 3541 exstaret
1399 3494 1555 3545 Attici

527 3570 734 3636 epistola
775 3586 956 3620 nomen
1013 3570 1146 3619 haud
1199 3573 1553 3635 ignoraremus.

527 3652 748 3699 Mnus-r.
763 3676 836 3688 —
847 3653 946 3698 Iste
955 3684 970 3708 ,
985 3652 1060 3697 M.
1081 3661 1140 3699 ut
1151 3662 1278 3715 puto
1289 3686 1306 3711 ‚
1324 3652 1553 3717 Lepidm,

525 3746 628 3779 non
647 3729 1014 3779 ille-consularis
1025 3729 1136 3795 (lib.
1153 3732 1272 3788 vn,
1291 3732 1430 3795 epist.
1450 3749 1470 3779 ι
1488 3735 1553 3797 1),

524 3810 610 3859 sed
659 3820 865 3874 praetor,
909 3808 1138 3874 deinceps
1179 3811 1429 3870 triumvir,
1465 3816 1551 3876 qui

523 3891 692 3953 paucis
715 3900 828 3953 post
855 3889 1100 3937 mensibus
1125 3890 1362 3939 Caesarem
1377 3888 1547 3943 absen-

427 3952 440 3959 ’
521 3981 616 4017 tem
649 3969 934 4017 dictatorem
962 3967 1107 4017 dixit.
1125 3970 1219 4019 En.

593 4064 677 4095 21.
709 4049 986 4095 Commune.
1015 4049 1163 4110 Quod
1187 4050 1303 4098 velit
1329 4052 1400 4099 uti
1423 4066 1545 4099 eon·

1645 2938 1808 2987 solum
1836 2937 1896 2987 de
1915 2938 2145 2987 comitiis.
2184 2938 2422 2987 Cosam.
2440 2964 2517 2977 —-
2537 2940 2703 2990 Com-

1649 3033 1793 3067 mune
1834 3018 2025 3067 Manat.
2062 3017 2250 3083 optime
2284 3017 2651 3083 interpretatur
2678 3040 2697 3074 ε

1636 3100 1759 3147 'Hoc
1775 3114 1845 3145 ne·
1860 3097 2240 3147 consideremus.
2270 3100 2361 3155 En.

1718 3194 1809 3229 αα.
1834 3178 1923 3227 Aa
1940 3177 2183 3243 quasdam
2207 3188 2363 3227 senae.
2392 3181 2695 3233 sentencias,

1647 3260 1720 3307 Ut
1741 3259 1915 3306 horum
1930 3294 1946 3318 ,
1968 3248 2099 3322 apud
2126 3273 2253 3320 quos
2280 3258 2521 3320 gratiosus
2545 3261 2653 3309 sim
2674 3300 2695 3324 ,

1646 3338 1911 3386 sententias
1932 3338 1989 3387 ei·
2002 3336 2263 3385 concilim
2290 3338 2472 3400 possim
2488 3371 2504 3397 ,
2528 3339 2607 3387 ad,
2628 3342 2697 3389 ἰ]-

1642 3416 1733 3465 lud
1779 3416 1942 3481 ipsum
1981 3417 2239 3479 negotium
2280 3415 2342 3463 de
2390 3418 2696 3470 consulibus

1640 3512 1731 3561 per
1753 3508 2013 3561 praetorem
2042 3494 2262 3545 creandis
2284 3494 2689 3550 conficiendum.

1642 3578 1935 3625 Sonus-zius.

1716 3656 1797 3703 23.
1818 3652 2067 3703 Sententia
2086 3652 2375 3703 consularis.
2396 3653 2601 3705 Scilicet
2620 3658 2692 3707 ad

1640 3746 1747 3784 seta
1770 3750 1859 3783 sus
1874 3734 2169 3801 speciosiora
2190 3734 2439 3783 reddenda
2458 3768 2480 3796 ‚
2508 3737 2551 3785 si
2571 3754 2691 3787 mea

1640 3815 1910 3863 consularis
1936 3812 2027 3863 vi'ri
2062 3817 2297 3863 sententia
2324 3814 2529 3862 fuissent
2556 3832 2689 3880 pro-

1637 3895 1767 3943 bata.
1778 3892 1960 3943 Gur.
1977 3920 2047 3929 --
2064 3894 2160 3940 Sed
2189 3904 2237 3941 et
2266 3894 2397 3941 Viet.
2422 3904 2474 3941 et
2498 3894 2688 3945 Budua

1635 3972 1895 4023 ediderunt
1936 3972 2204 4021 sementiae.
2243 3972 2498 4021 Utrum-sis
2526 3973 2681 4038 elige.

1636 4055 1795 4103 -Sic
1814 4053 2139 4102 Bosius.Vett.
2164 4051 2279 4103 edd.
2295 4052 2540 4101 sententia
2558 4070 2689 4102 con-
