3019 4681
576 403 1109 477 EPISTOLAE
1161 368 1300 473 An
1350 402 2140 501 ATTICUM,X111,
2197 396 2308 471 52.
2420 398 2558 509 373

434 532 603 600 Post
666 527 923 599 horam
979 553 1108 599 vm
1158 528 1235 598 in
1289 526 1677 613 balneum3
1729 539 1886 595 tum
1941 524 2213 595 audivit
2265 523 2357 594 de
2408 526 2563 592 Ma-

434 635 757 727 murra⁶;
792 638 1075 708 vultum
1119 662 1271 708 non
1311 636 1641 707 mutavit.
1687 638 1967 705 Unctus
2005 646 2150 720 est3
2184 629 2562 711 accubuit;

435 750 710 841 ἐμετικὴν
732 755 759 800 ⁷
796 744 1067 842 agebat.
1095 748 1351 841 Itaque
1394 760 1469 815 et
1511 742 1660 815 edit
1683 797 1703 830 ‚
1745 757 1818 813 et
1843 739 2032 813 bibit
2082 733 2320 820 ἀδεῶς8
2356 751 2429 809 et
2449 738 2561 832 ju-

436 852 712 943 cunde3
758 854 1057 952 opipare
1100 879 1308 942 sane,
1344 870 1419 925 et
1452 865 1794 952 apparate
1830 878 1846 919 :
1885 874 2021 965 nec
2055 848 2132 920 id
2165 848 2438 936 solum,

992 976 1109 1043 sed
1140 976 1289 1045 bene
1319 989 1491 1043 cocto,
1513 988 1572 1046 9,
1601 988 1661 1035 et

557 1068 809 1128 Condito
836 1088 1099 1127 sermone
1126 1068 1285 1128 bono
1302 1111 1319 1139 ,
1348 1084 1440 1140 et,
1472 1069 1521 1127 si
1547 1066 1838 1147 quaeri’¹⁰‚
1864 1069 2129 1129 libenter.

437 1186 785 1254 Praeterea
824 1182 1057 1254 tribus
1096 1183 1423 1255 tricliniis
1466 1189 1740 1282 accepti
1773 1190 1830 1258 οἱ
1867 1189 2004 1283 περὶ
2039 1187 2223 1254 αὐτὸν
2250 1190 2270 1223 ¹
2287 1191 2308 1222 ¹
2357 1176 2564 1249 valde

438 1296 755 1391 copiose.
792 1290 1101 1367 Libertis
1137 1280 1379 1363 minus
1417 1291 1667 1382 lautis,
1699 1298 2066 1391 servisque
2102 1291 2285 1362 nihil
2317 1285 2564 1359 defuit.

438 1402 616 1499 Nam
642 1400 979 1472 lautiores
1006 1402 1370 1498 eleganter
1392 1405 1691 1500 accepti.
1718 1404 1911 1496 Quid
1939 1404 2212 1475 multa?
2237 1400 2568 1471 homines

438 1511 571 1581 visi
606 1535 879 1583 sumus.
910 1518 1186 1609 Hospes
1208 1526 1451 1583 tamen
1480 1539 1633 1584 non
1664 1516 1723 1586 is
1744 1570 1763 1602 ‚
1797 1518 1916 1586 cui
1949 1514 2219 1585 diceres
2239 1568 2258 1601 ,
2293 1506 2568 1580 Amabo
2655 1568 2660 1575 .

442 1636 551 1708 te,
598 1622 857 1693 eodem
907 1620 1000 1693 ad
1048 1646 1206 1710 me,
1255 1648 1485 1719 quum
1531 1640 1910 1697 revertere.
1965 1612 2198 1695 Semel
2238 1624 2405 1692 satis
2442 1632 2569 1691 est.

440 1724 783 1799 Σπουδαῒον
826 1723 1001 1799 οὐδὲν
1026 1736 1089 1771 ¹²
1140 1732 1217 1798 in
1252 1755 1617 1818 sermone3
1653 1734 1947 1829 φιλόλογα
1971 1727 2030 1773 ¹3
2086 1728 2330 1799 multa.
2377 1721 2573 1813 Quid

442 1839 748 1935 quaeris?
797 1837 1194 1911 delectatus
1244 1852 1385 1929 est,
1442 1855 1515 1911 et
1568 1839 1877 1913 libenter
1925 1837 2084 1911 fuit.
2141 1835 2456 1909 Puteolis
2497 1854 2573 1902 se

442 1946 678 2025 aiebat
715 1973 947 2019 unum
987 1947 1179 2021 diem
1216 1946 1404 2037 fore,
1436 1950 1742 2023 alterum
1779 1950 1872 2022 ad
1906 1952 2124 2021 Baias,
2397 1960 2404 1967 '

534 2051 774 2124 Habes
818 2052 1248 2150 hospitium,
1270 2056 1433 2125 sive
1460 2059 1864 2151 ἐπισταθμίαν
1889 2055 1954 2133 ¹4
1990 2045 2568 2138 odiosam‚mihi‚

442 2162 625 2251 dixi,
674 2188 826 2235 non
882 2164 1280 2236 molestam.
1330 2170 1482 2262 Ego
1537 2166 1928 2264 paullisper
1977 2166 2135 2251 hic,
2189 2160 2454 2235 deinde
2492 2160 2570 2227 in
2643 2265 2646 2268 -

442 2274 949 2360 Tusculanum.
984 2275 1373 2347 Dolabellae
1408 2276 1643 2348 villam
1681 2302 1909 2376 quum
1949 2275 2381 2374 praeteriret‚
2414 2294 2571 2342 om-

445 2387 559 2455 nis
592 2399 1027 2470 armatorum
1066 2390 1312 2484 copia,
1353 2386 1601 2475 dextra
1644 2387 1930 2460 sinistra
1962 2385 2051 2458 ad
2090 2408 2362 2483 equum
2385 2437 2406 2471 ,
2437 2402 2574 2462 nec

445 2520 753 2593 usquam
788 2495 979 2567 alibi.
1023 2503 1179 2568 Hoc
1215 2522 1303 2588 eng
1332 2499 1534 2586 Nicia
1558 2495 1637 2569 ¹.⁵.

515 2653 565 2702 6.
590 2655 868 2704 Mamurra.
890 2657 1055 2717 Qunm'
1074 2666 1123 2703 et
1144 2658 1461 2716 Mamurram,

444 2741 495 2780 et
518 2733 728 2798 seipsum
750 2749 777 2781 a
800 2733 994 2784 Catullo
1020 2734 1241 2782 ver-ihm
1268 2735 1465 2799 perstri-

448 2823 581 2860 ctum
598 2812 863 2870 intellexit,
886 2829 989 2861 non
1007 2824 1078 2861 est
1100 2823 1255 2877 tamen
1276 2824 1463 2878 pertur-

446 2889 603 2940 batus.
648 2894 783 2942 Suet.
824 2893 987 2940 Coun.
1024 2919 1095 2929 —
1124 2893 1251 2940 Vide
1288 2890 1462 2942 Catull.

445 2969 601 3033 epigr.
627 2971 796 3017 XXX.

520 3065 567 3109 7.
594 3038 843 3114 ἐμετικὴν.
865 3049 977 3096 Hoc
992 3061 1087 3106 est,
1112 3065 1309 3098 vomere
1326 3050 1461 3098 vole-

442 3125 543 3175 bat.
566 3127 695 3176 Vide
712 3130 849 3175 Orat.
878 3143 967 3190 pro
986 3129 1219 3191 Deiotaro
1234 3163 1249 3188 ,
1272 3145 1381 3193 cap.
1410 3147 1463 3188 7.

444 3205 521 3252 Ex
561 3222 661 3270 quo
702 3207 989 3270 intelligitur
1031 3219 1145 3272 pont
1180 3225 1367 3256 coenam
1400 3208 1465 3256 nd

444 3286 683 3332 vomitum
706 3286 798 3333 isse
820 3285 1040 3334 homines
1055 3320 1072 3346 ,
1098 3297 1151 3334 nt
1170 3287 1284 3335 cibo
1301 3287 1463 3335 alvum

444 3376 765 3412 exonerarent
783 3398 800 3424 ,
830 3381 891 3412 ne
914 3365 1043 3430 large
1070 3377 1289 3430 sumptus
1318 3383 1464 3430 noce-

444 3453 536 3491 ret.
565 3443 709 3492 Adde
735 3444 939 3493 Casaub.
973 3445 1038 3492 ad
1064 3447 1268 3494 Sueton.
1298 3447 1463 3495 Vitell.

451 3521 513 3568 13
531 3535 547 3581 3
567 3522 776 3570 Seneca.
796 3523 989 3571 consol.
1011 3523 1075 3571 nd
1094 3525 1332 3582 Helviam,
1350 3541 1395 3572 c.
1416 3540 1465 3588 9.

443 3601 592 3650 Mur.
611 3628 681 3638 —
700 3601 796 3650 sed
815 3613 887 3650 est
906 3603 1213 3652 verisimilius
1234 3605 1466 3653 Caes-mm

444 3682 685 3730 vomuisse
714 3677 885 3740 manen
922 3699 1032 3730 nam
1066 3684 1121 3731 id
1158 3685 1299 3747 fecit,
1330 3685 1467 3749 qnod

442 3770 549 3808 tum
574 3761 877 3826 imperabant
908 3763 1118 3811 medici:
1157 3784 1179 3808 ιι
1202 3764 1287 3827 qui
1325 3779 1465 3812 mnne

442 3841 662 3900 vomuit,
690 3839 936 3888 ambulare
970 3841 1149 3902 debet,
1182 3854 1283 3890 tum
1320 3843 1466 3906 ungi,

443 3917 620 3967 deinde
650 3935 842 3968 coenare
859 3941 903 3970 n.
936 3921 1103 3978 celse,
1123 3925 1174 3980 1,
1208 3923 1261 3970 3.
1291 3926 1466 3972 Panta-

442 3995 617 4061 gathus
639 3999 812 4048 suadet
836 4012 1007 4066 egerat
1032 4015 1123 4066 pro
1146 4002 1343 4066 agebat.
1374 4004 1467 4051 En.

1624 2668 1675 2717 8.
1705 2653 1904 2724 Ᾰδὲὣς.’
1919 2666 2164 2726 fidenter,
2190 2663 2405 2726 copiose.

1623 2763 1678 2810 9.
1712 2746 1813 2794 Sed
1841 2747 1964 2794 bene
2001 2756 2160 2794 cocto.
2200 2742 2362 2791 Verba
2399 2737 2574 2802 Lucilii

1551 2829 1710 2896 poetae
1730 2851 1745 2876 ,
1789 2834 1898 2882 quae
1934 2817 2246 2865 adducuntur
2281 2813 2372 2862 lib.
2411 2813 2460 2877 11
2509 2809 2571 2856 de

1553 2897 1657 2944 Fin.
1686 2914 1730 2944 c.
1761 2897 1809 2945 8.

1627 2991 1708 3025 10.
1742 2975 1941 3038 Quceri'.
1970 2977 2066 3022 Pro
2094 2971 2292 3038 qum-225.
2328 2971 2575 3017 Postrema

1551 3056 1714 3114 litera,
1741 3065 1798 3104 ut
1825 3055 2051 3103 carminis
2086 3054 2209 3101 ratio
2237 3058 2454 3109 constet,
2483 3047 2572 3094 eli-

1554 3134 1716 3184 ditur:
1746 3133 2020 3196 eujnsmodi
2047 3132 2196 3180 multa
2221 3129 2353 3194 apud
2369 3137 2571 3174 veteres.

1630 3229 1711 3262 rr.
1741 3213 1805 3263 Οἱ
1826 3209 1935 3281 περὶ
1963 3209 2120 3262 αὑτόν.
2149 3210 2250 3274 Qui
2276 3208 2330 3256 in
2355 3207 2460 3267 ejus
2485 3219 2570 3252 co-

1553 3293 1748 3342 mitam.

1630 3386 1710 3421 12.
1738 3367 2003 3420 Σπουδαῖον
2031 3364 2188 3420 οὐδέν.
2219 3367 2406 3415 serium
2431 3361 2573 3413 nihil.
2637 3393 2648 3405 .

1632 3453 1710 3501 13.
1735 3449 1987 3520 Φιλόλογα.
2008 3449 2234 3505 Erudita,
2259 3446 2462 3504 lite-juta.
2481 3443 2572 3489 En.

1631 3539 1710 3587 14.
1742 3519 2058 3596 ὲπιςαθμίαν.
2097 3525 2303 3590 Hospitii
2327 3537 2575 3588 procum·

1553 3608 1748 3656 tionem.
1776 3608 1960 3665 Habes,
1993 3607 2178 3670 inquit,
2219 3604 2440 3653 odiosam
2479 3600 2580 3649 ἐπι-

1555 3685 1786 3753 ςαθμὶαν,
1817 3685 1871 3734 id
1893 3695 1995 3746 est,
2021 3701 2165 3750 quam
2191 3698 2284 3747 ego
2313 3681 2456 3730 initio
2474 3713 2490 3739 ,
2517 3689 2576 3727 nt

1555 3781 1774 3828 gravem,
1812 3765 2012 3813 oderam
2035 3775 2084 3812 et
2111 3761 2435 3826 refugiebam
2463 3773 2574 3823 qun

1555 3855 1716 3892 tamen
1737 3843 1883 3906 mihi,
1903 3854 1958 3891 ut
1977 3843 2098 3903 dixi,
2123 3843 2321 3910 molesta
2341 3857 2443 3888 non
2460 3839 2573 3887 fuit.

1634 3939 1654 3969 r
1667 3923 1714 3972 5.
1739 3923 1842 3970 Hoc
1860 3939 1924 3971 ex
1943 3922 2110 3971 Nicia.
2125 3921 2314 3970 Audivi
2326 3937 2386 3968 ex
2403 3920 2575 3968 Curtio

1556 4003 1695 4050 Nicia
1720 4004 2031 4068 grammffico
2051 4000 2318 4052 Dolabellae
2333 3997 2576 4048 familiari.

1062 4161 1959 4194 ᾡ-
