3019 4681
417 2819 424 2828 '
511 2816 852 2890 Πιπλογραφῖα
866 2859 882 2884 ,
913 2821 999 2870 sed
1017 2821 1523 2870 inscribitur-Hebdo-

522 348 658 422 502
1173 352 1270 418 M.
1311 352 1390 418 T.
1435 342 1991 419 CICERONIS

522 468 854 567 probari,
885 494 1036 539 non
1071 469 1372 541 moleste
1402 466 1557 539 fero
1596 495 1612 537 ε
1648 494 1685 539 a
1712 493 1865 565 quo
1888 467 2125 539 adhuc
2154 458 2555 565 Ηρακλείδισν
2576 482 2641 529 ¹⁹

519 579 698 650 illud
743 604 890 650 non
943 579 1228 651 abstuli.
1266 578 1484 669 Quod
1526 604 1641 649 me
1670 578 1979 651 hortaris
2016 579 2107 650 ad
2144 578 2608 651 scribendum
2639 611 2653 651 :

518 692 746 761 amice
802 704 881 760 tu
937 690 1230 785 quidem
1275 714 1294 775 ;
1359 688 1487 759 sed
1544 712 1661 759 me
1722 690 1901 759 scito
1958 714 2163 787 agere
2218 689 2398 760 nihil
2438 690 2653 761 aliud.
2734 753 2743 757 -

517 798 848 871 Gravedo
920 814 1052 869 tua·
1109 799 1286 869 mihi
1353 798 1657 869 molesta
1738 812 1868 870 est.
1959 804 2221 891 Quaeso
2256 854 2275 888 ,
2350 800 2655 883 adhibe,

515 935 732 1007 quam
780 911 1008 994 soleS‚
1063 908 1529 1005 diligentiam.
1586 914 1651 979 Ο
1692 912 1948 978 Tirss²0
1982 964 2001 995 ‚
2072 906 2205 977 tibi
2262 906 2655 1005 prodesse,

519 1017 736 1087 laetor.
783 1016 1135 1112 Anagnini
1185 1028 1392 1101 sunt,
1434 1012 1765 1085 Mustella
1810 1011 2267 1111 ταξιάρχηςῊ,
2314 1028 2387 1085 et
2430 1017 2655 1101 Lacu,

519 1130 644 1225 qui
681 1126 1074 1223 plurimum
1113 1124 1316 1196 bibit.
1352 1123 1677 1213 Librum,
1698 1148 1917 1222 quem
1938 1149 2185 1223 rogim,
2214 1124 2657 1223 perpoliam,

518 1252 592 1307 et
620 1236 919 1327 mittam.

613 1348 776 1414 Haec
807 1343 896 1414 ad
935 1344 1428 1441 posteriorem.
1477 1344 1579 1411 Τὰ
1613 1344 1749 1437 περὶ
1790 1354 1905 1412 τοῦ
1944 1344 2401 1423 καθώιοντοιςΜ
2422 1396 2445 1425 ,
2478 1365 2653 1438 qua-

521 1467 730 1523 tenus
764 1456 1115 1525 Panaetius
1141 1506 1161 1539 ,
1195 1449 1470 1523 absolvi
1508 1450 1797 1542 duobus
1826 1478 1843 1521 z
1876 1449 2067 1523 illius
2105 1466 2248 1521 tres
2280 1465 2477 1521 sunt.
2516 1452 2651 1523 Sed

518 1588 744 1660 quum
781 1566 988 1634 initio
1026 1562 1381 1635 divisisset
1405 1565 1506 1632 ita
1532 1616 1551 1651 ‚
1592 1564 1727 1631 tria
1749 1586 2013 1658 genera
2036 1560 2469 1657 exquirendi
2492 1559 2651 1631 offi-

519 1674 606 1744 cii
671 1698 823 1745 esse
851 1727 871 1760 ,
927 1696 1194 1757 unum,
1243 1696 1470 1768 quum
1514 1670 2034 1755 deliberemus,
2085 1670 2517 1753 honestum,
2562 1696 2649 1742 an

521 1798 728 1883 turpe
756 1786 894 1871 sit3
932 1783 1236 1853 alterum
1264 1837 1283 1868 ‚
1319 1781 1496 1851 utile
1521 1836 1540 1866 ,
1584 1806 1671 1851 an
1712 1784 2012 1867 inutile;
2050 1786 2379 1865 tertium,
2422 1804 2649 1879 quum

517 1890 667 1964 haec
702 1893 891 1963 inter
931 1916 1007 1962 se
1048 1916 1370 1989 pugnare
1428 1890 1843 1979 videantur,
1903 1890 2277 1987 quomodo
2314 1891 2649 1985 judican-

513 2002 688 2073 dum
705 2007 798 2074 sit
823 2002 849 2083 (
863 2003 1096 2101 qualis
1127 2025 1336 2072 causa
1352 1999 1638 2097 Reguli3
1658 2001 1895 2072 redire
1912 2000 2301 2071 honestum
2322 2055 2341 2085 ,
2358 2026 2653 2073 manere

514 2114 687 2184 utile
707 2120 773 2208 ):
816 2112 906 2183 de
943 2110 1233 2183 duobus
1263 2109 1512 2209 primis
1540 2110 1874 2208 praeclare
1906 2108 2284 2196 disseruit;
2320 2108 2413 2181 de
2436 2115 2652 2189 tertio

513 2222 897 2318 pollicetur
928 2246 1004 2293 se
1045 2221 1424 2319 deinceps;
1461 2221 1587 2291 sed
1623 2220 1801 2289 nihil
1830 2222 2133 2317 scripsit.
2182 2224 2367 2290 Eum
2406 2218 2647 2291 locum

512 2331 936 2403 Posidonius
986 2348 1468 2431 persequutus
1487 2327 1578 2401 ²3.
1622 2336 1773 2430 Ego
1817 2346 2056 2402 autem
2091 2346 2161 2401 et
2190 2331 2351 2425 ejus
2380 2331 2645 2402 librum

513 2443 878 2529 arcessivi,
907 2458 981 2514 et
1021 2443 1110 2514 ad
1157 2441 1703 2515 Athenodorum
1755 2439 2051 2511 Calvum
2095 2442 2345 2538 scripsi
2370 2494 2387 2525 ,
2428 2455 2515 2510 ut
2556 2440 2642 2512 ad

511 2569 626 2616 me
653 2547 738 2617 τὰ
767 2552 1144 2642 κεφάλαιαῆ
1172 2552 1529 2632 mitteret3
1564 2572 1725 2645 quae
1754 2561 2135 2642 exspecto:
2164 2571 2387 2642 quem
2426 2547 2641 2618 velim

1686 2757 1714 2788 α
1728 2758 1774 2790 1.
1812 2737 2095 2808 Ταξιάρχης.
2134 2740 2367 2807 Princeps
2400 2742 2639 2807 gladium·

1614 2837 1736 2868 mm.
1768 2823 2052 2886 Respondet
2070 2823 2260 2879 Attice,
2296 2823 2497 2870 nomina
2518 2826 2639 2872 Ana-

1614 2901 1893 2965 gninornm,
1916 2915 2040 2965 quos
2052 2915 2215 2948 secum
2228 2901 2475 2948 Antonias
2496 2901 2636 2951 habe·

507 2757 624 2788 vero
649 2741 772 2789 liber
785 2743 1020 2790 Varronis
1047 2757 1310 2805 numquam
1347 2743 1528 2790 dicitur

509 2899 688 2962 medes,
711 2901 786 2949 vel
809 2899 922 2950 libri
948 2899 1009 2949 de
1033 2901 1325 2967 imaginibus
1340 2937 1354 2962 ,
1373 2903 1523 2949 Mon·

421 3002 428 3012 ·
507 2979 623 3042 galt.
673 2981 875 3042 conjicit
913 2982 993 3029 hic
1039 2997 1127 3044 per
1152 2977 1520 3050 Πεπλογραφίαν

506 3058 746 3123 designari
779 3059 930 3108 libros
964 3062 1026 3109 ad
1052 3064 1320 3109 Varronem
1345 3061 1519 3108 acade-

504 3141 676 3187 micos.
699 3139 850 3203 Quod
871 3157 970 3188 non
987 3141 1292 3188 manifestum
1311 3142 1343 3188 J
1347 3175 1359 3188 .
1380 3142 1442 3188 V.
1465 3142 1518 3189 L.

505 3217 727 3278 videtui-3
751 3220 836 3267 sed
862 3221 929 3267 ita
955 3221 1188 3268 rationem
1211 3219 1352 3268 reddi
1379 3235 1520 3283 posse

505 3309 676 3360 putet,
705 3307 758 3347 ut
799 3299 1205 3363 quemadmodum
1237 3299 1521 3346 Aristoteles

503 3375 555 3422 in
585 3377 755 3446 Πέπλῳ
789 3379 960 3426 heroes
985 3379 1276 3426 Homericos
1309 3377 1520 3425 celebra-

503 3457 641 3514 verit,
659 3457 728 3504 sic
749 3457 921 3504 Cicero
939 3459 990 3504 in
1009 3457 1314 3506 Academicis
1322 3455 1521 3506 clarissi-

499 3549 686 3582 morum
734 3537 994 3585 Socraticae
1033 3549 1174 3585 sectae
1205 3537 1519 3601 philosopho·

501 3627 606 3659 rum
631 3615 878 3678 ingenium
901 3627 950 3664 et
977 3617 1248 3664 doctrinam
1283 3627 1516 3682 exponat.

499 3692 587 3740 En.

575 3785 652 3834 19.
681 3762 1006 3839 ἡρακλεῖδιον.
1027 3777 1206 3841 Supra,
1234 3778 1364 3836 XV„
1383 3783 1428 3832 4.

567 3863 650 3898 ²0.
678 3853 722 3896 Ο
751 3853 871 3901 Tite.
893 3855 1092 3902 Librum
1119 3855 1180 3903 de
1217 3857 1472 3904 Senectute
1497 3869 1511 3902 τ

495 3927 632 3987 eujus
676 3928 864 3978 initium
909 3937 978 3980 est
995 3969 1010 3992 ,
1056 3935 1100 3982 0
1143 3934 1245 3982 rice
1267 3969 1280 3995 ‚
1318 3933 1362 3982 si
1394 3933 1519 3998 quid

495 4019 584 4070 ego
597 4001 774 4070 adjuro
790 4042 805 4067 ,
827 4027 1048 4060 curamve
1066 4013 1262 4072 levasso,
1283 4011 1513 4062 etc.Vide

495 4101 575 4149 ep.
609 4087 658 4132 3.
689 4083 903 4136 Mumr.

1614 2990 1710 3038 ret,
1732 2979 1855 3027 seire
1888 2980 2121 3044 cupienti.
2160 2983 2361 3044 Legerat
2384 2979 2511 3028 illud
2534 2983 2633 3030 sor-

1610 3071 1731 3108 tasse
1766 3061 1817 3106 in
1862 3060 2074 3125 Philipp.
2128 3061 2177 3107 Π
2194 3096 2207 3118 ,
2264 3071 2319 3118 41
2368 3075 2383 3110 :
2428 3085 2453 3104 n
2474 3063 2635 3125 Quum

1610 3139 1736 3187 duos
1764 3141 2051 3202 Anagninos
2097 3153 2262 3186 set-um
2300 3139 2537 3188 haberet·-
2560 3151 2634 3189 :et

1609 3229 1876 3283 rogaverat,
1899 3220 2095 3282 quinem
2120 3229 2313 3279 essent3
2338 3220 2527 3282 inquo,
2543 3219 2633 3267 nisi

1608 3315 1685 3345 me
1720 3299 1999 3358 conjectura
2028 3297 2179 3355 fallit,
2202 3298 2451 3346 abundare
2480 3299 2632 3346 eredi-

1610 3377 1759 3425 derim
1780 3378 1833 3423 in
1850 3391 1903 3423 ea
1925 3376 2381 3425 orationeMustelae
2399 3411 2414 3436 ,
2428 3389 2477 3426 et
2494 3379 2633 3425 Laco-

1606 3457 1683 3504 nis
1700 3457 1926 3518 nomina,
1953 3465 2105 3520 quum
2134 3457 2331 3504 Atticus
2356 3473 2411 3504 en
2438 3459 2633 3521 quaesie-

1606 3536 1686 3584 rit.
1718 3533 1868 3583 Inita«.

1676 3631 1760 3664 υ.
1777 3611 1852 3662 Τὰ
1868 3609 1977 3680 περὶ
1996 3617 2077 3663 τοῦ
2096 3611 2397 3670 καθήκοντος.
2426 3619 2549 3681 Quoe
2570 3615 2630 3662 de

1604 3693 1771 3764 officio
1790 3705 1919 3743 snm.
1942 3693 2075 3742 Libri
2097 3693 2159 3739 de
2188 3692 2383 3741 officiis.

1676 3777 1764 3823 23.
1800 3773 1978 3822 Durius
2014 3775 2260 3821 omittitur
2287 3785 2363 3822 ese
2376 3791 2399 3831 ,-
2424 3773 2509 3822 sed
2528 3787 2625 3820 non

1600 3855 1809 3903 alienum
1847 3863 1918 3902 est
1954 3853 2017 3900 ab
2056 3854 2270 3916 abrupto
2298 3869 2476 3916 genere
2514 3852 2625 3900 scri-

1598 3935 1749 3982 bendi
1792 3935 1845 3980 in
1886 3933 1961 3980 his
1996 3931 2232 3997 epistolis.
2284 3933 2519 3994 Coujeeit
2544 3931 2627 3978 ati·

1601 4013 1799 4076 quando
1828 4015 2013 4060 Ernest.
2026 4011 2353 4075 persequitur.
2378 4013 2427 4060 J.
2448 4013 2508 4058 V.
2536 4013 2585 4060 1..

1674 4099 1755 4148 24.
1774 4088 1849 4139 Τὰ
1870 4087 2125 4154 κεφάλαια.
2148 4089 2341 4154 capita.
