3019 4681
714 388 1426 502 EPISTOLAEAD
1475 420 1989 510 ATTICUM,
2026 426 2171 513 lx,
2225 450 2288 523 7.
2480 429 2571 529 73

434 532 652 605 tiores
696 530 942 623 faciat,
983 536 1163 634 quid
1215 538 1352 611 hac
1405 566 1486 612 re
1536 554 1825 615 acturus
1862 546 2002 629 sit:
2048 572 2091 617 a
2132 573 2285 646 qno
2330 552 2391 621 si
2434 553 2572 623 erit

431 645 648 718 nobis
678 650 1106 748 rescriptum
1128 705 1149 740 ,
1179 654 1456 743 statim,
1487 681 1650 754 quae
1682 661 2113 747 sentiemuS,
2150 661 2242 734 ad
2279 678 2351 737 te
2394 668 2567 738 scri-

430 752 726 845 bemus;
761 773 834 830 et
869 757 1000 830 tibi
1037 758 1272 833 fidem.
1299 762 1644 838 faciemus
1666 822 1685 857 ,
1729 793 1987 841 nos-ea
2020 770 2362 862 suadere,
2407 800 2569 873 quae

429 864 644 939 nobis
689 868 1030 941 videntur
1079 885 1220 942 tuae
1272 872 1642 971 dignitati,
1686 901 1839 949 non
1892 882 2183 953 Caesaris
2226 884 2487 955 rationi
2510 882 2567 973 ³,
2642 861 2650 873 ⁵

427 1000 580 1049 esse
617 978 992 1051 utilissima
1024 1008 1041 1051 :
1075 995 1148 1052 et
1181 980 1325 1054 hoc
1362 987 1713 1058 Caesarem
1738 1041 1758 1077 ,
1800 1013 1935 1086 pro
1964 1013 2093 1061 sua
2118 990 2567 1088 indulgentia

425 1088 502 1158 in
537 1092 742 1178 nos4‚
781 1089 1262 1188 probaturum
1300 1108 1663 1192 putamus.
1952 1126 1957 1129 ·

495 1284 545 1334 3.
572 1285 784 1335 fictioni.
817 1286 942 1347 Am,
969 1287 1170 1337 actioni.
1199 1290 1340 1338 Hauc
1363 1300 1441 1339 ta-
1530 1293 1635 1341 sine
1682 1308 1844 1343 musa.
1896 1294 2144 1343 Graevium
2198 1305 2359 1344 tutem
2406 1298 2567 1361 sequi-

421 1379 534 1411 meu
559 1365 737 1429 vulgat.
755 1364 869 1415 lect.
893 1368 1112 1417 defendit
1135 1370 1359 1419 Goerenz.
1378 1369 1444 1417 nd
1530 1388 1661 1422 mur.
1689 1374 1784 1422 En.

420 1442 522 1492 cic.
547 1444 702 1492 Acnd.
721 1448 802 1505 11,
833 1460 922 1509 19,
944 1462 999 1511 p.
1035 1447 1154 1496 ηδ.
1183 1448 1291 1497 Nec
1315 1448 1445 1497 forte
1605 1454 1655 1503 4.
1677 1444 1781 1493 Alii
1798 1478 1815 1505 ,
1850 1460 1979 1493 suos.

725 1628 1070 1699 BALBUS*
1125 1634 1537 1699 CICERONI
1580 1632 2122 1697 IMPERATORI
2166 1634 2230 1698 S.

506 1786 574 1854 S.
639 1784 725 1853 V.
790 1788 866 1855 B.
928 1788 1007 1855 E.
1073 1764 1549 1882 Posteaquam
1607 1783 1849 1854 literas
1906 1806 2336 1855 communes
2387 1808 2553 1855 cum

415 1897 658 1993 Oppio
687 1892 780 1965 ad
808 1908 879 1965 te
911 1892 1112 1986 dedi,
1159 1894 1252 1966 ab
1291 1900 1567 1967 Caesare
1612 1892 1989 1991 epistolam
2032 1894 2313 1990 accepi,
2348 1896 2557 1990 cujus

413 2003 820 2102 exemplum
874 2002 1005 2075 tibi
1052 2005 1253 2092 misi,
1298 2030 1387 2076 ex
1429 2001 1701 2101 quibus
1725 2014 1747 2046 ¹
1802 2004 2209 2101 perspicere
2246 2005 2554 2100 poteris,

411 2138 630 2211 quam
670 2118 915 2213 cupiat
948 2113 1449 2203 concordiam,
1483 2128 1556 2185 et
1593 2115 2023 2210 Pompeium
2050 2113 2555 2201 reconciliare,

410 2236 485 2313 et
516 2246 737 2319 quam
775 2240 1099 2296 remotus
1135 2225 1226 2296 sit
1261 2223 1354 2295 ab
1387 2228 1589 2294 omni
1627 2220 2049 2294 crudelitate
2078 2249 2093 2291 :
2134 2220 2357 2320 quod'
2380 2248 2551 2295 eum

409 2336 708 2423 sentire,
751 2349 835 2405 ut
869 2332 1139 2423 debe0‚
1179 2334 1384 2408 valde
1421 2318 1723 2432 gaudee.
1770 2336 1879 2406 De
1916 2348 1987 2404 te
2025 2347 2097 2405 et
2134 2347 2259 2404 tua
2292 2332 2435 2406 fide
2474 2350 2547 2407 et

405 2445 669 2541 pietate
707 2445 900 2518 idem
933 2445 1386 2536 mehercule,
1423 2449 1525 2517 mi
1559 2447 1849 2531 Cicero,
1882 2448 2150 2532 sentin,
2187 2446 2389 2543 quod
2428 2462 2545 2534 ως

405 2579 558 2626 non
626 2580 838 2654 posse
899 2571 1099 2628 tuam
1165 2556 1428 2628 famam
1495 2570 1570 2630 et
1631 2553 1954 2626 officium
2021 2547 2415 2643 sustinere,
2462 2573 2547 2628 ut

397 2679 656 2735 contra
691 2690 857 2738 eum
903 2691 1098 2738 arma
1148 2663 1369 2755 feraS,
1406 2691 1445 2738 a
1484 2691 1635 2764 quo
1673 2680 1955 2737 tantum
1990 2664 2427 2737 beneficium
2472 2683 2545 2738 te

400 2777 760 2875 accepisse
803 2776 1162 2875 praedices.
1207 2783 1559 2850 Caesarem
1605 2774 1747 2848 hoc
1790 2775 1985 2846 idem
2022 2773 2545 2873 probaturum,

399 2886 897 2984 exploratum,
953 2913 1088 2986 pro
1135 2889 1477 2986 singulari
1540 2889 1692 2984 ejus
1734 2886 2221 2976 humanitate,
2267 2886 2540 2978 habeo,

398 2996 612 3094 eique
677 2999 1238 3070 cumulatissime
1315 2996 1845 3070 satisfacturum
1878 3081 1884 3086 ,
1921 3012 1992 3068 te
2070 3013 2269 3069 certo
2340 3001 2489 3070 scio
2517 3055 2536 3086 ,

397 3131 626 3203 quum
663 3107 939 3178 nullam
973 3124 1248 3206 partem
1287 3109 1460 3181 belli
1497 3123 1750 3180 contra
1785 3133 1955 3179 eum
1998 3109 2381 3206 suscipias,
2416 3133 2539 3180 ne-

396 3241 541 3312 que
579 3221 817 3288 socius
852 3218 1006 3313 ejus
1040 3218 1462 3292 adversariis
1502 3219 1745 3291 fueris.
1790 3223 2027 3314 Atque
2058 3215 2209 3288 hoc·
2241 3240 2391 3286 non
2430 3240 2541 3287 so-

395 3324 546 3400 lum
581 3326 652 3395 in
687 3341 757 3397 te
779 3381 798 3414 ,
841 3330 965 3399 tali
1001 3344 1076 3401 et
1109 3345 1311 3401 tanto
1341 3331 1501 3400 viro
1525 3383 1547 3416 ,
1586 3329 1753 3400 satis
1787 3326 2084 3399 habebit
2110 3379 2131 3410 ,
2158 3326 2286 3398 sed
2320 3328 2537 3398 etiam

393 3435 573 3505 mihi
629 3439 783 3535 ipse
845 3463 973 3511 sua
1028 3442 1385 3511 concessit
1443 3440 1859 3524 voluntate,
1904 3463 1997 3507 ne
2042 3440 2117 3506 in
2166 3438 2251 3506 iis
2288 3439 2537 3508 castris

395 3568 668 3635 essem,
705 3572 868 3644 quae
910 3565 1160 3621 contra
1208 3548 1601 3620 Lentulum
1650 3563 1777 3618 aut
1818 3547 2244 3644 Pompeium
2294 3545 2541 3619 futura

458 3743 483 3768 '¹
505 3705 686 3795 'Schoell
698 3781 712 3806 ,
751 3747 1033 3796 Gescleicleee
1049 3748 1139 3796 der
1161 3747 1412 3798 Roeme'sch.
1503 3748 1593 3807 do,
1608 3763 1758 3812 quum
1777 3757 1825 3794 et
1838 3747 1999 3793 literas
2015 3757 2065 3794 et
2082 3746 2335 3811 epistolum
2356 3745 2537 3796 Balbus

387 3823 534 3874 litter.
574 3825 652 3872 hia
687 3826 840 3873 literis
874 3825 1012 3874 Balbi
1050 3843 1154 3876 non
1191 3843 1413 3892 magnam
1501 3827 1828 3883 nominasset,
1865 3825 2029 3873 eadem
2050 3825 2351 3874 diversorum
2372 3829 2536 3876 nomi·
2606 3880 2611 3898 .

386 3904 484 3950 vim
500 3903 674 3964 judicii
698 3905 832 3970 argui
853 3905 1087 3966 affirmat,
1107 3917 1225 3955 tom.
1246 3909 1296 3954 11
1314 3942 1328 3968 ,
1357 3923 1408 3972 p.
1501 3921 1619 3954 num
1654 3903 2009 3969 significatione
2046 3904 2301 3969 deceptum
2318 3941 2333 3966 ,
2372 3905 2495 3954 illud
2514 3939 2529 3964 ‚

391 3983 618 4037 thudin.
1499 4001 1569 4034 ea·
1611 3985 1804 4049 quibus,
1846 3995 1904 4032 ut
1948 3985 2011 4034 de
2050 3985 2229 4045 lita-is,
2258 4000 2363 4034 non
2390 3997 2445 4036 ut
2472 3985 2533 4034 de

463 4076 510 4108 ι.
535 4063 618 4108 Ex
647 4062 837 4126 quibus.
887 4065 1233 4130 Σολουιοφανίς.
1255 4065 1380 4114 Num
1395 4101 1412 4126 ,
1499 4064 1703 4130 epistola
1718 4100 1733 4125 ,
1760 4064 2039 4130 protulisse.
2064 4065 2519 4130 Mn.·—syuepsis

385 4153 451 4186 ex
475 4139 650 4202 quibus
663 4175 680 4198 ,
705 4141 906 4192 refertur
923 4143 987 4194 nd
1009 4144 1276 4209 epistolum.
1299 4146 1414 4196 Cte-
1501 4147 1557 4195 in
1588 4145 1685 4194 hoc
1712 4161 1815 4195 me
1846 4145 2055 4194 videtur.
2077 4147 2172 4194 Eo.
