<?xml version="1.0" encoding="UTF-8"?>
<!DOCTYPE html PUBLIC "-//W3C//DTD XHTML 1.0 Transitional//EN"
    "http://www.w3.org/TR/xhtml1/DTD/xhtml1-transitional.dtd">
<html xmlns="http://www.w3.org/1999/xhtml" xml:lang="en" lang="en">
 <head>
  <title>
</title>
<meta http-equiv="Content-Type" content="text/html;charset=utf-8" />
  <meta name='ocr-system' content='tesseract 3.04.00' />
  <meta name='ocr-capabilities' content='ocr_page ocr_carea ocr_par ocr_line ocrx_word'/>
</head>
<body>
  <div class='ocr_page' id='page_1' title='image "./mtciceronisquae04lemagoog_0555.png"; bbox 0 0 3019 4681; ppageno 0'>
   <div class='ocr_carea' id='block_1_1' title="bbox 599 396 2494 496">
    <p class='ocr_par' dir='ltr' id='par_1_1' title="bbox 599 396 2494 496">
     <span class='ocr_line' id='line_1_1' title="bbox 599 396 2494 496; baseline -0.003 -21"><span class='ocrx_word' id='word_1_1' title='bbox 599 404 1116 475; x_wconf 83' lang='lat' dir='ltr'>EPISTOLAE</span> <span class='ocrx_word' id='word_1_2' title='bbox 1165 404 1302 477; x_wconf 80' lang='lat' dir='ltr'><strong>AD</strong></span> <span class='ocrx_word' id='word_1_3' title='bbox 1351 406 1439 493; x_wconf 87' lang='lat' dir='ltr'><strong>Q.</strong></span> <span class='ocrx_word' id='word_1_4' title='bbox 1487 400 2009 485; x_wconf 82' lang='lat' dir='ltr'>FRATREM,</span> <span class='ocrx_word' id='word_1_5' title='bbox 2056 403 2129 481; x_wconf 77' lang='grc' dir='ltr'><strong>Ι,</strong></span> <span class='ocrx_word' id='word_1_6' title='bbox 2182 423 2237 469; x_wconf 83' lang='lat'><strong>1.</strong></span> <span class='ocrx_word' id='word_1_7' title='bbox 2352 396 2494 496; x_wconf 70' lang='lat'><strong>549</strong></span> 
     </span>
    </p>
   </div>
   <div class='ocr_carea' id='block_1_2' title="bbox 359 500 2586 3596">
    <p class='ocr_par' dir='ltr' id='par_1_2' title="bbox 359 500 2586 2273">
     <span class='ocr_line' id='line_1_2' title="bbox 359 500 2586 621; baseline -0.004 -20"><span class='ocrx_word' id='word_1_8' title='bbox 359 500 769 601; x_wconf 70' lang='lat' dir='ltr'><strong>stularettir.</strong></span> <span class='ocrx_word' id='word_1_9' title='bbox 799 528 1014 598; x_wconf 86' lang='lat' dir='ltr'><strong>Nunc</strong></span> <span class='ocrx_word' id='word_1_10' title='bbox 1047 548 1260 611; x_wconf 85' lang='lat' dir='ltr'><strong>vero,</strong></span> <span class='ocrx_word' id='word_1_11' title='bbox 1297 538 1599 621; x_wconf 84' lang='lat' dir='ltr'><strong>propter</strong></span> <span class='ocrx_word' id='word_1_12' title='bbox 1630 544 1879 593; x_wconf 87' lang='lat' dir='ltr'><strong>earum</strong></span> <span class='ocrx_word' id='word_1_13' title='bbox 1910 544 2151 590; x_wconf 87' lang='lat' dir='ltr'><strong>rerum</strong></span> <span class='ocrx_word' id='word_1_14' title='bbox 2176 574 2196 607; x_wconf 94' lang='lat'><strong>‚</strong></span> <span class='ocrx_word' id='word_1_15' title='bbox 2232 522 2305 591; x_wconf 88' lang='lat' dir='ltr'><strong>in</strong></span> <span class='ocrx_word' id='word_1_16' title='bbox 2344 526 2498 618; x_wconf 89' lang='lat' dir='ltr'><strong>qui·</strong></span> <span class='ocrx_word' id='word_1_17' title='bbox 2570 596 2586 605; x_wconf 59' lang='grc'>,</span> 
     </span>
     <span class='ocr_line' id='line_1_3' title="bbox 361 629 2496 732; baseline -0.005 -22"><span class='ocrx_word' id='word_1_18' title='bbox 361 638 500 710; x_wconf 83' lang='lat' dir='ltr'><strong>bus</strong></span> <span class='ocrx_word' id='word_1_19' title='bbox 522 638 780 709; x_wconf 87' lang='lat' dir='ltr'><strong>versati</strong></span> <span class='ocrx_word' id='word_1_20' title='bbox 810 659 1090 723; x_wconf 88' lang='lat' dir='ltr'><strong>sumus,</strong></span> <span class='ocrx_word' id='word_1_21' title='bbox 1123 633 1587 732; x_wconf 81' lang='lat' dir='ltr'><strong>splendorem</strong></span> <span class='ocrx_word' id='word_1_22' title='bbox 1614 644 1689 702; x_wconf 85' lang='lat' dir='ltr'><strong>et</strong></span> <span class='ocrx_word' id='word_1_23' title='bbox 1716 629 2290 727; x_wconf 85' lang='lat' dir='ltr'><strong>magnitudinem</strong></span> <span class='ocrx_word' id='word_1_24' title='bbox 2308 684 2327 718; x_wconf 92' lang='lat'><strong>,</strong></span> <span class='ocrx_word' id='word_1_25' title='bbox 2354 630 2496 701; x_wconf 87' lang='lat' dir='ltr'><strong>nisi</strong></span> 
     </span>
     <span class='ocr_line' id='line_1_4' title="bbox 361 739 2499 840; baseline -0.005 -21"><span class='ocrx_word' id='word_1_26' title='bbox 361 772 716 819; x_wconf 89' lang='lat' dir='ltr'><strong>summam</strong></span> <span class='ocrx_word' id='word_1_27' title='bbox 767 744 1054 817; x_wconf 86' lang='lat' dir='ltr'><strong>laudem</strong></span> <span class='ocrx_word' id='word_1_28' title='bbox 1109 770 1198 816; x_wconf 84' lang='lat' dir='ltr'><strong>ex</strong></span> <span class='ocrx_word' id='word_1_29' title='bbox 1245 745 1378 814; x_wconf 88' lang='lat' dir='ltr'><strong>ista</strong></span> <span class='ocrx_word' id='word_1_30' title='bbox 1419 742 1793 840; x_wconf 82' lang='lat' dir='ltr'><strong>provincia</strong></span> <span class='ocrx_word' id='word_1_31' title='bbox 1844 740 2331 836; x_wconf 77' lang='lat' dir='ltr'><strong>assequimur,</strong></span> <span class='ocrx_word' id='word_1_32' title='bbox 2374 739 2499 809; x_wconf 80' lang='lat' dir='ltr'><strong>vix</strong></span> 
     </span>
     <span class='ocr_line' id='line_1_5' title="bbox 359 852 2496 953; baseline -0.003 -25"><span class='ocrx_word' id='word_1_33' title='bbox 359 858 688 930; x_wconf 78' lang='lat' dir='ltr'><strong>videmur</strong></span> <span class='ocrx_word' id='word_1_34' title='bbox 743 879 1100 929; x_wconf 87' lang='lat' dir='ltr'><strong>summam</strong></span> <span class='ocrx_word' id='word_1_35' title='bbox 1150 856 1757 953; x_wconf 81' lang='lat' dir='ltr'><strong>vituperationem</strong></span> <span class='ocrx_word' id='word_1_36' title='bbox 1814 876 2029 951; x_wconf 86' lang='lat' dir='ltr'><strong>posse</strong></span> <span class='ocrx_word' id='word_1_37' title='bbox 2090 853 2336 921; x_wconf 84' lang='lat' dir='ltr'><strong>vitare.</strong></span> <span class='ocrx_word' id='word_1_38' title='bbox 2396 852 2496 921; x_wconf 86' lang='lat' dir='ltr'><strong>Ea</strong></span> 
     </span>
     <span class='ocr_line' id='line_1_6' title="bbox 361 960 2493 1062; baseline -0.004 -25"><span class='ocrx_word' id='word_1_39' title='bbox 361 982 606 1039; x_wconf 87' lang='lat' dir='ltr'><strong>nostra</strong></span> <span class='ocrx_word' id='word_1_40' title='bbox 647 968 834 1039; x_wconf 88' lang='lat' dir='ltr'><strong>ratio</strong></span> <span class='ocrx_word' id='word_1_41' title='bbox 876 981 1022 1054; x_wconf 92' lang='lat' dir='ltr'><strong>est,</strong></span> <span class='ocrx_word' id='word_1_42' title='bbox 1065 978 1152 1035; x_wconf 85' lang='lat' dir='ltr'><strong>ut</strong></span> <span class='ocrx_word' id='word_1_43' title='bbox 1187 988 1441 1037; x_wconf 80' lang='lat' dir='ltr'><strong>omnes</strong></span> <span class='ocrx_word' id='word_1_44' title='bbox 1483 963 1663 1036; x_wconf 90' lang='lat' dir='ltr'><strong>boni</strong></span> <span class='ocrx_word' id='word_1_45' title='bbox 1702 988 1931 1062; x_wconf 91' lang='lat' dir='ltr'><strong>quum</strong></span> <span class='ocrx_word' id='word_1_46' title='bbox 1976 960 2297 1048; x_wconf 82' lang='lat' dir='ltr'><strong>faveant,</strong></span> <span class='ocrx_word' id='word_1_47' title='bbox 2336 974 2493 1030; x_wconf 86' lang='lat' dir='ltr'><strong>tum</strong></span> 
     </span>
     <span class='ocr_line' id='line_1_7' title="bbox 360 1075 2497 1173; baseline -0.004 -24"><span class='ocrx_word' id='word_1_48' title='bbox 360 1082 574 1149; x_wconf 89' lang='lat' dir='ltr'><strong>etiam</strong></span> <span class='ocrx_word' id='word_1_49' title='bbox 608 1102 648 1148; x_wconf 89' lang='lat' dir='ltr'><strong>a</strong></span> <span class='ocrx_word' id='word_1_50' title='bbox 681 1075 896 1150; x_wconf 87' lang='lat' dir='ltr'><strong>nobis</strong></span> <span class='ocrx_word' id='word_1_51' title='bbox 927 1100 1222 1148; x_wconf 89' lang='lat' dir='ltr'><strong>omnem</strong></span> <span class='ocrx_word' id='word_1_52' title='bbox 1260 1076 1703 1173; x_wconf 83' lang='lat' dir='ltr'><strong>diligentiam</strong></span> <span class='ocrx_word' id='word_1_53' title='bbox 1742 1076 2229 1170; x_wconf 89' lang='lat' dir='ltr'><strong>virtutemque</strong></span> <span class='ocrx_word' id='word_1_54' title='bbox 2264 1088 2341 1143; x_wconf 88' lang='lat' dir='ltr'><strong>et</strong></span> <span class='ocrx_word' id='word_1_55' title='bbox 2370 1096 2497 1170; x_wconf 88' lang='lat' dir='ltr'><strong>po-</strong></span> 
     </span>
     <span class='ocr_line' id='line_1_8' title="bbox 359 1181 2496 1285; baseline -0.003 -28"><span class='ocrx_word' id='word_1_56' title='bbox 359 1186 672 1277; x_wconf 86' lang='lat' dir='ltr'><strong>stulent,-</strong></span> <span class='ocrx_word' id='word_1_57' title='bbox 713 1200 788 1258; x_wconf 87' lang='lat' dir='ltr'><strong>et</strong></span> <span class='ocrx_word' id='word_1_58' title='bbox 829 1201 1281 1285; x_wconf 84' lang='lat' dir='ltr'><strong>exspectent;</strong></span> <span class='ocrx_word' id='word_1_59' title='bbox 1317 1211 1573 1258; x_wconf 88' lang='lat' dir='ltr'><strong>omnes</strong></span> <span class='ocrx_word' id='word_1_60' title='bbox 1606 1200 1845 1257; x_wconf 88' lang='lat' dir='ltr'><strong>autem</strong></span> <span class='ocrx_word' id='word_1_61' title='bbox 1884 1181 2201 1282; x_wconf 86' lang='lat' dir='ltr'><strong>improbi</strong></span> <span class='ocrx_word' id='word_1_62' title='bbox 2243 1181 2496 1280; x_wconf 86' lang='lat' dir='ltr'><strong>(quod</strong></span> 
     </span>
     <span class='ocr_line' id='line_1_9' title="bbox 359 1292 2494 1394; baseline -0.001 -27"><span class='ocrx_word' id='word_1_63' title='bbox 359 1320 526 1367; x_wconf 91' lang='lat' dir='ltr'><strong>cum</strong></span> <span class='ocrx_word' id='word_1_64' title='bbox 557 1296 642 1367; x_wconf 90' lang='lat' dir='ltr'><strong>iis</strong></span> <span class='ocrx_word' id='word_1_65' title='bbox 668 1294 946 1368; x_wconf 86' lang='lat' dir='ltr'><strong>bellum</strong></span> <span class='ocrx_word' id='word_1_66' title='bbox 973 1298 1420 1394; x_wconf 86' lang='lat' dir='ltr'><strong>suscepimus</strong></span> <span class='ocrx_word' id='word_1_67' title='bbox 1459 1292 2028 1393; x_wconf 86' lang='lat' dir='ltr'><strong>sempiternum)</strong></span> <span class='ocrx_word' id='word_1_68' title='bbox 2057 1295 2170 1365; x_wconf 83' lang='lat' dir='ltr'><strong>vel</strong></span> <span class='ocrx_word' id='word_1_69' title='bbox 2199 1294 2494 1365; x_wconf 87' lang='lat' dir='ltr'><strong>minima</strong></span> 
     </span>
     <span class='ocr_line' id='line_1_10' title="bbox 359 1403 2498 1503; baseline 0 -28"><span class='ocrx_word' id='word_1_70' title='bbox 359 1429 438 1476; x_wconf 92' lang='lat' dir='ltr'><strong>re</strong></span> <span class='ocrx_word' id='word_1_71' title='bbox 461 1403 553 1475; x_wconf 86' lang='lat' dir='ltr'><strong>ad</strong></span> <span class='ocrx_word' id='word_1_72' title='bbox 577 1405 1256 1503; x_wconf 86' lang='lat' dir='ltr'><strong>reprehendendum</strong></span> <span class='ocrx_word' id='word_1_73' title='bbox 1277 1411 1607 1477; x_wconf 89' lang='lat' dir='ltr'><strong>contenti</strong></span> <span class='ocrx_word' id='word_1_74' title='bbox 1630 1430 1787 1477; x_wconf 86' lang='lat' dir='ltr'><strong>esse</strong></span> <span class='ocrx_word' id='word_1_75' title='bbox 1809 1405 2208 1475; x_wconf 85' lang='lat' dir='ltr'><strong>videantur.</strong></span> <span class='ocrx_word' id='word_1_76' title='bbox 2230 1408 2498 1495; x_wconf 82' lang='lat' dir='ltr'><strong>Quare,</strong></span> 
     </span>
     <span class='ocr_line' id='line_1_11' title="bbox 360 1504 2495 1614; baseline -0.002 -27"><span class='ocrx_word' id='word_1_77' title='bbox 360 1504 708 1614; x_wconf 86' lang='lat' dir='ltr'><strong>quoniam</strong></span> <span class='ocrx_word' id='word_1_78' title='bbox 746 1517 1102 1612; x_wconf 84' lang='lat' dir='ltr'><strong>ejusmodi</strong></span> <span class='ocrx_word' id='word_1_79' title='bbox 1137 1517 1504 1588; x_wconf 83' lang='lat' dir='ltr'><strong>theatrum</strong></span> <span class='ocrx_word' id='word_1_80' title='bbox 1546 1517 1689 1586; x_wconf 89' lang='lat' dir='ltr'><strong>tuis</strong></span> <span class='ocrx_word' id='word_1_81' title='bbox 1725 1514 2115 1587; x_wconf 84' lang='lat' dir='ltr'><strong>virtutibus</strong></span> <span class='ocrx_word' id='word_1_82' title='bbox 2133 1526 2199 1572; x_wconf 74' lang='lat'><strong>⁹²</strong></span> <span class='ocrx_word' id='word_1_83' title='bbox 2238 1530 2345 1585; x_wconf 86' lang='lat' dir='ltr'><strong>est</strong></span> <span class='ocrx_word' id='word_1_84' title='bbox 2376 1514 2495 1584; x_wconf 87' lang='lat' dir='ltr'><strong>da-</strong></span> 
     </span>
     <span class='ocr_line' id='line_1_12' title="bbox 363 1623 2495 1721; baseline -0.002 -25"><span class='ocrx_word' id='word_1_85' title='bbox 363 1640 520 1697; x_wconf 89' lang='lat' dir='ltr'><strong>tum</strong></span> <span class='ocrx_word' id='word_1_86' title='bbox 537 1681 557 1714; x_wconf 93' lang='lat'><strong>,</strong></span> <span class='ocrx_word' id='word_1_87' title='bbox 581 1625 998 1700; x_wconf 87' lang='lat' dir='ltr'><strong>celebritate</strong></span> <span class='ocrx_word' id='word_1_88' title='bbox 1020 1625 1565 1699; x_wconf 82' lang='lat' dir='ltr'><strong>refertissimum</strong></span> <span class='ocrx_word' id='word_1_89' title='bbox 1587 1679 1607 1712; x_wconf 95' lang='lat'><strong>,</strong></span> <span class='ocrx_word' id='word_1_90' title='bbox 1624 1623 2117 1720; x_wconf 85' lang='lat' dir='ltr'><strong>magnitudine</strong></span> <span class='ocrx_word' id='word_1_91' title='bbox 2150 1624 2495 1721; x_wconf 83' lang='lat' dir='ltr'><strong>amplissi-</strong></span> 
     </span>
     <span class='ocr_line' id='line_1_13' title="bbox 363 1738 2494 1834; baseline -0.002 -27"><span class='ocrx_word' id='word_1_92' title='bbox 363 1762 608 1825; x_wconf 89' lang='lat' dir='ltr'><strong>mum,</strong></span> <span class='ocrx_word' id='word_1_93' title='bbox 646 1738 927 1834; x_wconf 87' lang='lat' dir='ltr'><strong>judicio</strong></span> <span class='ocrx_word' id='word_1_94' title='bbox 967 1738 1578 1820; x_wconf 86' lang='lat' dir='ltr'><strong>eruditissimum,</strong></span> <span class='ocrx_word' id='word_1_95' title='bbox 1632 1749 1889 1806; x_wconf 86' lang='lat' dir='ltr'><strong>natura</strong></span> <span class='ocrx_word' id='word_1_96' title='bbox 1943 1748 2183 1805; x_wconf 89' lang='lat' dir='ltr'><strong>autem</strong></span> <span class='ocrx_word' id='word_1_97' title='bbox 2232 1738 2331 1804; x_wconf 87' lang='lat' dir='ltr'><strong>ita</strong></span> <span class='ocrx_word' id='word_1_98' title='bbox 2378 1758 2494 1802; x_wconf 89' lang='lat' dir='ltr'><strong>re-</strong></span> 
     </span>
     <span class='ocr_line' id='line_1_14' title="bbox 360 1842 2499 1944; baseline -0.002 -27"><span class='ocrx_word' id='word_1_99' title='bbox 360 1870 664 1935; x_wconf 72' lang='lat' dir='ltr'><strong>sonam,</strong></span> <span class='ocrx_word' id='word_1_100' title='bbox 727 1860 809 1917; x_wconf 92' lang='lat' dir='ltr'><strong>ut</strong></span> <span class='ocrx_word' id='word_1_101' title='bbox 871 1872 1104 1944; x_wconf 89' lang='lat' dir='ltr'><strong>usque</strong></span> <span class='ocrx_word' id='word_1_102' title='bbox 1166 1852 1471 1918; x_wconf 84' lang='lat' dir='ltr'><strong>Romam</strong></span> <span class='ocrx_word' id='word_1_103' title='bbox 1529 1842 2084 1943; x_wconf 80' lang='lat' dir='ltr'><strong>significationes</strong></span> <span class='ocrx_word' id='word_1_104' title='bbox 2139 1866 2499 1939; x_wconf 86' lang='lat' dir='ltr'><strong>vocesque</strong></span> 
     </span>
     <span class='ocr_line' id='line_1_15' title="bbox 359 1952 2495 2052; baseline -0.003 -25"><span class='ocrx_word' id='word_1_105' title='bbox 359 1954 810 2037; x_wconf 81' lang='lat' dir='ltr'><strong>referantur;</strong></span> <span class='ocrx_word' id='word_1_106' title='bbox 872 1955 1234 2027; x_wconf 85' lang='lat' dir='ltr'><strong>contende</strong></span> <span class='ocrx_word' id='word_1_107' title='bbox 1257 2009 1278 2041; x_wconf 89' lang='lat'><strong>,</strong></span> <span class='ocrx_word' id='word_1_108' title='bbox 1337 1979 1585 2052; x_wconf 83' lang='lat' dir='ltr'><strong>quaeso</strong></span> <span class='ocrx_word' id='word_1_109' title='bbox 1609 2010 1628 2043; x_wconf 94' lang='lat'><strong>,</strong></span> <span class='ocrx_word' id='word_1_110' title='bbox 1689 1969 1909 2051; x_wconf 85' lang='lat' dir='ltr'><strong>atque</strong></span> <span class='ocrx_word' id='word_1_111' title='bbox 1964 1952 2249 2025; x_wconf 89' lang='lat' dir='ltr'><strong>elabora</strong></span> <span class='ocrx_word' id='word_1_112' title='bbox 2270 2006 2291 2039; x_wconf 89' lang='lat'><strong>,</strong></span> <span class='ocrx_word' id='word_1_113' title='bbox 2342 1976 2495 2022; x_wconf 89' lang='lat' dir='ltr'><strong>non</strong></span> 
     </span>
     <span class='ocr_line' id='line_1_16' title="bbox 360 2060 2497 2161; baseline -0.002 -25"><span class='ocrx_word' id='word_1_114' title='bbox 360 2063 582 2137; x_wconf 90' lang='lat' dir='ltr'><strong>modo</strong></span> <span class='ocrx_word' id='word_1_115' title='bbox 621 2079 704 2137; x_wconf 89' lang='lat' dir='ltr'><strong>ut</strong></span> <span class='ocrx_word' id='word_1_116' title='bbox 753 2064 862 2136; x_wconf 89' lang='lat' dir='ltr'><strong>his</strong></span> <span class='ocrx_word' id='word_1_117' title='bbox 910 2065 1132 2137; x_wconf 87' lang='lat' dir='ltr'><strong>rebus</strong></span> <span class='ocrx_word' id='word_1_118' title='bbox 1177 2064 1437 2161; x_wconf 87' lang='lat' dir='ltr'><strong>dignus</strong></span> <span class='ocrx_word' id='word_1_119' title='bbox 1490 2062 1757 2153; x_wconf 89' lang='lat' dir='ltr'><strong>fuisse,</strong></span> <span class='ocrx_word' id='word_1_120' title='bbox 1796 2063 1924 2135; x_wconf 89' lang='lat' dir='ltr'><strong>sed</strong></span> <span class='ocrx_word' id='word_1_121' title='bbox 1974 2064 2187 2133; x_wconf 88' lang='lat' dir='ltr'><strong>etiam</strong></span> <span class='ocrx_word' id='word_1_122' title='bbox 2244 2077 2323 2132; x_wconf 92' lang='lat' dir='ltr'><strong>ut</strong></span> <span class='ocrx_word' id='word_1_123' title='bbox 2376 2060 2497 2131; x_wconf 88' lang='lat' dir='ltr'><strong>illa</strong></span> 
     </span>
     <span class='ocr_line' id='line_1_17' title="bbox 360 2173 1879 2273; baseline -0.001 -26"><span class='ocrx_word' id='word_1_124' title='bbox 360 2178 608 2247; x_wconf 89' lang='lat' dir='ltr'><strong>omnia</strong></span> <span class='ocrx_word' id='word_1_125' title='bbox 651 2177 796 2246; x_wconf 87' lang='lat' dir='ltr'><strong>tuis</strong></span> <span class='ocrx_word' id='word_1_126' title='bbox 815 2174 1114 2246; x_wconf 90' lang='lat' dir='ltr'><strong>artibus</strong></span> <span class='ocrx_word' id='word_1_127' title='bbox 1154 2199 1529 2273; x_wconf 80' lang='lat' dir='ltr'><strong>superasse</strong></span> <span class='ocrx_word' id='word_1_128' title='bbox 1572 2173 1879 2245; x_wconf 84' lang='lat' dir='ltr'><strong>videare.</strong></span> 
     </span>
    </p>

    <p class='ocr_par' dir='ltr' id='par_1_3' title="bbox 359 2277 2503 3596">
     <span class='ocr_line' id='line_1_18' title="bbox 456 2277 2501 2383; baseline -0.002 -28"><span class='ocrx_word' id='word_1_129' title='bbox 456 2287 545 2355; x_wconf 89' lang='lat' dir='ltr'><strong>Et</strong></span> <span class='ocrx_word' id='word_1_130' title='bbox 589 2284 932 2383; x_wconf 89' lang='lat' dir='ltr'><strong>quoniam</strong></span> <span class='ocrx_word' id='word_1_131' title='bbox 981 2284 1160 2356; x_wconf 87' lang='lat' dir='ltr'><strong>mihi</strong></span> <span class='ocrx_word' id='word_1_132' title='bbox 1213 2308 1418 2356; x_wconf 89' lang='lat' dir='ltr'><strong>casus</strong></span> <span class='ocrx_word' id='word_1_133' title='bbox 1465 2283 1876 2355; x_wconf 86' lang='lat' dir='ltr'><strong>urbanam</strong></span> <span class='ocrx_word' id='word_1_134' title='bbox 1857 2307 1933 2353; x_wconf 90' lang='lat' dir='ltr'><strong>1n</strong></span> <span class='ocrx_word' id='word_1_135' title='bbox 1972 2277 2501 2376; x_wconf 85' lang='lat' dir='ltr'><strong>magistratibus</strong></span> 
     </span>
     <span class='ocr_line' id='line_1_19' title="bbox 361 2387 2493 2493; baseline -0.003 -27"><span class='ocrx_word' id='word_1_136' title='bbox 361 2395 1052 2467; x_wconf 85' lang='lat' dir='ltr'><strong>administrationem</strong></span> <span class='ocrx_word' id='word_1_137' title='bbox 1081 2393 1533 2493; x_wconf 79' lang='lat' dir='ltr'><strong>reipublicae,</strong></span> <span class='ocrx_word' id='word_1_138' title='bbox 1562 2392 1697 2465; x_wconf 90' lang='lat' dir='ltr'><strong>tibi</strong></span> <span class='ocrx_word' id='word_1_139' title='bbox 1720 2391 2232 2490; x_wconf 85' lang='lat' dir='ltr'><strong>provincialem</strong></span> <span class='ocrx_word' id='word_1_140' title='bbox 2261 2387 2493 2480; x_wconf 89' lang='lat' dir='ltr'><strong>dedit;</strong></span> 
     </span>
     <span class='ocr_line' id='line_1_20' title="bbox 360 2501 2501 2603; baseline -0.003 -27"><span class='ocrx_word' id='word_1_141' title='bbox 360 2506 496 2576; x_wconf 90' lang='lat' dir='ltr'><strong>etsi</strong></span> <span class='ocrx_word' id='word_1_142' title='bbox 513 2501 582 2562; x_wconf 77' lang='lat'><strong>⁹³</strong></span> <span class='ocrx_word' id='word_1_143' title='bbox 617 2527 776 2575; x_wconf 87' lang='lat' dir='ltr'><strong>mea</strong></span> <span class='ocrx_word' id='word_1_144' title='bbox 811 2529 981 2603; x_wconf 88' lang='lat' dir='ltr'><strong>pars</strong></span> <span class='ocrx_word' id='word_1_145' title='bbox 1013 2505 1288 2575; x_wconf 88' lang='lat' dir='ltr'><strong>nemini</strong></span> <span class='ocrx_word' id='word_1_146' title='bbox 1316 2502 1543 2592; x_wconf 85' lang='lat' dir='ltr'><strong>cedit,</strong></span> <span class='ocrx_word' id='word_1_147' title='bbox 1586 2501 1698 2574; x_wconf 82' lang='lat' dir='ltr'><strong>fac</strong></span> <span class='ocrx_word' id='word_1_148' title='bbox 1717 2556 1738 2591; x_wconf 93' lang='lat'><strong>,</strong></span> <span class='ocrx_word' id='word_1_149' title='bbox 1773 2517 1854 2574; x_wconf 91' lang='lat' dir='ltr'><strong>ut</strong></span> <span class='ocrx_word' id='word_1_150' title='bbox 1883 2517 2005 2573; x_wconf 87' lang='lat' dir='ltr'><strong>tua</strong></span> <span class='ocrx_word' id='word_1_151' title='bbox 2036 2517 2313 2572; x_wconf 89' lang='lat' dir='ltr'><strong>ceteros</strong></span> <span class='ocrx_word' id='word_1_152' title='bbox 2344 2503 2501 2571; x_wconf 83' lang='lat' dir='ltr'><strong>vin-</strong></span> 
     </span>
     <span class='ocr_line' id='line_1_21' title="bbox 362 2610 2503 2712; baseline -0.001 -28"><span class='ocrx_word' id='word_1_153' title='bbox 362 2630 497 2684; x_wconf 89' lang='lat' dir='ltr'><strong>cat.</strong></span> <span class='ocrx_word' id='word_1_154' title='bbox 538 2613 768 2685; x_wconf 90' lang='lat' dir='ltr'><strong>Simul</strong></span> <span class='ocrx_word' id='word_1_155' title='bbox 803 2627 876 2685; x_wconf 86' lang='lat' dir='ltr'><strong>et</strong></span> <span class='ocrx_word' id='word_1_156' title='bbox 911 2613 1092 2685; x_wconf 87' lang='lat' dir='ltr'><strong>illud</strong></span> <span class='ocrx_word' id='word_1_157' title='bbox 1127 2615 1362 2712; x_wconf 85' lang='lat' dir='ltr'><strong>cogita</strong></span> <span class='ocrx_word' id='word_1_158' title='bbox 1385 2669 1404 2700; x_wconf 96' lang='lat'><strong>,</strong></span> <span class='ocrx_word' id='word_1_159' title='bbox 1443 2638 1580 2684; x_wconf 90' lang='lat' dir='ltr'><strong>nos</strong></span> <span class='ocrx_word' id='word_1_160' title='bbox 1616 2637 1767 2686; x_wconf 86' lang='lat' dir='ltr'><strong>non</strong></span> <span class='ocrx_word' id='word_1_161' title='bbox 1802 2610 1894 2684; x_wconf 84' lang='lat' dir='ltr'><strong>de</strong></span> <span class='ocrx_word' id='word_1_162' title='bbox 1924 2611 2203 2709; x_wconf 88' lang='lat' dir='ltr'><strong>reliqua</strong></span> <span class='ocrx_word' id='word_1_163' title='bbox 2239 2625 2312 2682; x_wconf 87' lang='lat' dir='ltr'><strong>et</strong></span> <span class='ocrx_word' id='word_1_164' title='bbox 2344 2635 2503 2710; x_wconf 92' lang='lat' dir='ltr'><strong>spe·</strong></span> 
     </span>
     <span class='ocr_line' id='line_1_22' title="bbox 359 2722 2498 2821; baseline 0 -27"><span class='ocrx_word' id='word_1_165' title='bbox 359 2738 510 2794; x_wconf 86' lang='lat' dir='ltr'><strong>rata</strong></span> <span class='ocrx_word' id='word_1_166' title='bbox 549 2724 778 2820; x_wconf 85' lang='lat' dir='ltr'><strong>gloria</strong></span> <span class='ocrx_word' id='word_1_167' title='bbox 809 2724 958 2819; x_wconf 85' lang='lat' dir='ltr'><strong>jam</strong></span> <span class='ocrx_word' id='word_1_168' title='bbox 997 2723 1363 2813; x_wconf 87' lang='lat' dir='ltr'><strong>laborare,</strong></span> <span class='ocrx_word' id='word_1_169' title='bbox 1400 2723 1527 2795; x_wconf 88' lang='lat' dir='ltr'><strong>sed</strong></span> <span class='ocrx_word' id='word_1_170' title='bbox 1565 2722 1657 2794; x_wconf 91' lang='lat' dir='ltr'><strong>de</strong></span> <span class='ocrx_word' id='word_1_171' title='bbox 1694 2738 1898 2821; x_wconf 88' lang='lat' dir='ltr'><strong>parta</strong></span> <span class='ocrx_word' id='word_1_172' title='bbox 1922 2722 2303 2795; x_wconf 87' lang='lat' dir='ltr'><strong>dimicare:</strong></span> <span class='ocrx_word' id='word_1_173' title='bbox 2336 2747 2498 2818; x_wconf 81' lang='lat' dir='ltr'><strong>quoe</strong></span> 
     </span>
     <span class='ocr_line' id='line_1_23' title="bbox 361 2829 2497 2932; baseline 0 -30"><span class='ocrx_word' id='word_1_174' title='bbox 361 2830 656 2927; x_wconf 89' lang='lat' dir='ltr'><strong>quidem</strong></span> <span class='ocrx_word' id='word_1_175' title='bbox 695 2859 844 2904; x_wconf 89' lang='lat' dir='ltr'><strong>non</strong></span> <span class='ocrx_word' id='word_1_176' title='bbox 883 2849 1028 2904; x_wconf 91' lang='lat' dir='ltr'><strong>tam</strong></span> <span class='ocrx_word' id='word_1_177' title='bbox 1069 2832 1470 2932; x_wconf 80' lang='lat' dir='ltr'><strong>expetenda</strong></span> <span class='ocrx_word' id='word_1_178' title='bbox 1507 2832 1723 2904; x_wconf 88' lang='lat' dir='ltr'><strong>nobis</strong></span> <span class='ocrx_word' id='word_1_179' title='bbox 1759 2830 1933 2919; x_wconf 87' lang='lat' dir='ltr'><strong>fuit,</strong></span> <span class='ocrx_word' id='word_1_180' title='bbox 1967 2856 2187 2928; x_wconf 88' lang='lat' dir='ltr'><strong>quam</strong></span> <span class='ocrx_word' id='word_1_181' title='bbox 2225 2829 2497 2902; x_wconf 86' lang='lat' dir='ltr'><strong>tuenda</strong></span> 
     </span>
     <span class='ocr_line' id='line_1_24' title="bbox 362 2941 2497 3041; baseline 0 -30"><span class='ocrx_word' id='word_1_182' title='bbox 362 2953 492 3011; x_wconf 86' lang='lat' dir='ltr'><strong>est.</strong></span> <span class='ocrx_word' id='word_1_183' title='bbox 536 2945 638 3011; x_wconf 90' lang='lat' dir='ltr'><strong>Ac</strong></span> <span class='ocrx_word' id='word_1_184' title='bbox 675 2943 733 3010; x_wconf 91' lang='lat' dir='ltr'><strong>si</strong></span> <span class='ocrx_word' id='word_1_185' title='bbox 766 2942 946 3013; x_wconf 89' lang='lat' dir='ltr'><strong>mihi</strong></span> <span class='ocrx_word' id='word_1_186' title='bbox 974 2943 1378 3041; x_wconf 89' lang='lat' dir='ltr'><strong>quidquam</strong></span> <span class='ocrx_word' id='word_1_187' title='bbox 1412 2957 1600 3014; x_wconf 90' lang='lat' dir='ltr'><strong>esset</strong></span> <span class='ocrx_word' id='word_1_188' title='bbox 1636 2941 1765 3014; x_wconf 85' lang='lat' dir='ltr'><strong>abs</strong></span> <span class='ocrx_word' id='word_1_189' title='bbox 1803 2955 1877 3014; x_wconf 88' lang='lat' dir='ltr'><strong>te</strong></span> <span class='ocrx_word' id='word_1_190' title='bbox 1910 2955 2317 3039; x_wconf 85' lang='lat' dir='ltr'><strong>separatum</strong></span> <span class='ocrx_word' id='word_1_191' title='bbox 2337 2995 2358 3026; x_wconf 93' lang='lat'><strong>,</strong></span> <span class='ocrx_word' id='word_1_192' title='bbox 2390 2944 2497 3012; x_wconf 89' lang='lat' dir='ltr'><strong>ni-</strong></span> 
     </span>
     <span class='ocr_line' id='line_1_25' title="bbox 360 3047 2497 3147; baseline 0.002 -31"><span class='ocrx_word' id='word_1_193' title='bbox 360 3047 465 3118; x_wconf 91' lang='lat' dir='ltr'><strong>hil</strong></span> <span class='ocrx_word' id='word_1_194' title='bbox 495 3049 802 3146; x_wconf 89' lang='lat' dir='ltr'><strong>amplius</strong></span> <span class='ocrx_word' id='word_1_195' title='bbox 833 3050 1315 3122; x_wconf 87' lang='lat' dir='ltr'><strong>desiderarem</strong></span> <span class='ocrx_word' id='word_1_196' title='bbox 1349 3051 1492 3122; x_wconf 89' lang='lat' dir='ltr'><strong>hoc</strong></span> <span class='ocrx_word' id='word_1_197' title='bbox 1522 3065 1713 3123; x_wconf 86' lang='lat' dir='ltr'><strong>statu</strong></span> <span class='ocrx_word' id='word_1_198' title='bbox 1732 3105 1753 3140; x_wconf 88' lang='lat'><strong>,</strong></span> <span class='ocrx_word' id='word_1_199' title='bbox 1788 3053 1919 3147; x_wconf 92' lang='lat' dir='ltr'><strong>qui</strong></span> <span class='ocrx_word' id='word_1_200' title='bbox 1949 3049 2127 3121; x_wconf 90' lang='lat' dir='ltr'><strong>mihi</strong></span> <span class='ocrx_word' id='word_1_201' title='bbox 2158 3050 2307 3145; x_wconf 89' lang='lat' dir='ltr'><strong>jam</strong></span> <span class='ocrx_word' id='word_1_202' title='bbox 2338 3073 2497 3146; x_wconf 89' lang='lat' dir='ltr'><strong>par-</strong></span> 
     </span>
     <span class='ocr_line' id='line_1_26' title="bbox 363 3159 2496 3246; baseline 0.001 -18"><span class='ocrx_word' id='word_1_203' title='bbox 363 3172 481 3228; x_wconf 87' lang='lat' dir='ltr'><strong>tus</strong></span> <span class='ocrx_word' id='word_1_204' title='bbox 514 3170 640 3229; x_wconf 90' lang='lat' dir='ltr'><strong>est.</strong></span> <span class='ocrx_word' id='word_1_205' title='bbox 681 3163 892 3230; x_wconf 90' lang='lat' dir='ltr'><strong>Nunc</strong></span> <span class='ocrx_word' id='word_1_206' title='bbox 925 3185 1099 3231; x_wconf 87' lang='lat' dir='ltr'><strong>vero</strong></span> <span class='ocrx_word' id='word_1_207' title='bbox 1140 3185 1256 3233; x_wconf 88' lang='lat' dir='ltr'><strong>res</strong></span> <span class='ocrx_word' id='word_1_208' title='bbox 1292 3165 1394 3232; x_wconf 90' lang='lat' dir='ltr'><strong>sic</strong></span> <span class='ocrx_word' id='word_1_209' title='bbox 1426 3185 1581 3232; x_wconf 88' lang='lat' dir='ltr'><strong>sese</strong></span> <span class='ocrx_word' id='word_1_210' title='bbox 1617 3159 1841 3233; x_wconf 86' lang='lat' dir='ltr'><strong>habet</strong></span> <span class='ocrx_word' id='word_1_211' title='bbox 1862 3215 1882 3246; x_wconf 92' lang='lat'><strong>,</strong></span> <span class='ocrx_word' id='word_1_212' title='bbox 1922 3174 2003 3231; x_wconf 87' lang='lat' dir='ltr'><strong>ut</strong></span> <span class='ocrx_word' id='word_1_213' title='bbox 2025 3213 2045 3246; x_wconf 93' lang='lat'><strong>,</strong></span> <span class='ocrx_word' id='word_1_214' title='bbox 2082 3161 2217 3230; x_wconf 89' lang='lat' dir='ltr'><strong>nisi</strong></span> <span class='ocrx_word' id='word_1_215' title='bbox 2252 3160 2496 3231; x_wconf 89' lang='lat' dir='ltr'><strong>omnia</strong></span> 
     </span>
     <span class='ocr_line' id='line_1_27' title="bbox 361 3265 2489 3368; baseline 0 -30"><span class='ocrx_word' id='word_1_216' title='bbox 361 3281 488 3339; x_wconf 87' lang='lat' dir='ltr'><strong>tua</strong></span> <span class='ocrx_word' id='word_1_217' title='bbox 515 3265 700 3339; x_wconf 87' lang='lat' dir='ltr'><strong>facta</strong></span> <span class='ocrx_word' id='word_1_218' title='bbox 727 3283 946 3364; x_wconf 88' lang='lat' dir='ltr'><strong>atque</strong></span> <span class='ocrx_word' id='word_1_219' title='bbox 975 3269 1164 3340; x_wconf 86' lang='lat' dir='ltr'><strong>dicta</strong></span> <span class='ocrx_word' id='word_1_220' title='bbox 1189 3271 1452 3342; x_wconf 88' lang='lat' dir='ltr'><strong>nostris</strong></span> <span class='ocrx_word' id='word_1_221' title='bbox 1486 3271 1707 3343; x_wconf 89' lang='lat' dir='ltr'><strong>rebus</strong></span> <span class='ocrx_word' id='word_1_222' title='bbox 1736 3273 1947 3342; x_wconf 88' lang='lat' dir='ltr'><strong>istinc</strong></span> <span class='ocrx_word' id='word_1_223' title='bbox 1976 3268 2489 3368; x_wconf 86' lang='lat' dir='ltr'><strong>respondeant,</strong></span> 
     </span>
     <span class='ocr_line' id='line_1_28' title="bbox 363 3379 2488 3479; baseline 0.001 -31"><span class='ocrx_word' id='word_1_224' title='bbox 363 3402 668 3474; x_wconf 80' lang='lat' dir='ltr'><strong>eg0.me</strong></span> <span class='ocrx_word' id='word_1_225' title='bbox 723 3380 903 3450; x_wconf 87' lang='lat' dir='ltr'><strong>meis</strong></span> <span class='ocrx_word' id='word_1_226' title='bbox 957 3382 1166 3450; x_wconf 88' lang='lat' dir='ltr'><strong>tantis</strong></span> <span class='ocrx_word' id='word_1_227' title='bbox 1225 3380 1643 3469; x_wconf 89' lang='lat' dir='ltr'><strong>laboribus,</strong></span> <span class='ocrx_word' id='word_1_228' title='bbox 1693 3383 2061 3479; x_wconf 86' lang='lat' dir='ltr'><strong>tantisque</strong></span> <span class='ocrx_word' id='word_1_229' title='bbox 2113 3379 2488 3479; x_wconf 89' lang='lat' dir='ltr'><strong>periculis,</strong></span> 
     </span>
     <span class='ocr_line' id='line_1_29' title="bbox 361 3489 2491 3596; baseline 0.002 -39"><span class='ocrx_word' id='word_1_230' title='bbox 361 3511 682 3584; x_wconf 90' lang='lat' dir='ltr'><strong>quorum</strong></span> <span class='ocrx_word' id='word_1_231' title='bbox 746 3501 828 3557; x_wconf 88' lang='lat' dir='ltr'><strong>tu</strong></span> <span class='ocrx_word' id='word_1_232' title='bbox 897 3492 1227 3596; x_wconf 83' lang='lat' dir='ltr'><strong>omnium</strong></span> <span class='ocrx_word' id='word_1_233' title='bbox 1278 3491 1640 3589; x_wconf 86' lang='lat' dir='ltr'><strong>particeps</strong></span> <span class='ocrx_word' id='word_1_234' title='bbox 1703 3489 1941 3579; x_wconf 86' lang='lat' dir='ltr'><strong>fuisti,</strong></span> <span class='ocrx_word' id='word_1_235' title='bbox 1996 3490 2178 3562; x_wconf 91' lang='lat' dir='ltr'><strong>nihil</strong></span> <span class='ocrx_word' id='word_1_236' title='bbox 2238 3514 2491 3562; x_wconf 87' lang='lat' dir='ltr'><strong>conse-</strong></span> 
     </span>
    </p>
   </div>
   <div class='ocr_carea' id='block_1_3' title="bbox 357 3644 2499 4194">
    <p class='ocr_par' dir='ltr' id='par_1_4' title="bbox 357 3644 2499 4194">
     <span class='ocr_line' id='line_1_30' title="bbox 431 3644 2485 3714; baseline 0.002 -20"><span class='ocrx_word' id='word_1_237' title='bbox 431 3661 516 3710; x_wconf 79' lang='lat'><strong>9²·</strong></span> <span class='ocrx_word' id='word_1_238' title='bbox 563 3644 822 3695; x_wconf 74' lang='lat' dir='ltr'><strong>Theatrum</strong></span> <span class='ocrx_word' id='word_1_239' title='bbox 864 3646 958 3694; x_wconf 76' lang='lat' dir='ltr'><strong>tuis</strong></span> <span class='ocrx_word' id='word_1_240' title='bbox 1003 3647 1270 3697; x_wconf 75' lang='lat' dir='ltr'><strong>virtutibus</strong></span> <span class='ocrx_word' id='word_1_241' title='bbox 1305 3661 1379 3698; x_wconf 79' lang='lat' dir='ltr'><strong>ese</strong></span> <span class='ocrx_word' id='word_1_242' title='bbox 1463 3649 1688 3701; x_wconf 80' lang='lat' dir='ltr'><strong>Lambin.</strong></span> <span class='ocrx_word' id='word_1_243' title='bbox 1710 3649 1906 3698; x_wconf 80' lang='lat' dir='ltr'><strong>Lnllem.</strong></span> <span class='ocrx_word' id='word_1_244' title='bbox 1928 3647 1993 3697; x_wconf 78' lang='lat' dir='ltr'><strong>al.</strong></span> <span class='ocrx_word' id='word_1_245' title='bbox 2015 3651 2140 3698; x_wconf 80' lang='lat' dir='ltr'><strong>Sunt</strong></span> <span class='ocrx_word' id='word_1_246' title='bbox 2174 3650 2260 3714; x_wconf 84' lang='lat' dir='ltr'><strong>qui</strong></span> <span class='ocrx_word' id='word_1_247' title='bbox 2288 3650 2485 3714; x_wconf 78' lang='lat' dir='ltr'><strong>legant,</strong></span> 
     </span>
     <span class='ocr_line' id='line_1_31' title="bbox 358 3725 2487 3790; baseline 0.001 -16"><span class='ocrx_word' id='word_1_248' title='bbox 358 3725 548 3774; x_wconf 75' lang='lat' dir='ltr'><strong>datum.</strong></span> <span class='ocrx_word' id='word_1_249' title='bbox 569 3727 746 3789; x_wconf 71' lang='lat' dir='ltr'><strong>Magna</strong></span> <span class='ocrx_word' id='word_1_250' title='bbox 772 3737 847 3776; x_wconf 81' lang='lat' dir='ltr'><strong>est</strong></span> <span class='ocrx_word' id='word_1_251' title='bbox 869 3727 970 3776; x_wconf 85' lang='lat' dir='ltr'><strong>loci</strong></span> <span class='ocrx_word' id='word_1_252' title='bbox 999 3727 1145 3790; x_wconf 68' lang='lat' dir='ltr'><strong>hujus</strong></span> <span class='ocrx_word' id='word_1_253' title='bbox 1172 3729 1376 3777; x_wconf 77' lang='lat' dir='ltr'><strong>varietas</strong></span> <span class='ocrx_word' id='word_1_254' title='bbox 1467 3749 1491 3772; x_wconf 78' lang='grc' dir='ltr'>ι</span> <span class='ocrx_word' id='word_1_255' title='bbox 1508 3728 1751 3790; x_wconf 76' lang='lat' dir='ltr'><strong>ejusmodi</strong></span> <span class='ocrx_word' id='word_1_256' title='bbox 1781 3728 2025 3778; x_wconf 74' lang='lat' dir='ltr'><strong>theatrum</strong></span> <span class='ocrx_word' id='word_1_257' title='bbox 2060 3729 2215 3777; x_wconf 81' lang='lat' dir='ltr'><strong>totius</strong></span> <span class='ocrx_word' id='word_1_258' title='bbox 2238 3731 2370 3778; x_wconf 74' lang='lat' dir='ltr'><strong>Asioe</strong></span> <span class='ocrx_word' id='word_1_259' title='bbox 2390 3731 2487 3777; x_wconf 83' lang='lat' dir='ltr'><strong>vir·</strong></span> 
     </span>
     <span class='ocr_line' id='line_1_32' title="bbox 357 3805 2480 3871; baseline 0.002 -17"><span class='ocrx_word' id='word_1_260' title='bbox 357 3816 410 3854; x_wconf 78' lang='lat' dir='ltr'><strong>et</strong></span> <span class='ocrx_word' id='word_1_261' title='bbox 429 3805 757 3870; x_wconf 64' lang='lat' dir='ltr'><strong>pet-turbatim</strong></span> <span class='ocrx_word' id='word_1_262' title='bbox 779 3806 912 3869; x_wconf 85' lang='lat' dir='ltr'><strong>quod</strong></span> <span class='ocrx_word' id='word_1_263' title='bbox 934 3806 1160 3855; x_wconf 79' lang='lat' dir='ltr'><strong>librarius</strong></span> <span class='ocrx_word' id='word_1_264' title='bbox 1177 3806 1378 3871; x_wconf 65' lang='lat' dir='ltr'><strong>quidam</strong></span> <span class='ocrx_word' id='word_1_265' title='bbox 1465 3809 1650 3857; x_wconf 81' lang='lat' dir='ltr'><strong>tutibus</strong></span> <span class='ocrx_word' id='word_1_266' title='bbox 1672 3819 1746 3856; x_wconf 76' lang='lat' dir='ltr'><strong>est</strong></span> <span class='ocrx_word' id='word_1_267' title='bbox 1770 3807 1937 3856; x_wconf 67' lang='lat' dir='ltr'><strong>datum</strong></span> <span class='ocrx_word' id='word_1_268' title='bbox 1954 3829 1980 3850; x_wconf 71' lang='lat' dir='ltr'><strong>a</strong></span> <span class='ocrx_word' id='word_1_269' title='bbox 1998 3841 2014 3866; x_wconf 96' lang='lat'><strong>,</strong></span> <span class='ocrx_word' id='word_1_270' title='bbox 2056 3807 2135 3854; x_wconf 78' lang='lat' dir='ltr'><strong>vel</strong></span> <span class='ocrx_word' id='word_1_271' title='bbox 2154 3843 2170 3868; x_wconf 90' lang='lat'><strong>,</strong></span> <span class='ocrx_word' id='word_1_272' title='bbox 2208 3819 2263 3856; x_wconf 86' lang='lat' dir='ltr'><strong>ut</strong></span> <span class='ocrx_word' id='word_1_273' title='bbox 2287 3811 2480 3859; x_wconf 77' lang='lat' dir='ltr'><strong>Ernest-</strong></span> 
     </span>
     <span class='ocr_line' id='line_1_33' title="bbox 358 3883 2499 3950; baseline 0.001 -16"><span class='ocrx_word' id='word_1_274' title='bbox 358 3899 451 3950; x_wconf 78' lang='lat' dir='ltr'><strong>pro</strong></span> <span class='ocrx_word' id='word_1_275' title='bbox 477 3883 571 3932; x_wconf 65' lang='lat' dir='ltr'><strong>eui:</strong></span> <span class='ocrx_word' id='word_1_276' title='bbox 591 3885 860 3950; x_wconf 71' lang='lat' dir='ltr'><strong>reposuerit</strong></span> <span class='ocrx_word' id='word_1_277' title='bbox 878 3884 1056 3944; x_wconf 76' lang='lat' dir='ltr'><strong>totius,-</strong></span> <span class='ocrx_word' id='word_1_278' title='bbox 1092 3885 1216 3934; x_wconf 76' lang='lat' dir='ltr'><strong>nlius</strong></span> <span class='ocrx_word' id='word_1_279' title='bbox 1236 3886 1378 3935; x_wconf 70' lang='lat' dir='ltr'><strong>addi·</strong></span> <span class='ocrx_word' id='word_1_280' title='bbox 1476 3910 1498 3932; x_wconf 78' lang='grc' dir='ltr'>ι</span> <span class='ocrx_word' id='word_1_281' title='bbox 1518 3887 1758 3948; x_wconf 74' lang='lat' dir='ltr'><strong>eiusmodi</strong></span> <span class='ocrx_word' id='word_1_282' title='bbox 1782 3887 2023 3936; x_wconf 68' lang='lat' dir='ltr'><strong>theatrum</strong></span> <span class='ocrx_word' id='word_1_283' title='bbox 2050 3897 2123 3935; x_wconf 75' lang='lat' dir='ltr'><strong>est</strong></span> <span class='ocrx_word' id='word_1_284' title='bbox 2156 3887 2307 3936; x_wconf 70' lang='lat' dir='ltr'><strong>totius</strong></span> <span class='ocrx_word' id='word_1_285' title='bbox 2333 3890 2499 3950; x_wconf 71' lang='lat' dir='ltr'><strong>Asiae,</strong></span> 
     </span>
     <span class='ocr_line' id='line_1_34' title="bbox 361 3961 1960 4020; baseline 0.005 -12"><span class='ocrx_word' id='word_1_286' title='bbox 361 3961 488 4019; x_wconf 66' lang='lat' dir='ltr'><strong>dei-it</strong></span> <span class='ocrx_word' id='word_1_287' title='bbox 509 3961 811 4020; x_wconf 55' lang='lat' dir='ltr'><strong>adsies-nlius</strong></span> <span class='ocrx_word' id='word_1_288' title='bbox 828 3963 964 4010; x_wconf 82' lang='lat' dir='ltr'><strong>aliter</strong></span> <span class='ocrx_word' id='word_1_289' title='bbox 991 3963 1136 4012; x_wconf 81' lang='lat' dir='ltr'><strong>verba</strong></span> <span class='ocrx_word' id='word_1_290' title='bbox 1165 3965 1378 4014; x_wconf 84' lang='lat' dir='ltr'><strong>inverte·</strong></span> <span class='ocrx_word' id='word_1_291' title='bbox 1466 3967 1562 4016; x_wconf 84' lang='lat' dir='ltr'><strong>cel.</strong></span> <span class='ocrx_word' id='word_1_292' title='bbox 1593 3967 1682 4016; x_wconf 79' lang='lat' dir='ltr'><strong>ref.</strong></span> <span class='ocrx_word' id='word_1_293' title='bbox 1697 3989 1721 4009; x_wconf 75' lang='lat'><strong>.-</strong></span> <span class='ocrx_word' id='word_1_294' title='bbox 1745 3967 1795 4016; x_wconf 84' lang='lat' dir='ltr'><strong>J.</strong></span> <span class='ocrx_word' id='word_1_295' title='bbox 1816 3968 1879 4015; x_wconf 81' lang='lat' dir='ltr'><strong>V.</strong></span> <span class='ocrx_word' id='word_1_296' title='bbox 1906 3967 1960 4016; x_wconf 81' lang='lat' dir='ltr'><strong>L.</strong></span> 
     </span>
     <span class='ocr_line' id='line_1_35' title="bbox 361 4040 2489 4109; baseline 0.004 -21"><span class='ocrx_word' id='word_1_297' title='bbox 361 4040 444 4100; x_wconf 67' lang='lat' dir='ltr'><strong>rit.</strong></span> <span class='ocrx_word' id='word_1_298' title='bbox 472 4041 578 4104; x_wconf 77' lang='lat' dir='ltr'><strong>Ego</strong></span> <span class='ocrx_word' id='word_1_299' title='bbox 596 4052 830 4106; x_wconf 74' lang='lat' dir='ltr'><strong>sequutus</strong></span> <span class='ocrx_word' id='word_1_300' title='bbox 851 4059 990 4101; x_wconf 79' lang='lat' dir='ltr'><strong>sum,</strong></span> <span class='ocrx_word' id='word_1_301' title='bbox 1013 4059 1123 4108; x_wconf 68' lang='lat' dir='ltr'><strong>quae</strong></span> <span class='ocrx_word' id='word_1_302' title='bbox 1151 4045 1382 4108; x_wconf 76' lang='lat' dir='ltr'><strong>probavit</strong></span> <span class='ocrx_word' id='word_1_303' title='bbox 1540 4047 1629 4108; x_wconf 68' lang='lat'><strong>93,</strong></span> <span class='ocrx_word' id='word_1_304' title='bbox 1661 4045 1774 4093; x_wconf 76' lang='lat' dir='ltr'><strong>Em·</strong></span> <span class='ocrx_word' id='word_1_305' title='bbox 1806 4061 1914 4093; x_wconf 79' lang='lat' dir='ltr'><strong>mea</strong></span> <span class='ocrx_word' id='word_1_306' title='bbox 1943 4061 2089 4109; x_wconf 76' lang='lat' dir='ltr'><strong>pars,</strong></span> <span class='ocrx_word' id='word_1_307' title='bbox 2118 4059 2213 4104; x_wconf 75' lang='lat' dir='ltr'><strong>etc·</strong></span> <span class='ocrx_word' id='word_1_308' title='bbox 2241 4047 2414 4096; x_wconf 71' lang='lat' dir='ltr'><strong>Multis</strong></span> <span class='ocrx_word' id='word_1_309' title='bbox 2440 4057 2489 4096; x_wconf 77' lang='lat' dir='ltr'><strong>ee</strong></span> 
     </span>
     <span class='ocr_line' id='line_1_36' title="bbox 362 4117 1958 4194; baseline 0.004 -26"><span class='ocrx_word' id='word_1_310' title='bbox 362 4117 612 4168; x_wconf 73' lang='lat' dir='ltr'><strong>Manutius</strong></span> <span class='ocrx_word' id='word_1_311' title='bbox 640 4121 712 4188; x_wconf 80' lang='lat' dir='ltr'><strong>(et</strong></span> <span class='ocrx_word' id='word_1_312' title='bbox 738 4120 1000 4174; x_wconf 60' lang='lat' dir='ltr'><strong>lambino·</strong></span> <span class='ocrx_word' id='word_1_313' title='bbox 1019 4122 1290 4194; x_wconf 81' lang='lat' dir='ltr'><strong>edidit).-</strong></span> <span class='ocrx_word' id='word_1_314' title='bbox 1300 4125 1380 4176; x_wconf 77' lang='lat' dir='ltr'><strong>sio</strong></span> <span class='ocrx_word' id='word_1_315' title='bbox 1468 4123 1729 4174; x_wconf 78' lang='lat' dir='ltr'><strong>delendum</strong></span> <span class='ocrx_word' id='word_1_316' title='bbox 1748 4124 1958 4176; x_wconf 78' lang='lat' dir='ltr'><strong>videtur.</strong></span> 
     </span>
    </p>
   </div>
  </div>
 </body>
</html>
