3019 4681
645 386 1164 461 EPISTOLAE
1213 388 1346 456 AD
1395 388 2173 475 ATTIGUM‚V111‚
2222 414 2290 487 9.
2447 417 2531 461 αι
2622 480 2633 487 μ

405 508 588 611 quid
626 510 778 582 haec
813 510 1056 581 nunc?
1088 511 1362 579 utinam
1403 509 1679 607 aliquid
1718 507 2125 607 profectum
2160 510 2379 582 esset!
2416 518 2549 585 Nae

409 646 542 719 ego
575 622 743 692 istas
778 620 1015 691 literas
1051 623 1128 689 in
1154 620 1508 691 concione
1540 621 1819 693 recitari
1852 617 2065 690 velim
2092 646 2112 709 ;
2156 622 2213 691 si
2246 622 2543 718 quidem

407 734 528 805 ille
564 736 762 832 ipse⁷
799 732 892 803 ad
936 730 1272 807 eumdem
1330 730 1651 803 scribens
1690 735 1767 802 in
1822 730 2121 829 publico
2162 738 2545 831 proposuit

407 844 784 941 epistolam
831 842 1060 930 illam,
1110 843 1187 913 in
1233 867 1379 941 qua
1399 856 1538 928 est,
1582 870 1617 907 α
1659 865 1795 941 pro
1844 844 1985 912 tuis
2004 836 2041 887 δ’
2074 842 2295 914 rebus
2327 846 2543 941 gestis

408 952 860 1045 amplissimis
890 979 906 1023 ε
939 982 973 1019 ιο
1005 951 1572 1050 amplioribusne
1592 1006 1611 1039 ‚
1644 975 1863 1049 quam
1896 955 2069 1043 suiS‚
2097 976 2319 1050 quam
2353 952 2545 1025 Afri·
2622 1018 2627 1021 .

407 1063 724 1134 caniPita
755 1076 1142 1161 tempestas
1187 1061 1485 1135 ferebat.
1523 1065 1597 1133 Si
1630 1062 1925 1159 quidem
1948 1066 2160 1133 etiam
2184 1075 2357 1135 vos9
2392 1065 2550 1137 duo

407 1172 583 1245 tales
617 1171 710 1244 ad
758 1174 1096 1269 quintum
1141 1166 1601 1244 milliarium:
1664 1170 1883 1270 quid,
1934 1184 2217 1245 nunc¹⁰
2264 1166 2503 1274 ipsum
2532 1232 2553 1266 ‚

407 1282 605 1355 unde
643 1306 719 1355 se
733 1284 1154 1381 recipienti?
1183 1283 1364 1381 quid
1388 1284 1689 1380 agenti?
1729 1282 1907 1381 quid
1944 1287 2241 1357 acturo?
2269 1302 2551 1384 quanto

407 1408 652 1465 autem
689 1390 1003 1465 ferocius
1049 1391 1168 1464 ille
1219 1416 1446 1465 causas·
1507 1416 1651 1464 suae
1694 1390 2047 1481 confidet,
2108 1418 2339 1492 quum
2375 1422 2505 1468 vos
2531 1452 2557 1487 ,

409 1528 640 1602 quum
673 1506 892 1575 vestri
923 1502 1189 1575 similes
1232 1527 1384 1574 non
1425 1501 1646 1573 modo
1700 1500 2159 1598 frequentem
2205 1504 2334 1577 sed
2383 1504 2546 1578 laeto

406 1616 615 1687 vultu
657 1614 1095 1712 gratulantes
1151 1612 1470 1684 viderit?
1503 1616 1699 1684 Num
1756 1614 1976 1710 igitur
1996 1622 2051 1655 ¹¹
2108 1617 2549 1710 peccamus?

408 1726 708 1797 Minime
729 1750 860 1795 vos
887 1722 1204 1821 quidem.
1235 1722 1376 1795 Sed
1402 1739 1645 1795 tamen
1674 1722 1877 1819 signa
1900 1720 2437 1795 conturbantur
2457 1738 2555 1801 ¹²

407 1832 677 1931 quibus
736 1834 1070 1905 voluntas
1098 1858 1139 1904 a
1173 1832 1627 1903 simulatione
1664 1832 2005 1929 distingui
2052 1848 2315 1930 posset.
2367 1836 2548 1923 Quae

406 1968 582 2015 vero
615 1940 676 1989 ¹³
714 1944 1334 2016 senatusconsulta
1381 1941 1593 2014 video
1622 1941 1651 2012 Ρ
1687 1942 1826 2012 Sed
1853 1944 2281 2038 apertiusm,
2326 1968 2543 2039 quam

407 2078 952 2153 proposueram.
982 2059 1138 2151 Ego
1177 2052 1425 2151 Arpini
1467 2050 1635 2123 volo
1666 2075 1821 2121 esse
1852 2049 2081 2147 pridie
2114 2049 2251 2122 kal.
2284 2051 2549 2123 deinde

410 2167 684 2237 circum
704 2164 984 2236 villulas
1007 2178 1287 2235 nostras
1315 2187 1573 2252 errare,
1591 2186 1773 2260 quas
1802 2162 2125 2233 visurum
2148 2188 2273 2235 me
2296 2179 2557 2262 postea·

410 2274 810 2375 desperavi.

513 2389 749 2481 Εὐγενῆ
767 2380 834 2428 ¹⁵
857 2396 984 2453 tua
1011 2383 1340 2472 consilia,
1377 2397 1451 2453 et
1479 2396 1723 2453 tamen
1760 2357 1896 2479 pro
1919 2284 2369 2479 temporibus
2395 2405 2555 2454 nou

410 2494 732 2582 incauta,
771 2491 952 2563 mihi
989 2491 1198 2564 valde
1231 2491 1653 2590 probantur
1692 2488 1970 2587 Lepido
2002 2489 2297 2586 quidem
2332 2492 2551 2588 (nam

411 2597 564 2672 fere
591 2593 1129 2696 συνδιημερεύομεν
1156 2595 1221 2678 ῐθ
1251 2625 1270 2666 2
1305 2595 1504 2694 quod
1536 2597 2015 2694 gratissimum
2041 2596 2143 2668 illi
2171 2599 2553 2690 est)*num··

413 2734 632 2808 quam
684 2710 956 2808 placuit
1021 2735 1112 2780 ex
1160 2708 1362 2780 Italia
1411 2709 1639 2793 exire,
1675 2705 1963 2777 ΤυΙΙο17
2001 2708 2232 2778 multo
2289 2709 2545 2784 minus.

413 2818 689 2891 Crebro
705 2823 896 2890 enim
925 2819 1115 2892 illius
1141 2818 1384 2907 literae,
1400 2817 1492 2889 ab
1522 2816 1675 2888 aliis
1696 2814 1784 2886 ad
1807 2841 1941 2886 nos
1970 2834 2399 2893 commeant..
2414 2819 2559 2895 Sed

410 2951 528 2998 me
567 2926 858 2999 illorum
895 2930 1270 3012 sententiae
1302 2929 1545 2998 minus
1572 2925 1963 3008 movebant
2009 2955 2025 2998 ε
2064 2929 2303 3002 minus
2330 2930 2557 3018 multa

412 3035 758 3110 dederant
792 3038 895 3110 illi
936 3039 1348 3137 reipublicae
1395 3042 1723 3136 pignora.
1772 3040 1926 3108 Tua
1973 3038 2383 3114 mehercule
2423 3065 2553 3112 au-

485 3289 534 3334 7.
561 3273 648 3320 1110
672 3273 788 3338 ipse.
813 3272 1296 3338 Pompeiue'ncilicet.
1527 3288 1584 3320 ea
1607 3271 1675 3320 ite
1701 3270 2059 3320 conturbantur
2076 3270 2175 3318 hoc
2199 3269 2371 3319 officio
2388 3285 2551 3337 gratu·

484 3347 538 3400 8.
560 3353 658 3400 Pro
687 3353 800 3400 mis.
829 3352 948 3401 Vid.
975 3351 1062 3399 lib.
1077 3353 1174 3398 vn
1193 3385 1208 3410 ‚
1246 3367 1325 3414 ep.
1345 3357 1434 3406 24.
1527 3350 1750 3408 lationis,
1770 3361 1827 3398 ut
1846 3347 2205 3396 internoscendi
2229 3349 2431 3399 facultas
2448 3368 2555 3407 uon

484 3445 534 3493 9.
561 3433 658 3478 Vos
675 3431 792 3479 duo.
809 3432 912 3486 Tu,
945 3441 994 3478 et
1018 3431 1129 3479 Sex.
1145 3430 1439 3478 Peducaeus:
1531 3429 1687 3479 detur.
1706 3429 1849 3478 Mur.

413 3509 500 3572 qui
538 3509 712 3558 Caeeari
744 3511 953 3557 Romam
991 3510 1206 3558 venienti
1246 3509 1448 3557 obviam
1584 3511 1691 3558 .13.
1717 3510 1839 3571 Quoe
1866 3523 2005 3556 vem.
2032 3505 2191 3554 Video
2210 3507 2343 3566 ibre,
2379 3519 2438 3558 1η
2460 3511 2553 3568 SC.

411 3588 612 3652 prodire
631 3590 692 3638 ad
707 3590 934 3654 quintum
959 3589 1234 3638 milliarium
1253 3589 1442 3652 cogita·
1530 3585 1641 3646 fiat,
1658 3585 1934 3648 eujusmodi
1948 3585 2111 3634 emar
2126 3583 2358 3636 voluerit.

413 3667 495 3716 tie.
521 3669 664 3717 Man.
1608 3663 1948 3727 14.Apereins.
1967 3664 2175 3730 supple,
2200 3665 2380 3714 scribo.

492 3763 569 3796 10.
585 3749 733 3795 Nunc
749 3745 921 3812 ipsum.
933 3751 1045 3796 Hoc
1065 3747 1175 3812 ipso
1195 3756 1439 3809 tempore.
1608 3743 1693 3795 15.
1721 3744 1917 3812 Esqm‘z.
1936 3743 2179 3791 Generosa
2197 3778 2213 3804 ‚
2244 3744 2447 3797 nobilia.

413 3825 560 3874 Nune
585 3826 737 3890 ipsum
764 3827 892 3875 enim
923 3828 1034 3893 plue
1064 3826 1188 3873 valet
1219 3824 1282 3873 ad
1308 3824 1442 3872 indi·
1610 3824 1689 3872 ιδ.
1734 3817 2180 3890 Συνδιημεριὺομιν.
2224 3824 2366 3872 Diem
2412 3829 2557 3877 simul

416 3903 630 3953 candum
652 3923 801 3970 quem
827 3921 974 3955 nunc.
997 3909 1154 3954 luxu.
1534 3903 1852 3952 conterimus.
1890 3903 2009 3950 Fere
2044 3902 2269 3965 quotidie
2301 3905 2447 3953 simul
2472 3923 2558 3974 su·-

399 3985 408 4005 “
494 4000 515 4032 ι
531 4001 574 4032 1.
595 3985 728 4034 Num
757 3985 920 4052 igitur.
940 3987 1071 4049 Ego,
1101 3984 1294 4033 Atticus
1309 4020 1326 4048 ,
1345 3993 1444 4032 etc·
1534 3997 1660 4030 mus.
1690 3983 1843 4030 Erant
1865 3981 1993 4029 enim
2023 3982 2190 4030 vicini.
2218 3983 2309 4030 En.

493 4079 578 4111 ια.
616 4065 994 4113 Canem-bantur.
1021 4065 1144 4126 Qua
1182 4065 1319 4127 signa
1353 4077 1448 4110 vo·
1612 4075 1692 4123 17.
1728 4061 1883 4108 Tullo.
1918 4061 1971 4108 1..
1992 4059 2221 4108 Volo-tio
2256 4061 2426 4128 Tullo,
2474 4065 2561 4128 qul

415 4141 652 4192 luntatem
669 4159 698 4192 a
724 4144 1030 4194 simulatione
1058 4144 1410 4208 distinguerent
1428 4175 1446 4200 ,
1537 4139 1709 4189 consul
1733 4140 1825 4188 fuit
1845 4155 1961 4188 eum
1986 4138 2074 4188 Μ’.
2104 4139 2297 4188 AEmilio
2323 4142 2529 4206 Lepido.
