3019 4681
484 315 627 410 274
1122 315 1219 384 Μ.
1270 315 1349 382 Τ.
1402 309 1960 383 CICERONIS

478 461 627 506 non
656 458 808 506 esse
838 435 1063 532 ipsius
1078 429 1131 503 ³.
1163 431 1351 503 Illud
1372 447 1614 504 autem
1635 485 1655 521 ,
1683 430 1886 528 quod
1911 411 2066 502 for⁸e
2091 431 2341 519 vide0‚
2371 437 2604 534 ipsum

477 543 647 618 volo
678 546 895 616 vitare
914 599 935 632 ,
973 569 1069 615 ne
1102 543 1237 615 illae
1275 542 1365 614 ad
1394 567 1512 613 me
1543 545 1857 614 veniant.
1897 543 1986 610 Et
2014 565 2164 612 una
2199 559 2310 614 est
2335 548 2608 632 vitatio,

478 671 563 726 ut
602 679 739 752 ego
782 654 1012 726 nolim
1029 659 1083 723 4.
1136 652 1275 724 Sed
1313 677 1604 724 necesse
1651 667 1776 722 est.
1825 657 1925 724 Te
1979 650 2122 722 hoc
2155 677 2354 724 nunc
2383 678 2608 752 rogo,

480 779 563 835 ut
604 763 971 863 explores»,
1022 761 1112 833 ad
1154 787 1375 860 quam
1418 763 1608 834 diem
1665 761 1784 832 hic
1830 763 1928 831 ita
1972 765 2242 859 possim
2289 785 2484 852 esse,
2527 778 2610 835 ut

480 899 576 946 ne
608 877 980 973 opprimar
1004 869 1055 943 ⁵.
1096 875 1316 970 AgeS,
1358 887 1443 944 ut
1478 871 1768 960 scribis,
1809 886 2229 968 temperate.
2278 874 2612 944 Ciceroni

479 987 695 1056 velim
740 983 882 1054 hoe
924 1007 1326 1081 proponas,
1362 987 1461 1054 ita
1502 996 1781 1069 tamen,
1815 985 1872 1054 si
1909 981 2043 1053 tibi
2085 1007 2234 1053 non
2275 985 2610 1081 iniquum

480 1093 864 1178 videbitur,
902 1107 987 1162 ut
1024 1108 1358 1190 sumptus
1393 1091 1609 1189 hujus
1640 1093 2280 1189 peregrinationiS,
2308 1091 2610 1190 quibuS‚

481 1207 541 1274 si
578 1209 821 1273 Romae
858 1217 1075 1291 esset,
1116 1202 1572 1301 domumque
1616 1203 2090 1292 conduceret,
2135 1203 2337 1300 quod
2379 1201 2612 1276 facere

405 1355 420 1363 -
482 1310 914 1410 cogitabat⁶,
936 1311 1143 1384 facile
1170 1327 1557 1385 contentus
1579 1309 1868 1383 futurus
1893 1326 2080 1401 erat,
2115 1313 2613 1385 accommodet

482 1423 574 1494 ad
612 1420 979 1494 mercedes
1006 1423 1301 1521 Argileti
1322 1433 1349 1478 ⁷
1385 1437 1459 1494 et
1484 1423 1860 1494 Aventini:
1897 1436 1970 1494 et
2004 1447 2234 1520 quum
2259 1423 2326 1494 ei
2349 1447 2615 1521 propo-

480 1536 707 1608 sueris
730 1589 750 1621 ,
784 1535 941 1631 ipse
980 1532 1195 1604 velim
1228 1534 1509 1631 reliqua
1545 1532 1958 1620 moderere,
1997 1532 2615 1630 quemadmodum

478 1669 568 1714 ex
614 1644 699 1713 iis
749 1639 1205 1714 mercedibus
1257 1641 1802 1741 suppeditemus
1853 1643 1964 1730 ei,
2019 1642 2221 1739 quod
2267 1667 2456 1741 opus
2498 1647 2610 1714 sit.

484 1750 882 1840 Praestabo,
926 1777 1063 1824 nec
1097 1751 1475 1842 Bibulum,
1508 1777 1648 1824 nec
1679 1750 2104 1852 Acidinum,
2145 1775 2284 1823 nec
2329 1752 2618 1824 Messal-

486 1863 664 1950 lam,
710 1887 897 1960 quos
943 1863 1245 1934 Athenis
1296 1862 1584 1934 futuros
1623 1862 1883 1950 audio,
1927 1860 2237 1954 majores
2284 1879 2617 1960 sumptus

488 1973 803 2046 facturos
824 2029 845 2062 ,
897 1998 1117 2071 quam
1170 1973 1375 2073 quod
1424 1999 1514 2045 ex
1565 1976 1667 2046 eis
1703 1971 2157 2044 mercedibus
2205 1974 2617 2070 recipietur.

492 2091 746 2181 Itaque
792 2085 1001 2156 velim
1037 2084 1317 2172 videas,
1350 2085 1706 2182 primum,
1753 2081 2233 2154 conductores
2278 2085 2406 2178 qui
2437 2083 2620 2172 sint,

492 2210 565 2265 et
612 2191 957 2292 quanti⁸;
1002 2194 1311 2283 deinde,
1360 2209 1443 2266 ut
1496 2199 1622 2281 sit,
1671 2195 1799 2292 qui
1835 2192 1925 2264 ad
1978 2191 2170 2264 diem
2209 2193 2470 2277 solvan
2509 2207 2620 2279 et,

492 2303 666 2401 quid
706 2304 1160 2402 viatici,quid
1204 2303 1667 2387 instrumenti
1701 2304 1866 2375 satis
1909 2307 2019 2374 sit.
2051 2307 2394 2375 Jumento
2429 2317 2620 2377 certe

495 2412 794 2485 Athenis
839 2413 1020 2485 nihil
1062 2439 1249 2513 opus
1300 2428 1427 2485 est.
1482 2414 1768 2505 Quibus
1815 2428 2058 2485 autem
2098 2415 2168 2505 in
2205 2415 2314 2485 via
2358 2430 2619 2503 utatur,

498 2524 695 2595 domi
714 2540 883 2596 sunt
898 2525 1142 2623 plura,
1162 2548 1381 2623 quam
1402 2548 1589 2624 opus
1617 2538 1800 2596 erat:
1825 2523 2024 2621 quod
2052 2526 2264 2596 etiam
2285 2540 2368 2596 tu
2395 2530 2620 2595 anim-

498 2633 823 2706 advertiS.

498 2798 662 2847 Elzev.
679 2814 763 2848 ens
786 2798 919 2856 1642
944 2810 1016 2847 εἰ
1034 2808 1236 2847 matrem
1253 2814 1390 2847 susm
1410 2814 1521 2846 enm

500 2876 711 2923 Publilio
746 2875 915 2941 loqui,
956 2892 1061 2924 eam
1088 2876 1151 2923 ad
1186 2892 1264 2924 me
1295 2893 1409 2925 cum
1434 2876 1522 2925 ino

1609 2792 1782 2848 Grex.
1800 2824 1870 2834 --
1887 2796 2038 2861 Vulg.
2055 2794 2248 2845 nonem.
2273 2793 2445 2845 Minus
2461 2810 2593 2848 reete
2606 2833 2624 2861 ‚

1609 2888 1667 2926 ut
1691 2877 1882 2925 viderat
1893 2877 1996 2937 jam
2020 2875 2279 2924 Corradus.
2298 2878 2350 2925 J.
2376 2879 2440 2924 V.
2463 2880 2516 2927 L.

502 2966 757 3003 venturam
772 2990 787 3013 ,
820 2965 915 3003 etc.
938 2978 960 2999 n
1006 2956 1175 3004 Codex
1218 2971 1346 3003 unus
1386 2956 1526 3021 loqui

504 3046 653 3092 retur,
672 3046 793 3083 teste
810 3034 1101 3098 Mongsltio.
1128 3035 1221 3083 En.

574 3114 625 3162 3.
658 3115 769 3161 Non
786 3131 890 3163 esse
909 3112 1071 3177 ipsius.
1098 3117 1319 3178 Apparet
1336 3148 1355 3174 ‚
1378 3130 1406 3162 a
1426 3130 1526 3162 mn-

504 3202 576 3239 tre
595 3192 797 3256 scriptas
812 3230 825 3253 ‚
850 3202 936 3239 aut
953 3191 1170 3241 dictatas.
1192 3193 1339 3241 Mu.
1358 3220 1427 3230 —
1443 3195 1524 3242 Sic

504 3270 681 3320 Rosius
699 3288 728 3320 e
758 3270 951 3319 dnobus
977 3270 1120 3319 MSS.
1162 3270 1292 3319 Olim
1316 3307 1331 3333 ,
1376 3270 1522 3321 illius.

506 3354 541 3401 J
542 3386 555 3399 .
580 3354 646 3400 V.
666 3355 722 3403 L.

582 3434 629 3489 4.
674 3433 741 3477 Ue
763 3446 853 3497 ego
888 3430 1054 3477 nolim.
1086 3432 1265 3479 Sensus
1288 3439 1397 3479 est:
1424 3446 1522 3479 uus

510 3520 583 3558 est
602 3511 727 3558 ratio
745 3508 931 3556 vitandi
944 3524 1062 3573 ,qus
1082 3524 1175 3573 ego
1192 3508 1375 3557 invitus
1391 3518 1522 3569 utor,

504 3598 559 3636 ut
575 3587 691 3635 hinc
708 3602 767 3635 ex
781 3587 973 3635 Antisti
988 3586 1251 3635 discedam.
1268 3588 1365 3636 Sed
1376 3586 1524 3636 video

504 3681 607 3713 non
621 3665 761 3712 aliter
784 3665 997 3729 effugere
1018 3682 1095 3714 me
1116 3666 1225 3715 illas
1240 3682 1405 3731 posse.
1424 3669 1526 3715 Ita-

510 3760 605 3807 que
632 3758 721 3791 oro
758 3760 1023 3808 cognoscas
1048 3762 1159 3811 qno
1196 3746 1277 3794 die
1321 3756 1526 3795 moturoe

508 3822 629 3879 sint,
650 3833 700 3870 et
720 3839 975 3889 quousque
994 3840 1185 3874 manere
1202 3826 1287 3874 hic
1310 3828 1525 3892 possim,

512 3912 565 3947 ut
580 3911 739 3949 tamen
756 3900 975 3962 abierim,
998 3918 1148 3967 quum
1161 3904 1381 3954 aderunt.
1401 3909 1449 3956 J.
1472 3910 1527 3954 F.

1681 2958 1733 3005 5.
1762 2958 1840 3005 Ne
1866 2955 2135 3021 opprimar.
2164 2955 2318 3019 Quia,
2354 2957 2397 3004 si
2421 2960 2590 3006 scisset
2606 2995 2623 3021 ‚

1609 3052 1711 3101 quo
1729 3036 1808 3084 die
1831 3034 1930 3083 inae
1946 3036 2105 3084 Roma
2126 3035 2416 3100 profectura
2439 3050 2626 3101 essem,

1609 3128 1668 3165 ut
1691 3116 1755 3164 ad
1786 3132 1840 3163 se
1886 3114 2136 3174 venirent,
2183 3115 2290 3179 ipse
2324 3127 2438 3165 ante
2487 3109 2626 3167 illum

1612 3194 1738 3243 diem
1779 3196 1986 3243 Romam
2030 3193 2093 3241 ad
2139 3210 2218 3241 ess
2259 3193 2504 3257 proficisci
2534 3214 2626 3262 po-

1608 3275 1809 3323 tuisset:
1837 3274 1971 3338 quod
2005 3274 2161 3322 faeere
2189 3274 2454 3337 cogitabat.
2483 3280 2627 3327 Mu.

1679 3356 1731 3404 6.
1772 3353 1920 3417 Quod
1936 3354 2118 3415 faeere
2155 3354 2419 3419 cogitabat.
2450 3358 2526 3406 Ne
2549 3372 2628 3405 so-

1609 3448 1746 3481 crum
1771 3434 1932 3481 ferret.
1961 3436 2054 3497 Ep.
2087 3448 2112 3481 1
2130 3468 2146 3493 ,
2180 3433 2269 3481 lib.
2299 3436 2440 3484 XVI.
2467 3436 2628 3485 Coun·

1684 3528 1736 3571 7.
1776 3510 1995 3577 Argileti.
2031 3512 2302 3576 Argiletum
2339 3524 2392 3560 et
2428 3514 2630 3563 Aventi-

1613 3608 1707 3640 nus
1727 3602 1921 3639 montes
1943 3592 2142 3652 Romae,
2179 3592 2230 3638 in
2265 3590 2444 3654 quibus
2466 3593 2630 3641 locere

1613 3670 1810 3719 volebat
1829 3670 2052 3719 tabernas
2070 3670 2302 3734 quasdam
2327 3683 2412 3719 sut
2431 3672 2630 3734 domos,

1613 3763 1815 3813 eamque
1851 3748 2121 3797 mercedem
2146 3764 2241 3813 pro
2264 3757 2463 3815 sumptu
2497 3751 2630 3799 adsi-

1615 3842 1761 3891 gnare
1777 3826 1880 3876 fflio
1903 3829 2118 3877 Athenas
2136 3827 2487 3893 proficiscenti.
2507 3833 2628 3879 Por.

1689 3908 1736 3955 8.
1759 3908 1956 3971 Quanti.
1975 3909 2160 3970 Quanti
2181 3908 2480 3960 conducant.
2505 3912 2629 3961 Cos.

1280 4042 1850 4073 ψ·-
