3019 4681
544 406 1089 477 EPISTOLAE
1137 405 1282 476 AD
1328 405 1417 494 Q.
1461 403 1998 490 FRATREM,
2041 405 2206 494 111,
2252 425 2314 473 1.
2353 399 2498 476 623

348 527 545 602 iilam
607 552 828 622 nemo
888 529 1211 602 lecturus
1271 529 1404 615 sit,
1460 533 1522 600 si
1586 553 1722 628 ego
1778 527 1969 600 nihil
2017 531 2498 626 rescripser03

348 661 589 710 meam
622 639 701 710 in
737 637 941 709 illum
980 644 1191 738 pueri
1235 662 1534 730 omna,
1579 653 1954 738 tamquam
1991 635 2287 727 dictata,
2327 661 2496 737 per-

348 748 653 820 discant.
695 749 957 821 Libros
998 775 1238 841 meos»,
1282 776 1469 852 quos
1504 767 1913 851 exspectas,
1959 747 2336 838 inchoavi3
2375 749 2500 824 sed

236 855 241 860 ’
348 857 709 932 conficere
750 885 904 934 non
942 886 1244 961 possum
1292 864 1405 936 his
1458 861 1741 936 diebus.
1798 863 2184 934 Orationes
2227 859 2506 960 efflagi-

352 983 539 1042 tatas
571 996 708 1071 pro
736 977 1010 1046 Scauro
1038 990 1111 1046 et
1138 1000 1276 1074 pro
1306 959 1595 1048 Plancio
1625 973 1920 1046 absolvi.
1950 974 2216 1045 Poema
2243 967 2336 1046 ad
2362 979 2508 1046 Cae-

354 1106 587 1154 sarem
612 1137 633 1168 ‚
676 1083 880 1180 quod
920 1110 1472 1184 composueram
1494 1140 1513 1173 ‚
1550 1087 1788 1158 incidi.
1827 1085 1987 1156 Tibi
2025 1083 2228 1182 quod
2258 1109 2505 1182 rogaS‚

355 1194 705 1290 quoniam
759 1198 899 1292 ipsi
950 1193 1193 1270 fontes
1234 1197 1385 1294 jam
1440 1197 1694 1269 sitiunt
1714 1189 1802 1283 ³⁸,
1858 1196 1916 1266 si
1977 1193 2154 1294 quid
2215 1193 2509 1268 habebo

356 1304 611 1400 spatii,
652 1303 983 1376 scribam.
2487 1297 2498 1308 ⁰

453 1414 691 1484 Venio
736 1414 825 1486 ad
878 1419 1191 1488 tertiam.
1252 1413 1558 1488 Balbum
1612 1413 1813 1513 quod
1873 1419 1978 1488 ais
2031 1429 2316 1488 mature
2361 1420 2509 1488 Ro·

354 1549 547 1596 mam
587 1522 781 1598 bene
825 1531 1252 1599 comitatum
1282 1525 1351 1584 ³9
1398 1549 1554 1598 esse
1598 1539 2031 1615 venturum,
2073 1547 2511 1625 mecumque

356 1635 644 1708 assidue
685 1649 921 1735 us‘que
959 1637 1049 1710 ad
1085 1637 1179 1710 id.
1223 1639 1445 1709 maias
1478 1635 1805 1708 futurum
1831 1691 1850 1725 ‚
1889 1635 1963 1707 id
2005 1635 2183 1707 mihi
2219 1659 2514 1736 pergra-

360 1760 516 1817 tum
555 1766 835 1845 perque
871 1747 1283 1844 jucundum
1327 1749 1482 1821 erit.
1527 1745 1746 1839 Quod
1789 1769 1908 1818 me
1949 1747 2026 1817 in
2064 1745 2317 1818 eadem
2364 1747 2516 1846 epi-

356 1854 539 1926 stola
560 1911 580 1941 ‚
610 1859 795 1927 sicut
822 1878 1013 1956 saepe
1050 1872 1260 1930 antea
1280 1914 1302 1947 ‚
1343 1857 1744 1931 cohortaris
1781 1849 1869 1929 ad
1902 1857 2417 1947 ambitionem,
2445 1872 2518 1929 et

362 1964 455 2036 ad
502 1964 873 2038 laborem:
912 1965 1169 2040 faciam
1223 1969 1603 2066 equidem3
1642 1964 1766 2040 sed
1810 1969 2108 2067 quando
2142 1973 2520 2044 vivemus?

458 2077 733 2165 Quarta
785 2075 1087 2176 epistola
1141 2075 1323 2149 mihi
1378 2077 1656 2149 reddita
1713 2091 1823 2149 est
1873 2075 1971 2148 id.
2023 2093 2206 2176 sept.
2236 2134 2256 2168 ‚
2296 2101 2516 2177 quam

360 2213 423 2258 a.
486 2185 557 2256 d.
620 2205 729 2256 1111
784 2185 878 2257 id.
934 2203 1111 2258 sext.
1170 2213 1259 2258 ex
1312 2189 1678 2259 Britannia
1717 2183 2044 2259 dederas,
2090 2193 2176 2259 In
2216 2212 2298 2260 ea
2336 2189 2519 2261 nihil

359 2320 536 2369 sane
574 2313 728 2369 erat
772 2301 987 2383 novi,
1029 2309 1293 2398 praeter
1332 2298 1720 2397 Erigonam
1740 2301 1849 2371 ⁴⁰:
1891 2319 2109 2396 quam
2149 2299 2206 2370 si
2241 2295 2333 2371 ab
2370 2303 2522 2405 Op—

360 2410 487 2507 pio
533 2429 922 2505 accepero,
968 2406 1277 2479 scribam
1315 2409 1408 2481 ad
1452 2424 1564 2498 te,
1606 2408 1784 2506 quid
1822 2411 2150 2481 sentiam.
2191 2411 2343 2483 Nec
2382 2410 2518 2484 du-

358 2518 517 2590 bito
542 2569 561 2605 ‚
599 2522 779 2616 quin
820 2516 997 2589 mihi
1030 2518 1384 2616 placitura
1426 2522 1540 2591 sit.
1581 2524 1671 2590 Et
1712 2519 1913 2618 quod
1955 2518 2382 2618 praeterii⁴¹‚
2425 2520 2517 2594 de

361 2654 493 2717 ρο,
537 2648 761 2727 quem
804 2630 1150 2728 scripsisti
1186 2628 1277 2702 de
1307 2628 1603 2702 Milonis
1637 2628 1892 2728 plausu
1915 2635 1980 2683 ⁴²
2027 2630 2396 2730 scripsisse
2429 2630 2521 2705 ad

360 2745 763 2811 Caesarem:
810 2748 944 2836 e‘go
993 2761 1171 2811 vero
1220 2736 1426 2813 facile
1461 2742 1703 2839 patior
1741 2743 1838 2811 ita
1885 2744 2232 2812 Caesarem
2280 2742 2522 2813 existi-

365 2876 605 2939 mare,
668 2850 873 2921 illum
938 2870 1162 2947 quam
1233 2852 1630 2922 maximum
1707 2848 1928 2922 fuisse
1997 2848 2355 2948 plausum.
2431 2856 2522 2923 Et

364 2982 663 3059 prorsus
694 2963 794 3031 ita
831 2958 1011 3032 fuit:
1055 2976 1128 3032 et
1158 2972 1401 3033 tamen
1440 2961 1562 3033 ille
1587 2960 1933 3057 plausus,
1971 2960 2101 3058 qui
2141 2958 2244 3031 illi
2279 2962 2523 3051 datur,

365 3070 917 3169 quodammodo
959 3070 1177 3143 nobis
1218 3072 1507 3143 videtur
1545 3070 1719 3140 dari.

464 3180 773 3255 Reddita
810 3196 917 3253 est
957 3185 1169 3252 etiam
1212 3180 1393 3251 mihi
1432 3193 1777 3277 pervetus
1816 3174 2159 3279 epistola,
2198 3172 2327 3246 sed
2362 3194 2526 3249 sero

301 3364 309 3370 ⁷
365 3378 444 3429 ad
474 3396 585 3428 eam
606 3414 621 3439 ,
660 3392 716 3428 ut
754 3380 1023 3427 orationem
1055 3375 1401 3441 intellig-mus.
1569 3382 1653 3431 40.
1681 3371 1977 3439 Erigonam.
1994 3370 2302 3436 Trngoediam
2329 3372 2392 3422 de
2416 3376 2529 3424 Eri-

366 3464 432 3511 Et
462 3470 534 3509 est
561 3468 651 3509 'cur
676 3460 829 3523 magis
853 3458 1079 3524 probem.
1106 3458 1333 3505 Mais».
1494 3470 1623 3521 gone
1664 3452 1936 3517 Penelopes
1966 3469 2166 3514 sorore,
2192 3469 2301 3518 qun
2337 3466 2528 3518 patrem

440 3542 528 3590 38.
562 3542 737 3588 fontes
764 3538 878 3605 jam
904 3538 1090 3587 sitium.
1124 3538 1307 3585 Mirum
1333 3546 1407 3584 est
1496 3535 1714 3583 occisum
1741 3534 1808 3581 ita
1834 3530 2025 3590 doluit,
2053 3532 2232 3598 utipsa
2252 3549 2303 3580 se
2320 3549 2527 3599 suspen.

373 3620 513 3671 sitire
532 3620 742 3685 finces,
776 3618 910 3667 unde
952 3632 1078 3681 aqua
1119 3618 1221 3681 peti
1256 3613 1401 3663 solet.
1491 3613 1635 3662 derit.
1659 3612 1802 3661 Hanc
1836 3627 1888 3659 se
1923 3611 2202 3677 scripsisse,
2237 3622 2284 3659 et
2317 3612 2382 3660 ad
2421 3616 2528 3681 01>-

366 3699 553 3749 Itidem
602 3700 756 3747 miror
794 3696 920 3746 velle
966 3707 1015 3745 te
1059 3710 1227 3743 versun
1277 3692 1367 3743 tibi
1384 3728 1403 3755 ‚
1494 3692 1630 3757 pium
1649 3692 1836 3738 misisse
1855 3724 1870 3749 ,
1891 3688 2265 3754 significaverat.
2288 3691 2528 3743 Amisum

370 3781 562 3845 optimo
587 3789 749 3843 poeta
770 3812 785 3836 ,
808 3793 835 3825 a
862 3792 939 3824 me
964 3774 1216 3840 componi.
1248 3774 1405 3838 Supra
1494 3774 1548 3819 in
1587 3770 1762 3819 itinere
1780 3806 1794 3828 ‚
1825 3768 2004 3817 ultima
2049 3767 2350 3819 demonstrat
2382 3770 2531 3834 hujus

368 3860 501 3907 idem
526 3860 627 3907 alio
656 3858 807 3905 modo
836 3854 1156 3919 significavit:
1182 3858 1407 3924 γλαῦκα,
1492 3850 1611 3899 libri
1639 3847 1862 3916 epistola.
1885 3848 1978 3897 En.

370 3940 570 4005 inquit,
608 3938 677 3999 ιίς
707 3927 916 3996 Ᾰθήνας.
942 3936 1088 3983 Mn«.
1571 3936 1656 3984 41.
1703 3930 1772 3975 Ee
1813 3925 1951 3991 quod
1981 3926 2220 3991 praeeen't'.
2260 3928 2373 3976 Hoc
2429 3940 2526 3989 est,

447 4020 531 4081 39.
569 4020 703 4067 Bene
739 4016 1043 4064 comitatum.
1083 4014 1207 4063 Cum
1241 4010 1409 4059 multis
1500 4031 1522 4053 ι
1547 4006 1670 4056 nibil
1718 4006 1838 4055 novi
1895 4014 2070 4069 praeter
2123 4006 2388 4071 Erigonam
2406 4042 2421 4065 ,
2478 4020 2530 4057 et

370 4098 617 4163 pecuniis.
648 4100 781 4148 Joco
814 4096 943 4143 enim
976 4108 1095 4143 usus
1118 4103 1220 4142 erat
1246 4090 1408 4154 Quin·
1499 4086 1640 4154 qnod
1665 4084 1904 4151 praten-ii,
1928 4095 2025 4136 etc.
2041 4108 2066 4129 n

374 4190 466 4227 tus.
485 4181 634 4225 Ῑοικ.
1583 4172 1665 4229 42.
1693 4166 1891 4215 Pluma.
1921 4166 1966 4214 A
1990 4164 2182 4230 populo
2207 4162 2385 4213 Miloni
2405 4162 2536 4212 dato.
