3019 4681
610 386 1151 455 EPISTOLAE
1201 389 1341 455 AD
1391 388 1910 475 ATTICUM‚
1948 390 2115 476 xv,
2169 392 2278 475 24.
2380 390 2522 477 465

391 548 665 567 §ww-m

942 547 1772 571 mmmm-mmm
1777 552 2050 592 §mm-OH-

910 644 915 649 ’
964 684 1561 765 EPISTOLA
1614 688 1941 766 XXIV.

390 824 683 903 Significat
706 830 950 885 Brutum
980 826 1306 904 profectum
1346 847 1503 900 esse,
1545 814 1970 908 librumque'in
1997 851 2168 891 causa
2197 834 2322 894 Silii
2359 854 2520 894 com·
2605 908 2609 915 .

471 922 725 1001 positum
751 922 944 982 mittit.
982 923 1090 1004 (In
1112 925 1472 999 Tusculano,
1498 945 1653 985 anno
1680 931 1754 990 U.
1780 932 1845 987 C.
1871 947 2016 1007 709,
2045 948 2240 989 mense
2259 931 2483 1009 junio.)
2581 950 2584 955 ·

1053 1075 1370 1141 CICERO
1415 1078 1737 1144 ATTICO
1781 1078 1846 1143 S.

488 1198 973 1267 TABELLAmns
994 1250 1015 1284 ,
1045 1221 1265 1293 quem
1289 1196 1383 1268 ad
1402 1204 1704 1272 Brutum
1731 1204 2067 1297 miseram
2085 1258 2105 1293 ,
2141 1228 2231 1276 ex
2263 1206 2520 1278 itinere

388 1305 603 1379 rediit
630 1331 729 1377 vn
759 1305 897 1377 kal.
945 1310 1029 1378 Ei
1069 1305 1359 1378 Servilia
1403 1308 1619 1398 dixit,
1655 1334 1743 1381 eo
1791 1310 1906 1383 die
1951 1318 2252 1385 Brutum
2285 1320 2371 1386 H.
2413 1340 2525 1386 1111

388 1416 821 1517 profectum.
852 1421 1036 1487 Sane
1064 1414 1304 1505 dolui,
1331 1442 1524 1490 meas
1549 1418 1791 1492 literas
1826 1420 2138 1494 redditas
2163 1448 2316 1494 non
2349 1448 2522 1496 esse.

388 1526 607 1598 Silius
650 1524 743 1596 ad
777 1550 895 1597 me
924 1550 1078 1596 non
1114 1542 1430 1598 venerat.
1471 1531 1818 1600 Causam¹
1861 1535 2239 1630 composui
2291 1561 2308 1603 ε
2356 1560 2524 1606 eum

388 1635 722 1708 libellum
749 1633 883 1706 tibi
910 1637 1095 1708 misi.
1124 1640 1225 1707 Te
1247 1661 1399 1734 quo
1436 1637 1554 1709 die
1591 1655 1999 1739 exspectem
2023 1697 2042 1728 ‚
2080 1643 2292 1715 velim
2320 1648 2522 1716 scire.

2429 555 2520 576 m

472 1804 516 1838 1.
534 1792 769 1841 Causam.
782 1774 1065 1855 Ῠπόμνημα,
1078 1787 1217 1849 cuius
1233 1788 1285 1836 in
1299 1788 1609 1853 proecedeute
1633 1791 1840 1856 epistola
1865 1794 2100 1843 meminit.

390 1941 852 1962 mmm
857 1939 1035 1963 mm

1402 1944 1682 1964 mm

2004 1947 2416 1972 mmm
2429 1949 2521 1969 m

991 2107 1600 2190 EPISTOLA
1661 2112 1932 2191 XXV.

396 2248 599 2307 vat-ias
626 2248 699 2307 de
734 2248 939 2308 itinere
970 2269 1079 2307 suo
1102 2250 1412 2309 sententias
1441 2272 1584 2323 esse,
1621 2266 1680 2312 et
1703 2273 1767 2312 se
1791 2254 1982 2332 ipsum
2009 2256 2325 2315 etiamnum
2351 2257 2530 2317 dubi-

479 2359 599 2406 tare
627 2347 925 2425 significat.
956 2346 1061 2427 (In
1083 2349 1443 2422 TusculanO,
1471 2371 1624 2409 anuo
1647 2355 1716 2410 U.
1737 2355 1802 2412 C.
1826 2371 1942 2431 709
1959 2394 1978 2424 ,
2006 2372 2202 2414 meuse
2218 2355 2448 2434 junio.)

1072 2461 1387 2572 cicERo
1434 2509 1759 2574 A'r'rico
1805 2511 1868 2575 s,

493 2643 604 2709 Dr.
629 2661 795 2708 meo
818 2637 1069 2709 itinere
1090 2638 1301 2708 variae
1321 2636 1692 2704 sententiae
1725 2634 1978 2705 :multi
2005 2638 2198 2707 enim
2229 2637 2318 2708 ad
2346 2650 2364 2682 ¹
2393 2665 2530 2712 me.

336 2820 342 2829 ,
397 2747 535 2820 Sed
567 2763 647 2819 tu
684 2746 1065 2836 incumbe,
1104 2771 1384 2846 quaeso,
1421 2745 1495 2814 in
1541 2769 1698 2816 eam
1743 2769 1992 2816 curam
2049 2773 2065 2814 ε
2113 2771 2374 2846 magna
2416 2775 2532 2822 res

398 2873 527 2930 est.
562 2866 670 2929 An
708 2855 1001 2956 probas,
1047 2859 1108 2929 si
1143 2857 1233 2929 a‘d
1268 2856 1408 2928 kal.
1447 2854 1595 2951 jan.
1643 2857 2084 2952 cogitamus?
2128 2859 2334 2929 Meus
2375 2863 2530 2930 ani-

400 2993 561 3039 mus
588 2982 696 3039 est
726 2991 1006 3064 aequuS,
1036 2969 1138 3040 sic
1163 2982 1403 3039 tamen
1420 2976 1449 3009 ²
1468 3020 1489 3055 ,
1517 2980 1601 3036 ut
1625 2965 1808 3035 nihil
1835 2963 2254 3037 offensionis
2283 2969 2374 3037 sit
2403 2995 2420 3037 :
2457 2983 2529 3038 et

477 3188 522 3221 ι.
552 3171 640 3219 Ad
654 3185 749 3218 me.
770 3170 1029 3230 Scribant,
1054 3171 1139 3219 alii
1159 3169 1419 3220 consilium
1506 3179 1622 3234 post
1661 3168 1882 3233 legentur
1898 3203 1913 3229 ‚
1956 3167 2238 3234 apparebit,
2288 3186 2349 3217 eo
2395 3185 2530 3222 metu

401 3267 558 3300 meum
597 3250 861 3316 probantes
878 3283 895 3310 ,
938 3249 1022 3298 alii
1060 3245 1421 3316 reprehenden-
1506 3263 1794 3312 suspensum
1832 3245 2081 3295 distulisse
2125 3242 2214 3294 diu
2257 3249 2530 3312 profectio-

399 3343 488 3380 ιω.
509 3331 727 3378 Minor.
1508 3344 1648 3386 nem,
1686 3342 1744 3374 nc
1781 3325 1976 3375 tandem
2015 3342 2042 3374 e
2076 3324 2242 3374 medio
2277 3343 2425 3374 eursu
2459 3343 2532 3376 re·

471 3426 519 3459 2.
548 3408 603 3458 Si
628 3408 699 3457 sie
732 3419 913 3456 tamen.
934 3405 1036 3456 Alii
1053 3444 1067 3470 ‚
1092 3427 1119 3449 α
1136 3405 1207 3455 sic
1235 3418 1420 3466 tamen,
1506 3405 1723 3454 vertisse.
1751 3405 1980 3454 Eamdem
1999 3404 2082 3453 hic
2099 3405 2238 3452 locus
2256 3405 2401 3454 habet
2416 3423 2530 3455 seu·

398 3501 455 3540 ut
477 3491 519 3539 si
536 3489 688 3549 nihil,
715 3498 810 3536 etc.
833 3507 857 3530 n
889 3487 1109 3551 Antiqua
1129 3485 1305 3546 editio,
1340 3486 1423 3534 «si
1511 3485 1725 3533 tentiam.
1747 3485 1981 3534 Neutrum
1997 3520 2011 3545 ,
2043 3485 2230 3547 inquit,
2261 3485 2312 3532 in
2339 3495 2529 3550 partem

400 3583 561 3620 tamen
592 3578 650 3616 ut
680 3566 834 3626 nihil,
872 3577 1007 3615 etc.»
1040 3565 1313 3614 Verebatur
1334 3566 1420 3614 Ci-
1508 3563 1826 3630 propendeo:
1869 3564 1946 3611 vel
1975 3562 2038 3611 ad
2067 3579 2223 3611 nonas
2253 3563 2532 3616 decembres

398 3667 544 3710 cero,
572 3665 635 3698 ne
660 3663 778 3696 suus
808 3649 965 3695 Roma
990 3645 1231 3694 discessus
1256 3645 1419 3693 offen·
1508 3643 1656 3693 adero
1673 3679 1688 3704 ,
1714 3639 1790 3690 vel
1823 3657 1923 3689 nou
1949 3653 2060 3690 aute
2095 3641 2324 3692 kalendas
2336 3647 2526 3707 ianuar.

396 3731 548 3780 sionis
582 3729 637 3777 in
669 3725 921 3791 publicum
958 3723 1159 3772 heberet
1201 3721 1417 3788 aliquid,
1506 3733 1772 3786 utcumque
1793 3733 1845 3770 tu
1865 3719 2123 3785 probabis3
2149 3721 2308 3770 «sisic
2329 3736 2530 3774 tamen»

399 3827 521 3858 neve
536 3809 603 3857 ita
620 3807 951 3865 incusaretur,
984 3815 1039 3852 ut
1064 3803 1151 3868 qui
1178 3818 1314 3850 suam
1332 3819 1420 3867 pn-
1508 3811 1675 3868 potest
1708 3817 1783 3848 res
1818 3801 2075 3865 componi,
2115 3811 2170 3850 ut
2212 3802 2318 3852 haec
2359 3804 2527 3855 dilatio

399 3890 504 3937 triae
534 3902 679 3952 opem
706 3881 900 3931 difficili
931 3894 1155 3947 tempore
1186 3879 1423 3930 subduce-
1509 3893 1658 3945 etque
1688 3879 1902 3928 absentis
1931 3879 2112 3928 nullam
2139 3882 2352 3946 praebeat
2379 3897 2529 3934 mate-

399 3979 488 4017 ret.
516 3967 633 4028 Ejus
669 3961 943 4011 formidinis
983 3978 1084 4009 non
1118 3959 1324 4008 obscure
1355 3959 1423 4009 si·
1513 3960 1630 4008 riam
1643 3958 1963 4009 sermonibus.
1981 3961 2222 4024 Mongalt.
2245 3963 2326 4010 hic
2345 3965 2532 4029 aliquid

398 4045 649 4110 gnificatio
686 4043 737 4090 in
768 4039 1013 4106 aliquibus
1053 4051 1126 4089 est
1163 4041 1425 4105 superiori·
1515 4039 1691 4088 debeo,
1708 4038 1858 4104 Quod
1875 4055 1966 4103 ego
1988 4039 2049 4088 de
2066 4037 2263 4104 reliquis
2282 4041 2532 4105 profiteor,

401 4125 493 4174 bus
513 4121 759 4189 epistolis:
789 4132 936 4184 utque
954 4136 1013 4169 ex
1030 4119 1299 4180 nonnullis,
1314 4137 1424 4185 quae
1514 4137 1624 4185 quae
1642 4121 1694 4168 in
1720 4119 1844 4168 hanc
1873 4118 2072 4167 daturus
2092 4135 2196 4168 sum
2219 4120 2363 4184 epist.
2385 4124 2532 4170 Ouv.

546 4213 669 4282 III.
719 4225 815 4276 Cic.
830 4240 952 4292 pars
984 4233 1169 4292 quarta.
2201 4203 2292 4273 30
