3019 4681
528 356 671 453 476

1174 360 1270 426 M.
1323 360 1400 427 T.
1451 360 2032 429 CICERONIS

519 480 710 551 licet.
769 476 1332 575 Quidquamne³
1397 483 1721 578 turpius,
1790 504 2009 577 quam
2070 484 2338 568 Bruto,
2392 484 2662 553 JuLus?

522 583 770 656 Redeo
817 583 910 656 ad
957 606 1200 655 meum
1243 584 1502 682 igitur,
1544 591 1638 655 ἔτι
1681 587 1965 683 ἐῶμεν4ἱ)
2013 585 2211 657 Nihil
2260 584 2407 657 vidi
2430 585 2483 657 ⁵.
2528 588 2661 660 Sed

525 694 705 793 quid
748 708 900 781 est,
953 718 1236 791 quaese,
1295 693 1494 791 quod
1548 696 1903 792 agripetas
1956 695 2291 766 Buthroti
2338 699 2667 769 concisos

523 804 789 877 audio?
832 803 1028 893 Quid
1073 816 1316 875 autem
1366 802 1723 875 Plancus⁶
1780 818 1927 877 tam
1966 806 2239 899 ,cursim
2278 806 2434 903 (ita
2475 808 2665 878 enim

523 912 906 987 audiebam
925 926 951 971 ⁷
980 912 1008 1009 )
1055 911 1246 985 diem
1281 928 1354 985 et
1387 914 1731 997 noctem?
1766 918 1953 987 Sane
1985 917 2201 1015 cupio
2232 917 2417 987 scire
2436 971 2457 1004 ‚
2496 914 2667 1014 quid

523 1094 657 1145 ludis
690 1094 758 1143 ita
788 1092 1074 1159 proscriptis
1097 1092 1228 1142 unde
1255 1092 1451 1141 afferam
1468 1128 1484 1153 ‚
1509 1092 1554 1142 si

524 1175 636 1239 quis
673 1182 890 1237 quaernt3
936 1172 1075 1220 locus
1113 1182 1186 1220 est
1223 1172 1348 1221 infra
1367 1207 1384 1233 ,
1419 1171 1555 1220 unde

523 1252 715 1301 didici:
750 1266 852 1315 quo
885 1266 950 1299 ex
979 1250 1094 1299 loco
1131 1251 1374 1316 descripta
1406 1248 1558 1299 verbs

523 1330 853 1379 recitabimus.
877 1328 958 1377 Sic
976 1328 1128 1393 igitur
1145 1346 1221 1393 ep.
1249 1338 1280 1386 4
1299 1329 1446 1391 hujus
1461 1328 1555 1377 lib.

530 1432 558 1453 .-
575 1411 638 1457 In
677 1408 857 1459 Nesida
897 1408 1024 1456 vm
1069 1408 1196 1457 idus.
1239 1408 1316 1457 lbi
1353 1410 1553 1457 Brutus.

527 1489 687 1552 Quam
709 1489 792 1537 ille
818 1488 979 1537 doluit
995 1488 1058 1537 de
1077 1491 1222 1536 nonis
1233 1486 1394 1549 juliis!
1413 1488 1557 1537 Miri-

527 1566 620 1616 fice
645 1580 718 1617 est
746 1567 1281 1633 conturbatus.1tsque
1305 1584 1409 1615 sese
1436 1568 1556 1615 scri-

525 1657 726 1713 pturum
761 1646 946 1703 aiebat,
985 1656 1042 1693 ut
1077 1646 1388 1694 venatIonem
1419 1660 1550 1704 enm,

521 1742 636 1791 quae
650 1727 887 1791 postridie
900 1724 1044 1773 ludos
1063 1725 1372 1790 Apollinares
1387 1726 1557 1774 futura

522 1816 628 1867 est,
664 1804 1027 1870 proscriberent
1063 1806 1137 1853 111
1163 1804 1276 1853 idus
1303 1804 1503 1868 quintil.
1526 1824 1553 1849 υ

521 1900 626 1933 non
640 1886 717 1933 111
732 1884 842 1932 idus
852 1884 944 1945 jul.
963 1894 1019 1932 ut
1035 1894 1304 1932 extremum
1319 1883 1555 1931 ludorum

524 1963 653 2013 diem
689 1964 836 2013 fuisse
869 1974 1086 2023 constet,
1123 1964 1196 2011 IV
1233 1963 1368 2023 idus,
1401 1978 1555 2026 quum

523 2042 630 2091 dies
652 2044 950 2101 venationis,
970 2058 1080 2107 quae
1101 2040 1246 2091 ludos
1267 2051 1343 2089 est
1357 2040 1559 2106 Aponi-

523 2138 662 2171 nares
698 2132 1025 2185 consequuta,
1045 2123 1122 2169 111
1143 2120 1253 2168 idus
1273 2120 1354 2167 sit.
1405 2120 1557 2169 Mur.

527 2228 599 2237 --
613 2200 709 2248 Dia·
743 2200 937 2249 hercule
981 2198 1100 2249 istis.
1141 2198 1435 2263 Imprecatio
1483 2210 1557 2248 est

527 2278 758 2327 adversus
776 2295 886 2339 eos,
911 2278 998 2343 qui
1014 2278 1160 2327 ludos
1187 2278 1326 2327 Bruti
1345 2278 1558 2344 proscri-

527 2368 725 2423 pserant
759 2359 902 2408 nonis
923 2359 1061 2419 juliis
1078 2394 1093 2419 ‚
1126 2375 1231 2408 uon
1267 2374 1384 2406 vero
1411 2357 1559 2407 nonis

531 2436 830 2502 quintilibus.
869 2437 950 2486 Sic
987 2453 1186 2501 quoque
1220 2439 1454 2502 loquutus
1485 2449 1559 2486 est

528 2517 733 2580 epistola
766 2531 828 2564 ro
855 2516 1002 2578 buius
1023 2517 1136 2564 libri
1160 2532 1175 2567 ε
1207 2539 1232 2560 ιι
1247 2519 1292 2566 Ο
1317 2517 1478 2581 qualis
1501 2528 1559 2568 tu

527 2611 719 2659 semper
753 2595 903 2644 istos!
946 2597 1081 2644 Itane
1121 2596 1173 2643 in
1212 2599 1279 2644 D.
1321 2597 1556 2644 Brutum!

531 2675 614 2722 Dii
637 2672 743 2722 istis
760 2695 806 2722 υ.
833 2674 1040 2722 Bostus.

604 2753 654 2802 3.
701 2750 1060 2816 Quidquamne.
1099 2755 1310 2818 Magnus
1347 2753 1561 2817 Scaliger

533 2834 605 2880 Π
633 2829 695 2878 de
713 2833 1008 2894 Temporum
1036 2832 1374 2880 emendatione
1399 2849 1560 2896 repre·

534 2909 706 2958 hendit
726 2917 776 2956 et
801 2909 916 2956 setis
942 2911 1116 2958 acriter
1133 2911 1336 2974 castigat
1360 2911 1559 2959 Cicero-

532 3005 674 3052 nem,
711 2987 850 3052 qussi
886 3003 1070 3036 annum
1114 3005 1141 3036 a
1188 2990 1327 3037 Julio
1372 2990 1558 3038 Caessre

531 3079 808 3117 correctum
841 3067 1194 3132 improbasset,
1225 3079 1272 3116 et
1299 3079 1557 3133 propterea

531 3148 710 3200 cesari
750 3147 1082 3196 obtrectasset.
1120 3149 1237 3196 Non
1269 3146 1557 3209 demetunt,

529 3228 724 3293 inquit,
764 3227 849 3290 qui
881 3226 1008 3274 illud
1045 3225 1438 3290 incomparabilis
1465 3227 1557 3273 viri

534 3305 754 3355 divinum
773 3304 952 3351 factum
973 3305 1396 3368 reprehenderent.
1422 3306 1558 3350 Inter

531 3401 659 3450 quos
682 3383 756 3432 M.
779 3382 969 3431 Tullius
989 3383 1189 3441 Cicero,
1217 3381 1368 3430 bomo
1392 3381 1559 3446 potius

535 3465 774 3512 virtutum
813 3463 1012 3511 Caesaris
1049 3461 1347 3510 obtrectator
1363 3496 1378 3520 ,
1413 3477 1558 3524 qnam

535 3543 768 3592 vitiorum
786 3543 1061 3606 castigator,
1075 3557 1228 3606 quum
1247 3556 1376 3588 anuo
1398 3541 1560 3604 primo

537 3621 736 3670 Julisno
779 3620 978 3683 quidam
1027 3619 1210 3667 diceret
1237 3653 1254 3678 ,
1294 3619 1411 3667 Cras
1452 3619 1559 3683 lyra

535 3698 722 3746 orietur
747 3711 762 3748 :
791 3700 867 3746 Ex
894 3698 1085 3757 edicto,
1119 3697 1310 3762 inquit,
1336 3697 1557 3747 orietur:

537 3789 781 3839 tamquam
815 3789 1014 3825 coactns
1039 3775 1172 3824 illam
1199 3776 1561 3824 ordinationem

537 3869 642 3900 non
661 3853 818 3902 solum
838 3858 1096 3919 acciperet,
1111 3855 1197 3902 sed
1214 3855 1421 3904 audiret.
1451 3857 1561 3903 Hoc

539 3934 684 3981 etiam
711 3933 1088 3982 animadvertere
1118 3935 1233 3982 licet
1258 3951 1321 3981 ex
1353 3931 1563 3998 quadam

541 4011 743 4074 epistola
760 4011 822 4058 nd
841 4013 1059 4061 Atticum
1077 4013 1165 4061 lib.
1187 4015 1334 4062 xvl:
1364 4035 1388 4055 α
1405 4013 1565 4061 Itane?

540 4092 684 4138 nonis
691 4091 848 4150 iuliis?
863 4092 1190 4155 quidquamne
1203 4094 1409 4156 turpius,
1419 4109 1565 4157 quam

1640 1094 1794 1143 Bruto
1811 1127 1827 1154 ,
1842 1094 1987 1143 nonis
1997 1093 2165 1155 juliis?
2180 1116 2207 1136 ι
2225 1093 2322 1142 Sed
2338 1094 2518 1143 Cicero
2536 1096 2671 1142 Pum-

1640 1172 1775 1237 peins
1812 1189 1967 1221 nome
2007 1172 2181 1221 veteris
2216 1174 2333 1221 unni
2374 1174 2671 1238 ineptissime

1640 1262 1871 1308 amasset.
1890 1252 1977 1316 qui
1989 1256 2022 1303 J
2024 1252 2145 1299 ulias
2160 1251 2277 1299 anni
2296 1251 2525 1317 castigati
2542 1269 2671 1301 aver-

1640 1342 1790 1381 eamr.
1843 1332 1964 1379 Haec
2016 1330 2243 1395 Scaliger.
2286 1330 2385 1380 Sed
2432 1332 2671 1379 immerito

1642 1410 1837 1475 vapulat
1864 1410 2039 1459 Cicero
2060 1444 2076 1470 ‚
2110 1409 2197 1474 qui
2226 1424 2333 1458 non
2360 1409 2670 1473 reprehendit

1642 1504 1823 1537 annum
1852 1490 2137 1553 castigatum
2158 1504 2185 1536 a
2207 1488 2427 1546 enare,
2454 1488 2542 1537 sed
2568 1490 2670 1539 Οτ-

1642 1568 1762 1616 seris
1788 1568 2096 1633 snperbiam,
2130 1578 2182 1616 et
2216 1567 2567 1626 ambitionem,
2591 1566 2675 1631 qui

1643 1663 1781 1711 eque
1805 1663 1863 1695 uc
1884 1650 2037 1696 anus
2065 1658 2116 1695 et
2134 1648 2271 1695 Mars
2296 1646 2395 1705 dii,
2423 1662 2595 1710 passus
2615 1646 2675 1693 sit

1644 1729 1706 1776 de
1730 1744 1825 1776 suo
1852 1726 2054 1775 nomine
2078 1742 2291 1774 mensem
2318 1724 2559 1790 appellari
2582 1726 2673 1773 Ju-

1641 1805 1761 1855 lium
1777 1840 1793 1865 ,
1817 1805 2049 1871 abrogata
2074 1804 2227 1853 veteri
2252 1805 2479 1869 quintilis
2506 1805 2673 1870 appel·

1641 1884 1841 1935 latione.
1868 1886 1999 1935 Hinc
2022 1897 2071 1934 et
2088 1885 2353 1933 Suetonius
2370 1885 2423 1931 in
2442 1884 2549 1935 Jnl.
2570 1900 2672 1947 cap.

1646 1973 1738 2028 74,
1776 1966 1907 2014 inter
1930 1965 2013 2013 illu
2036 1974 2256 2014 recenset
2272 1999 2288 2025 ,
2326 1976 2537 2029 propter
2568 1980 2674 2028 que

1638 2044 1747 2107 jure
1765 2060 1918 2093 emus
1930 2059 2034 2093 esse
2052 2042 2294 2103 credatur,
2312 2058 2531 2091 mensem
2548 2060 2577 2090 e
2590 2059 2672 2089 sno

1644 2123 1859 2171 nomine.
1885 2124 2116 2171 Preteres
2138 2121 2214 2170 bis
2230 2124 2389 2170 Bruto
2412 2122 2675 2187 exprobrat

1643 2201 1851 2260 Tullius,
1866 2216 2018 2265 quum
2040 2200 2183 2249 ludos
2196 2216 2312 2249 suos
2328 2201 2575 2265 proscribi
2590 2217 2675 2247 no-

1643 2279 1721 2328 nis
1735 2280 1870 2343 juliis
1892 2296 2061 2345 passus
2081 2289 2152 2328 est
2171 2312 2189 2339 ‚
2212 2278 2352 2344 quod
2374 2279 2469 2327 hac
2490 2281 2675 2328 ratione

1644 2361 1825 2426 probet
1857 2358 2069 2408 honores
2086 2395 2102 2422 ,
2128 2361 2216 2424 qui
2252 2369 2471 2423 tyranno
2500 2359 2673 2408 decreti

1644 2449 1761 2488 sunt
1782 2438 1845 2487 ab
1870 2437 2233 2495 adulatoribus,
2256 2448 2305 2486 et
2332 2439 2405 2486 sic
2430 2455 2573 2486 suum
2600 2449 2675 2502 ty·

1644 2517 1971 2568 raunicidium
1984 2518 2091 2582 ipse
2108 2517 2331 2575 damnet,
2349 2533 2506 2582 quum
2521 2529 2675 2582 tyran-

1645 2597 1699 2644 ni
1726 2597 1954 2644 memoria
1977 2598 2041 2646 sit
2070 2594 2327 2644 abolenda.
2366 2595 2492 2644 Inde
2518 2596 2671 2644 statim

1645 2676 1838 2734 subdit,
1866 2697 1892 2718 α
1912 2675 2244 2740 quidquamne
2272 2675 2469 2738 turpius
2496 2676 2672 2731 Bruto,

1641 2755 1811 2817 juliis?
1842 2776 1865 2798 ι
1910 2754 2141 2802 nimirum
2180 2769 2327 2816 qusm
2366 2743 2509 2814 junii
2525 2789 2541 2814 ,
2576 2769 2675 2800 uon

1646 2833 1937 2898 quintilibus
1955 2832 2198 2897 proscribi
2218 2831 2383 2880 ludos.
2402 2835 2585 2883 Gur.

1718 2919 1773 2967 4.
1800 2899 1883 2964 Eri
1913 2909 2081 2978 ἰῶμιν.
2120 2909 2365 2960 Adbuene
2402 2910 2607 2958 sinimus
2630 2921 2676 2958 et

1644 2989 1859 3056 patimur
1896 2990 1987 3038 ista
2024 2987 2166 3038 fieri?
2212 2989 2293 3036 sie
2336 2990 2535 3038 Rosius.
2580 2989 2677 3038 Alii

1647 3085 1764 3118 vvero
1779 3104 1794 3127 ,
1826 3067 2027 3134 ἔλθωμεν
2046 3106 2060 3128 ,
2094 3067 2192 3118 hoc
2230 3079 2300 3118 est
2320 3101 2339 3128 ‚
2370 3069 2677 3118 discedamus

1648 3165 1710 3196 ex
1738 3147 1897 3196 Italis.

1720 3226 1768 3274 5.
1804 3225 1949 3274 Nihil
1978 3225 2100 3274 vidi.
2139 3225 2307 3274 Potest
2332 3241 2439 3274 esse
2466 3223 2675 3275 ἀποσώ-

1644 3321 1782 3361 amm<
1800 3323 1815 3364 3
1832 3317 1889 3353 ut
1906 3306 1996 3363 sit,
2018 3303 2152 3352 Nihil
2174 3305 2278 3352 vidi
2296 3306 2517 3370 turpius.
2540 3307 2677 3354 Mn.

1646 3409 1718 3421 ·—
1740 3382 1899 3432 Aliter
1924 3383 2181 3431 Turnebus
2208 3384 2417 3433 Advers.
2445 3387 2551 3444 lx,
2584 3401 2645 3433 n
2662 3421 2675 3431 .

1649 3462 1792 3510 Nihil
1818 3461 1955 3519 vidi,
1996 3463 2092 3510 hoc
2126 3474 2229 3524 est,
2259 3462 2553 3528 imprudens
2583 3464 2679 3520 fui,

1650 3543 1734 3604 qui
1760 3541 1981 3590 noudum
2010 3540 2327 3592 discesserim.

1722 3621 1773 3668 6.
1809 3620 1943 3683 Quid
1966 3631 2133 3668 autem
2158 3620 2393 3669 Plancus.
2421 3577 2555 3670 Vide
2592 3620 2677 3668 lib.

1650 3701 1770 3759 XV,
1794 3699 1937 3764 epist.
1960 3699 2050 3748 ult.

1726 3795 1773 3838 7.
1808 3778 2081 3842 Legebstur
2104 3778 2223 3826 olim
2240 3813 2257 3837 ‚
2284 3800 2307 3821 ι
2326 3781 2395 3826 ita
2422 3779 2555 3828 enim
2584 3793 2678 3826 me·-

1652 3856 1843 3906 ditsbsr
1892 3857 2021 3904 diem
2069 3868 2117 3906 et
2160 3867 2356 3905 noctem
2382 3879 2426 3907 ι.
2472 3857 2681 3906 Debetur

1650 3935 1929 3984 ementlntIo
1951 3937 2205 3995 Munatio,
2224 3936 2311 4000 qui
2334 3939 2387 3984 in
2406 3939 2501 3986 MS
2524 3939 2679 3986 Bessa·

1654 4013 1808 4062 rionis
1864 4014 2146 4062 mendosam
2194 4031 2365 4062 vocem
2402 4019 2678 4074 invenenat,

1656 4093 1947 4142 mediabant.
1978 4096 2029 4143 J.
2048 4097 2109 4142 V.
2138 4097 2193 4142 1..
