3019 4681
569 380 1099 455 ErlsroLAE
1146 381 1287 450 AD
1335 333 1836 469 ΑΤΤΙΟΠΜ,
1869 383 2106 470 xm,
2157 386 2275 480 47·
2375 385 2514 487 367

377 504 658 602 vesperi
698 502 937 574 literas
971 503 1169 574 misit
1202 501 1465 590 Anti03
1498 526 1666 575 nam
1695 501 1802 576 ibi
1829 517 2032 575 erat:
2069 503 2292 577 habet
2323 513 2520 582 enim

306 611 319 622 ’
376 615 681 687 domum
710 666 730 703 ,
784 629 1007 710 quam
1060 637 1197 684 nos
1240 611 1723 686 vendidimus».
1769 619 2000 711 Rogat
2039 639 2520 717 magnopere,

376 741 461 798 ut
488 729 625 796 sim
650 723 791 796 kal.
825 724 903 794 in
934 737 1229 810 senatu3
1264 747 1385 795 me
1414 739 1489 796 et
1517 724 1658 797 sibi
1677 779 1699 813 ‚
1730 741 1817 796 et»
1833 727 2092 797 Caesari
2125 728 2522 804 vehemen-

377 849 493 907 ter
535 848 821 932 gratum
872 856 1027 904 esse
1073 830 1454 904 facturum.
1508 838 1695 906 Puto
1734 835 2072 932 equidem
2123 838 2307 910 nihil
2347 863 2526 914 esse.

376 947 692 1016 Dixisset
735 944 931 1015 enim
976 942 1109 1015 tibi
1146 940 1451 1016 fortasse
1499 943 1775 1043 aliquid
1817 947 2135 1044 Oppius3
2174 953 2525 1044 quoniam

378 1054 641 1128 Balbus
696 1068 805 1126 est
854 1076 1065 1150 aeger.
1124 1051 1268 1126 Sed
1322 1068 1570 1126 tamen
1623 1055 1868 1126 malim
1922 1060 2177 1127 venire
2217 1054 2525 1150 frustra,

378 1190 601 1265 quam
626 1164 1057 1252 desiderari,
1079 1165 1139 1238 si
1160 1187 1349 1262 opus
1376 1179 1604 1238 esset:
1635 1164 1936 1237 moleste
1963 1162 2230 1236 ferrem
2253 1183 2524 1265 postea.

376 1282 629 1376 Itaque
670 1275 891 1348 hodie
946 1274 1183 1362 Antii3
1245 1299 1403 1348 cras
1448 1291 1622 1349 ante
1675 1275 2094 1365 meridiem,
2145 1276 2366 1351 domi.
2417 1285 2532 1352 Tu

378 1389 634 1476 velim,
664 1387 807 1460 nisi
844 1400 915 1458 te
952 1383 1429 1484 impedivisti‚
1468 1384 1665 1486 apud
1703 1397 1886 1458 nos⁷
1919 1386 2159 1485 pridie
2191 1386 2331 1459 kal.
2358 1413 2532 1462 cum

378 1496 571 1570 Pilia.
604 1499 703 1566 Te
741 1517 957 1592 spero
995 1517 1165 1564 cum
1204 1491 1518 1566 Publilio
1543 1494 1959 1568 confecisse.
2005 1498 2366 1594 Equidem
2390 1499 2533 1573 kal.

377 1609 457 1678 in
501 1605 991 1677 Tusculanum
1040 1626 1409 1675 recurram
1455 1634 1472 1677 ε
1525 1630 1642 1678 me
1698 1608 1894 1678 enim
1931 1606 2239 1682 absente
2281 1613 2531 1684 omnia

381 1740 551 1790 cum
602 1715 743 1788 illis
791 1710 1138 1812 transigi⁸
1183 1715 1395 1816 malo.
1447 1717 1538 1806 Q.
1601 1714 1839 1788 fratris
1886 1716 2272 1815 epistolam
2319 1721 2411 1793 ad
2457 1735 2532 1794 te

382 1828 582 1916 misi,
624 1851 779 1898 non
822 1826 993 1896 satis
1028 1823 1347 1896 humane
1390 1824 1584 1898 illam
1625 1825 1924 1923 quidem
1959 1829 2537 1928 respondentem

382 1940 563 2010 meis
592 1935 815 2008 literis
832 1987 851 2026 ‚
880 1933 1007 2008 sed
1040 1949 1287 2007 tamen
1320 1935 1526 2032 quod
1562 1935 1898 2012 tibisatis
1923 1941 2053 2026 sit,
2079 1951 2166 2009 ut
2195 1939 2537 2036 equidem

389 2051 743 2122 existimo.
784 2049 894 2117 Tu
927 2043 1231 2118 videbis.

456 2219 507 2266 7.
535 2201 811 2267 Apuanos.
840 2201 1044 2261 Coenet,
1072 2209 1131 2249 ut
1164 2201 1309 2266 epist.
1344 2215 1375 2249 α
1396 2233 1412 2258 ,
1573 2201 1626 2250 8.
1652 2199 1897 2266 mmigi.
1923 2203 2000 2251 De
2039 2202 2160 2252 dote
2197 2217 2378 2268 nempe
2411 2203 2530 2252 red-

382 2283 471 2334 lib.
498 2285 566 2333 11.
590 2283 751 2333 Cont-
1501 2279 1682 2330 denda.
1713 2279 1930 2330 Mutua·-

384 2442 1305 2467 mmmmmmfflm

1771 2443 2514 2469 mmmmm

900 2598 1542 2679 EPISTOLA
1598 2600 2026 2681 XLVIII.
2065 2548 2074 2565 '⁶

416 2776 507 2832 De
537 2776 733 2851 Leptae
759 2766 1080 2831 hereditate
1100 2812 1118 2842 ,
1146 2782 1206 2827 et
1233 2768 1307 2827 de
1336 2768 1674 2828 laudatione
1705 2764 1948 2829 Porciae.
1983 2770 2005 2851 (
2030 2776 2101 2832 In
2129 2775 2462 2835 Tusculano
2482 2821 2502 2851 ‚

888 2885 1043 2925 anno
1065 2870 1140 2927 U.
1164 2869 1230 2926 C.
1259 2866 1375 2939 708
1391 2909 1409 2939 ,
1428 2886 1626 2925 mense
1651 2866 1984 2946 septembri.
2006 2874 2044 2941 )-

1058 3033 1380 3110 ,CICERO
1427 3034 1749 3098 ATTICO
1799 3036 1864 3099 S.

486 3175 670 3245 Hmu
725 3167 969 3244 nescio
994 3175 1015 3216 ¹
1076 3168 1259 3270 quid
1310 3174 1387 3241 in
1442 3170 1752 3269 strepitu
1803 3168 2058 3243 videor
2118 3172 2532 3265 exaudisse,

393 3308 622 3382 quum
676 3281 949 3355 diceres
969 3336 989 3373 ,
1046 3295 1120 3353 te
1174 3284 1252 3351 in
1305 3278 1796 3354 Tusculanum
1847 3296 2288 3354 venturum:
2333 3285 2537 3382 quod

390 3391 704 3466 utinam!
743 3394 1007 3465 iterum
1043 3386 1362 3464 utinam!
1404 3404 1537 3463 tuo
1575 3404 1822 3463 tamen
1855 3389 2268 3463 commodo.
2310 3399 2536 3493 Lepta

390 3530 509 3577 me
547 3518 789 3604 rogat,
832 3518 953 3593 ut,
991 3503 1050 3573 si
1092 3500 1272 3599 quid
1315 3498 1452 3571 sibi
1500 3525 1685 3601 opus
1726 3506 1852 3592 sit,
1891 3524 2282 3573 accurram.
2329 3508 2533 3577 Mor-

388 3630 557 3687 tuus
596 3614 794 3687 enim
829 3606 1269 3685 Babullius’.
1308 3615 1576 3701 Caesar,
1625 3610 1912 3711 opinor,
1943 3636 2036 3685 ex
2062 3612 2278 3686 uncia
2301 3610 2369 3705 ³3
2405 3619 2538 3689 etsi

392 3726 577 3798 nihil
621 3723 949 3798 adhuc⁴t
986 3721 1113 3795 sed
1152 3724 1381 3822 Lepta
1429 3744 1522 3793 ex
1571 3724 1854 3795 triente.
1895 3727 2210 3794 Veretur
2248 3740 2488 3800 autem
2515 3786 2535 3819 ‚

468 3906 515 3939 1.
534 3886 851 3939 Horta-eseia.
869 3890 1015 3937 Forte
1036 3882 1136 3945 hl.
1160 3883 1421 3950 0eptembr.
1511 3892 1616 3927 tem
1639 3875 1843 3927 blnda
1866 3874 2157 3927 intiment·
2174 3879 2352 3929 Ena-.-
2369 3886 2546 3939 Lnnb.

391 3969 571 4034 quibu·
587 3970 761 4019 Cicero
779 3966 983 4016 dimisso
996 3974 1167 4013 senatu
1178 3978 1424 4013 rectinere
1511 3956 1629 4007 add.
1659 3968 1750 4006 est.
1768 3958 1819 4007 J.
1836 3955 1905 4008 V.
1924 3959 1978 4006 L.

390 4050 447 4097 in
468 4048 801 4099 Tusculanum
825 4045 1041 4096 volebat.
1060 4044 1157 4093 En.
1584 4040 1634 4087 3.
1661 4039 1748 4087 Ea·
1777 4036 1943 4087 mia.
1959 4039 2046 4087 Est
2070 4038 2228 4091 heres.
2255 4040 2414 4093 Con.

464 4144 518 4177 a.
548 4126 815 4176 Babullius.
838 4126 939 4188 Qui
964 4126 1163 4189 Iaeptam
1188 4133 1241 4172 et
1265 4122 1423 4173 Coeaa·
1583 4127 1632 4177 4.
1649 4116 1801 4169 'Nihil
1816 4116 1998 4168 adhuc.
2023 4118 2158 4169 Certi
2183 4120 2308 4171 scio.
2328 4122 2498 4173 Coun.
