3019 4681
735 609 750 628 '
872 597 1971 716 ARGUMENTUM

753 841 1034 914 LIBRI
1086 843 1477 914 DECIMI
1524 843 1649 916 ET
1694 843 2117 914 TERTII.'

311 1048 624 1128 Exiguum
665 1060 895 1128 tempus
931 1062 1162 1108 mutum
1195 1049 1307 1108 fuit
1335 1067 1372 1108 a
1414 1048 1627 1121 literis,
1656 1049 1809 1107 inter
1837 1047 2011 1127 hujus
2047 1045 2183 1108 libri
2214 1047 2487 1127 epistolas

393 1159 458 1206 et
485 1145 852 1226 superioris.
878 1147 1122 1226 Scripta
1142 1159 1336 1207 autem
1359 1159 1419 1206 et
1437 1145 1533 1206 hae
1552 1159 1687 1206 sunt
1700 1189 1719 1217 ‚
1744 1145 1885 1206 dum
1904 1150 2097 1206 Caesar
2118 1147 2181 1205 in
2204 1146 2486 1224 Hispania

393 1257 622 1303 eontra
645 1243 920 1322 Pompeii
945 1242 1164 1302 liberos
1201 1241 1422 1302 bellum
1456 1256 1709 1322 gereret,
1742 1244 1873 1323 ipso
1901 1243 2107 1302 eodem
2134 1245 2217 1302 IV
2249 1243 2486 1301 consule

393 1341 528 1400 sine
557 1341 829 1418 collega,
858 1352 925 1397 ut
949 1339 1187 1418 Sigonio
1215 1341 1410 1420 placet
1433 1363 1451 1414 3
1476 1339 1752 1419 belloque
1779 1341 2044 1400 confecto
2073 1339 2329 1400 rediret:
2357 1358 2485 1418 spa-

393 1437 482 1496 tio
531 1437 670 1496 fere
711 1437 998 1496 mensium
1046 1449 1285 1515 septem.
1337 1441 1488 1498 Nam
1528 1438 1741 1497 aestatis
1774 1437 1974 1511 initio,
2017 1449 2085 1497 ut
2124 1456 2201 1496 ex
2240 1434 2484 1518 epistola

393 1535 598 1612 prima
619 1532 939 1612 colligitur,
965 1531 1142 1592 scribi
1168 1546 1376 1613 coeptae
1404 1548 1569 1607 sunt,
1590 1535 1871 1613 fingamus
1892 1555 1965 1594 ex
1991 1532 2251 1592 kalendis
2265 1531 2447 1612 juniis
2465 1575 2485 1605 ,

392 1643 458 1689 et
485 1649 708 1689 mense
740 1627 1036 1688 decembri
1063 1628 1381 1688 desierunt.
1414 1634 1684 1708 Namque
1708 1630 1895 1689 tertiis
1920 1629 2487 1706 Saturnalibus,quae

396 1727 650 1786 fuerant
673 1728 801 1786 x11
825 1727 941 1784 kal.
960 1726 1213 1804 januarii
1237 1769 1256 1796 ‚
1289 1726 1449 1806 apud
1477 1731 1563 1786 Μ.
1584 1726 1842 1786 Tullium
1876 1730 2067 1786 Caaear
2100 1725 2373 1796 coenavit,
2418 1739 2486 1784 ut

395 1835 488 1880 ωε
510 1823 582 1881 in
605 1821 864 1900 epistola
886 1822 1087 1882 ultima
1109 1821 1251 1882 libri
1279 1821 1469 1901 hujus.
1495 1827 1863 1900 Quamquam
1887 1822 2097 1882 ultima
2121 1822 2223 1880 illa
2246 1819 2485 1881 videtur

397 1938 564 1990 esse,
599 1919 708 1976 cui
739 1931 828 1977 est
851 1918 914 1976 in
944 1917 1060 1978 hoc
1091 1918 1241 1976 libro
1273 1918 1436 1989 locus
1467 1921 1602 1979 XLI
1630 1918 1978 1996 assignatus,
2026 1919 2091 1977 in
2122 1938 2241 1996 qua
2270 1917 2345 1976 de
2372 1937 2481 1977 suo

395 2015 586 2074 natali
609 2013 716 2072 die
741 2017 951 2091 agitur,
969 2015 1074 2092 qui
1096 2014 1206 2073 fuit
1224 2017 1314 2074 111
1341 2035 1482 2073 non.
1489 2015 1612 2094 jan.
1625 2019 2047 2095 Argumentum
2072 2015 2301 2074 illarum
2327 2015 2481 2073 mul—

401 2111 591 2192 tiplex
617 2125 713 2171 est
729 2155 750 2186 ‚
774 2110 878 2171 sed
901 2111 1215 2191 plurimum
1236 2113 1298 2170 in
1321 2112 1468 2171 illis:
1495 2112 1570 2171 de
1597 2113 1843 2193 epistola
1867 2112 1940 2172 ad
1963 2116 2247 2174 Caesarem
2274 2113 2445 2172 missa
2460 2135 2477 2169 ε

399 2229 554 2287 quos
587 2209 660 2268 in
689 2228 831 2268 suos
857 2209 1134 2289 Dialogus
1159 2207 1459 2268 includere
1487 2210 1731 2270 debeat:
1760 2211 1836 2271 de
1879 2211 2301 2271 hereditatibus
2341 2212 2475 2290 qui-

397 2307 658 2370 busdam
683 2331 700 2368 2
728 2307 804 2370 de
833 2309 1036 2384 Quinti
1064 2307 1168 2369 filii
1198 2309 1606 2389 improbitate,
1648 2312 1891 2390 querela
1918 2333 1933 2369 ε
1970 2310 2045 2371 de
2072 2330 2180 2371 suo
2207 2315 2427 2373 Catone
2446 2356 2465 2387 ,

397 2420 460 2466 et
482 2410 738 2469 Caesaris
761 2407 1145 2467 Anticatone:
1170 2419 1231 2467 et
1259 2406 1335 2467 de
1361 2407 1691 2468 domesticis
1717 2410 1837 2469 suis
1864 2407 2041 2469 rebus
2070 2410 2385 2468 nonnullis.
