3019 4681
648 455 1189 524 EPISTOLAE
1238 456 1373 524 An
1420 459 1934 546 ATTICUM,
1975 463 2217 548 x111,
2263 461 2332 532 6.
2439 463 2576 561 307

457 572 633 670 quid
657 587 801 662 est,
832 573 1033 670 quod
1064 572 1439 646 honestius
1466 576 1906 674 respondere
1934 583 2330 677 possimuS,
2367 611 2587 682 quam

456 679 921 754 solitudinem
948 683 1333 754 Catonis4?
1372 708 1506 756 nec
1533 684 2012 761 coheredibus
2044 690 2280 763 solum
2313 699 2590 767 Heren-

458 793 733 881 nianiS,
780 793 908 864 sed
956 794 1213 884 etiam,
1250 807 1335 864 ut
1374 797 1509 865 scis
1556 797 1680 888 (tu
1731 799 1923 867 enim
1971 825 2256 873 mecum
2298 806 2593 903 egisti),

458 902 549 973 de
587 927 817 1000 puero
864 903 1217 974 Lucullo:
1251 929 1470 1001 quam
1521 909 1900 1004 pecuniam
1947 925 2148 983 tutor
2191 914 2414 1010 (nam
2449 915 2590 988 hoc

452 1007 758 1110 ‘quoque
799 1013 889 1084 ad
928 1037 1081 1083 rem
1120 1011 1532 1112 pertinet-5)
1565 1017 1642 1086 in
1680 1016 1946 1090 Achaia
1990 1041 2417 1122 sumpserat.
2454 1026 2595 1106 Sed

457 1126 601 1221 agit
642 1122 1079 1212 liberaliter,
1122 1127 1463 1220 quoniam
1524 1142 1739 1224 negat
1785 1153 1857 1199 se
1907 1132 2306 1230 quidquam
2360 1134 2595 1208 factu·-

457 1259 619 1306 rum
673 1249 927 1306 contra
982 1249 1303 1306 nostram
1365 1235 1836 1309 voluntatem.
1906 1246 2166 1314 Coram
2217 1247 2462 1342 igitur,
2511 1261 2598 1318 ut

458 1342 750 1430 scribis,
805 1343 1361 1432 constituemus,
1410 1345 2031 1442 quemadmodum
2081 1379 2236 1425 rem
2286 1357 2598 1455 explice-

456 1477 639 1526 mus.
704 1452 922 1543 Quod
989 1454 1314 1550 reliquos
1376 1454 1822 1528 coheredes⁶
1879 1463 2276 1534 convenisti
2300 1518 2320 1553 ,
2383 1465 2598 1564 plane

458 1563 651 1635 bene
676 1561 925 1636 fecisti.
956 1563 1173 1653 Quod
1208 1565 1589 1662 epistolam
1617 1591 1847 1638 meam
1877 1567 1966 1638 ad
1994 1574 2298 1642 Brutum
2328 1575 2600 1670 poscis,

458 1699 608 1746 non
636 1673 875 1746 habeo
905 1674 1061 1770 ejus
1090 1675 1548 1773 exemplum3
1582 1675 1712 1748 sed
1747 1693 1992 1750 tamen
2023 1681 2302 1752 salvum
2341 1699 2482 1770 est,
2523 1699 2595 1756 et

458 1789 557 1857 ait
598 1787 765 1857 Tiro
792 1839 812 1871 ‚
861 1800 935 1857 te
989 1784 1257 1858 habere
1309 1801 1648 1883 oportere
1686 1813 1702 1857 ε
1748 1803 1822 1860 et
1846 1844 1865 1877 ‚
1919 1805 2002 1860 ut
2037 1792 2410 1881 recordor,
2449 1816 2599 1865 una

456 1921 624 1968 cum
650 1897 837 1968 illius
866 1895 1403 1992 objurgatoria⁷
1440 1895 1573 1965 tibi
1605 1921 1836 1967 meam
1875 1921 2213 1996 quoque,
2253 1925 2470 1997 quam
2506 1899 2600 1973 ad

459 2029 625 2080 eum
678 2009 1182 2108 rescripseram
1206 2060 1227 2095 ,
1280 2005 1463 2076 misi.
1525 2005 1856 2078 Judiciali
1914 2006 2294 2080 molesti-‘1⁸
2349 2025 2436 2081 ut
2481 2035 2596 2084 ca-

458 2141 687 2206 ream,
724 2114 1027 2186 videbis.

458 2293 651 2343 Atticus
684 2289 909 2340 Ciceroni
949 2287 1103 2337 tutori
1135 2284 1453 2354 significasset
1467 2323 1483 2347 ‚

459 2373 702 2436 rescripsit
724 2370 922 2427 Cicero,
935 2384 987 2416 se
1010 2366 1137 2416 nihil
1152 2368 1330 2416 babere
1346 2367 1483 2431 quod

457 2451 706 2499 honestius
728 2446 952 2513 petitioni
975 2447 1180 2506 Pisonis,
1207 2457 1256 2495 et
1276 2446 1483 2511 reliquo-

458 2549 565 2580 rum
607 2528 897 2579 coheredum
940 2528 1358 2577 Herennianomm
1402 2542 1480 2573 re-

458 2610 697 2675 spondere
721 2620 839 2656 tunc
857 2618 1023 2673 posset
1037 2640 1053 2665 ‚
1074 2622 1219 2671 quam
1236 2641 1250 2665 ‚
1276 2622 1481 2671 puerum

458 2690 695 2739 Catonem
712 2688 869 2736 solum
895 2703 995 2735 esse
1011 2720 1025 2745 ,
1038 2686 1135 2734 hoc
1158 2695 1229 2733 est
1244 2721 1260 2747 ,
1279 2685 1481 2734 destitu-

460 2780 565 2816 tum
590 2784 693 2815 esse
718 2766 947 2832 praesidio
970 2776 1189 2813 tutorum
1209 2781 1222 2811 ε
1240 2779 1291 2812 se
1315 2766 1445 2813 enim
1464 2799 1479 2825 ,

460 2858 508 2896 et
532 2846 743 2909 reliquos
786 2856 971 2893 tutores
1007 2841 1173 2891 abesse
1194 2856 1207 2889 :
1230 2842 1480 2907 simileque

459 2942 741 2991 responsum
764 2924 921 2972 eidem
955 2922 1120 2971 Pisoni
1147 2922 1359 2969 dandum
1386 2939 1481 2987 pn-

458 3006 591 3054 tabat
612 3005 673 3055 de
689 3004 893 3070 pecnnia
909 3020 1057 3068 quam
1070 3002 1266 3069 petebat
1282 3020 1309 3051 a
1324 3018 1479 3067 puero

458 3085 661 3135 Lucullo
676 3120 691 3143 ,
714 3086 851 3146 cujus
865 3085 1033 3132 itidem
1050 3094 1234 3131 tutores
1253 3082 1451 3130 aberant
1462 3118 1481 3146 ‚

458 3168 595 3229 isque
618 3165 951 3229 potissimum,
977 3163 1064 3227 qni
1090 3177 1193 3209 eam
1226 3162 1480 3225 pecuniam

459 3256 677 3293 mutuam
707 3252 975 3307 sumpserat
1011 3241 1064 3289 in
1100 3241 1233 3289 Asia.
1266 3232 1481 3290 Proinde

459 3325 836 3389 exspectandum
870 3340 972 3372 esse
998 3322 1205 3373 reditum
1227 3326 1480 3389 utriusque

458 3405 597 3467 pueri
621 3412 854 3452 tutorum.
879 3406 1078 3453 Bosms.

530 3490 580 3539 4.
630 3481 945 3531 Solitudinem
994 3481 1208 3532 Catonis.
1256 3480 1477 3547 Pupillus

458 3562 593 3611 solus
616 3578 719 3611 esse
742 3561 945 3621 dieitur,
964 3562 1044 3609 eni
1071 3572 1257 3611 tutores
1272 3594 1287 3619 ,
1313 3577 1339 3608 a
1366 3562 1475 3625 qui-

460 3640 551 3689 bus
568 3641 869 3700 defendatur,
886 3653 1065 3705 presto
1084 3656 1186 3689 non
1204 3652 1334 3689 sunt.
1354 3641 1475 3688 Ideo

458 3720 631 3769 Cicero
694 3720 1009 3768 solitudinem
1070 3717 1269 3769 Catonis
1332 3728 1475 3765 vocat

457 3798 719 3846 absentiam
742 3800 846 3860 ejus
865 3809 1100 3846 tutorum.
1131 3798 1244 3845 Fuit
1271 3796 1442 3845 Cicero
1459 3830 1475 3856 ,

456 3888 511 3926 ut
530 3878 647 3925 hinc
665 3877 955 3939 conjicimus
970 3912 985 3939 ,
1008 3891 1135 3924 nnus
1153 3873 1214 3922 de
1234 3874 1476 3923 tutoribus

456 3972 716 4021 puerorum
764 3956 965 4006 Catonis
979 3990 995 4017 ,
1040 3966 1087 4003 et
1128 3954 1321 4003 Luculli
1355 3968 1372 4003 ε
1417 3970 1475 4001 ae

455 4036 651 4099 quidem
670 4035 860 4083 Luculli
878 4034 1043 4082 tutela
1060 4032 1278 4082 meminit
1293 4032 1379 4081 lib.
1400 4034 1475 4080 111

454 4114 519 4162 de
542 4114 754 4161 Finibus.
781 4116 933 4161 Inan.

528 4194 575 4239 5.
602 4194 691 4243 Ad
708 4210 807 4243 rem
825 4192 1050 4259 pertinet.
1082 4194 1147 4240 Ut
1172 4193 1349 4241 solutio
1372 4208 1473 4241 non

1568 2300 1818 2355 urgeatur:
1833 2305 1984 2356 quum
2003 2293 2045 2342 is
2064 2302 2198 2340 tutor
2215 2309 2321 2343 non
2339 2294 2489 2351 adsit.
2509 2297 2597 2361 qui

1568 2384 1672 2418 enm
1699 2371 1955 2435 pecuniam
1990 2382 2209 2423 mutuam
2244 2387 2514 2441 sumpserat
2538 2377 2593 2425 in

1568 2450 1702 2498 Asia.
1733 2452 1885 2499 lnam.

1640 2528 1694 2577 6.
1737 2528 1883 2593 Quod
1909 2528 2119 2594 reliquos
2153 2525 2426 2581 coheredes.
2462 2534 2593 2582 Beue

1567 2606 1748 2669 fecisti,
1782 2606 1916 2673 qnod
1935 2608 2249 2673 colloquutus
2274 2627 2324 2658 es
2347 2628 2458 2659 cum
2483 2611 2596 2659 reli-

1569 2686 1681 2751 quis
1706 2686 2026 2737 coheredibus
2063 2690 2417 2750 Herennianis,
2447 2700 2495 2738 et
2531 2690 2594 2738 sb

1568 2764 1630 2812 iis
1663 2764 1969 2831 impetrasti,
2003 2784 2065 2814 ne
2097 2769 2264 2833 potius
2297 2769 2591 2818 solutionem

1567 2857 1793 2908 urgerent
1809 2880 1824 2904 ,
1841 2862 1984 2909 quam
2012 2857 2096 2894 aut
2122 2864 2214 2911 ego
2238 2849 2481 2908 adessem,
2507 2861 2596 2897 aut

1568 2924 1652 2972 alii
1689 2937 1875 2973 tutores
1917 2926 2131 2979 Catonis.
2167 2928 2391 2979 Ceterum
2428 2930 2590 2993 edidi,

1567 3018 1625 3053 ut
1651 3016 1752 3054 erat
1766 3008 1834 3053 ‘in
1867 3008 2132 3055 Decurtato
2163 3016 2213 3056 et
2238 3010 2552 3059 Tomaesiano
2574 3045 2590 3070 ,

1559 3085 1718 3151 plane
1743 3085 2058 3151 benefecisti.
2094 3088 2218 3137 Nam
2255 3089 2456 3137 verbum
2475 3123 2491 3150 ,
2503 3088 2593 3154 fi-

1569 3164 1706 3229 eieci,
1726 3182 1753 3212 a
1779 3164 1988 3228 vulgatis
2014 3164 2165 3230 abest.
2191 3168 2341 3213 Inus.

1643 3262 1692 3306 7.
1733 3241 2092 3309 Objurgaeot-ia.
2123 3246 2249 3307 Quia
2280 3247 2459 3292 Brutus
2485 3261 2594 3292 eum

1569 3322 1906 3387 objurgaverat
1925 3356 1940 3381 ‚
1992 3322 2130 3386 quod
2181 3324 2430 3371 interitum
2481 3322 2594 3371 filiae

1567 3402 1764 3451 mollius
1798 3402 1942 3449 ferret
1956 3434 1972 3459 ,
2007 3418 2152 3465 qnam
2181 3402 2341 3449 virum
2377 3401 2591 3450 deceret.

1563 3485 1736 3545 Itaque
1773 3480 1877 3544 ipse
1907 3480 2112 3531 Brutum
2143 3480 2306 3527 solans
2346 3481 2399 3527 in
2433 3490 2591 3535 morte

1565 3561 1756 3617 matris,
1793 3561 1910 3617 Est,
1957 3560 2142 3623 inquit,
2184 3559 2394 3607 alienum
2451 3570 2588 3608 tamo

1563 3639 1702 3697 vim,
1732 3649 1826 3686 etc.
1854 3636 2007 3701 Epist.
2036 3636 2098 3686 ad
2123 3639 2346 3686 Brutum.
2374 3640 2515 3689 Mur.

1637 3720 1685 3765 8.
1738 3715 1980 3764 Judahiah·
2029 3715 2264 3765 molestia.
2326 3717 2556 3767 Jndieatu
2573 3755 2589 3779 ,

1564 3813 1664 3846 non
1681 3832 1696 3859 ,
1720 3807 1776 3844 ut
1803 3796 1994 3845 Manut.
2017 3796 2282 3855 intellexit,
2311 3796 2372 3844 de
2393 3800 2590 3861 patroni

1563 3874 1840 3923 laboribus:
1875 3890 1987 3920 nam
2017 3875 2070 3922 in
2095 3874 2193 3923 hoc
2219 3876 2472 3925 Ciceronis
2491 3892 2587 3940 po-

1565 3964 1735 4003 testate
1752 3963 1870 4002 erat.
1897 3952 2053 4019 Supra
2072 3956 2172 4003 xlx
2188 3988 2203 4013 ,
2239 3968 2301 4017 19
2314 3951 2589 4020 ,judicatus

1565 4033 1703 4083 dixit.
1745 4035 1940 4081 Poterat
1979 4032 2234 4097 providere
2271 4034 2346 4081 vel
2384 4050 2446 4081 ne
2481 4050 2586 4081 sors

1563 4114 1666 4175 ejus
1691 4111 1995 4169 educeretur,
2035 4112 2109 4159 vel
2145 4114 2186 4159 si
2222 4124 2344 4159 esset
2381 4111 2580 4171 educta,

1565 4206 1620 4243 ut
1641 4192 1820 4257 aliquis
1841 4191 1946 4253 ejus
1971 4192 2082 4239 loco
2103 4190 2361 4257 judicaret.
2391 4192 2479 4239 En.

2187 4302 2298 4345 20.
