3019 4681
487 338 623 416 362
1122 347 1241 414 .M.
1288 345 1367 414 T.
1413 346 1974 418 CICERONIS

479 467 693 536 etiam
736 462 1108 562 religionis
1152 467 1501 564 opinione
1537 479 1612 538 et
1654 465 1867 539 fama.
1908 462 2242 538 Cottam⁸
2281 466 2466 538 mihi
2510 492 2630 541 ve-

483 573 605 644 lim
655 575 916 646 mittas.
972 573 1381 648 Libonem9
1432 601 1722 648 mecum
1773 575 2051 666 habeo,
2109 591 2186 650 et
2233 575 2629 650 habueram

481 699 648 757 ante
692 689 983 758 Cascam
1006 697 1093 755 ¹0.
1140 691 1405 758 Brutus
1440 679 1626 759 mihi
1654 692 1731 759 T.
1764 688 2030 788 Ligarii
2063 686 2303 760 verbis
2333 691 2628 760 nuntia·

483 799 590 868 vit
610 849 631 884 ,
672 797 875 894 quod
928 797 1339 896 appelletur
1385 803 1461 872 L.
1515 796 1879 870 Curfidius
1928 799 2006 869 in
2059 799 2390 870 oratione
2423 801 2628 896 Liga-

480 903 721 992 riana,
750 917 1067 982 erratum
1099 927 1256 977 esse
1288 928 1570 994 meum3
1599 903 1729 978 sed
1747 959 1768 994 ‚
1796 919 1878 976 ut
1906 905 2150 990 aiunt,
2175 910 2540 1002 μνημονικὸν
2568 916 2622 950 ¹¹

489 1013 853 1106 ἁμάρτημα.
910 1009 1243 1082 Sciebam
1305 1009 1712 1087 Curfidium
1762 1013 2380 1108 pernecessarium
2429 1011 2631 1106 Liga-

480 1119 802 1207 riorum3
853 1117 981 1191 sed
1026 1143 1195 1191 eum
1237 1120 1455 1194 video
1500 1136 1670 1194 ante
1723 1145 1876 1194 esse
1915 1134 2320 1194 mortuum.
2353 1125 2466 1192 Da
2497 1123 2628 1218 igi-

483 1240 630 1316 tur,
661 1252 907 1324 quaeso
928 1283 948 1317 ‚
988 1232 1367 1327 negotium
1404 1231 1756 1304 Pharnaci
1777 1242 1864 1318 ¹²,
1903 1237 2198 1317 Antaeo,
2233 1231 2505 1319 Salvio,
2547 1245 2632 1301 ut

487 1334 565 1408 id
605 1363 877 1410 nomen
919 1364 1009 1411 ex
1054 1340 1398 1414 omnibus
1438 1341 1642 1414 libris
1677 1340 1978 1414 tollatur
1999 1337 2086 1412 ¹3.

554 1509 605 1559 8.
621 1508 1037 1560 Cottam-Librum
1050 1514 1226 1574 Cottae,
1239 1515 1344 1578 qni,
1358 1529 1515 1578 quum
1601 1515 1776 1564 Cauca·
1799 1516 1854 1563 in
1877 1515 2114 1565 Cau-em
2131 1523 2302 1578 postea
2337 1513 2632 1574 conjuras-e.

480 1589 687 1642 Canu-i·
701 1601 825 1642 enat
838 1591 1050 1657 legatus,
1065 1589 1271 1661 περὶτῆς
1281 1581 1516 1661 Ρωμαίων
1603 1593 1734 1644 Phil.
1771 1608 1826 1644 ει.
1849 1594 2068 1642 Mum-r.

478 1667 719 1728 πολιτείας
756 1687 911 1736 graeoe
954 1659 1166 1740 scripsit.
1204 1676 1389 1728 Athen.
1424 1676 1514 1726 lib.
1681 1690 1704 1721 1
1717 1689 1765 1722 1.
1779 1669 2090 1739 Μνημοναόν.
2103 1670 2634 1735 Μσηιοήωροσοαειιηι.

479 1749 599 1799 VH.
614 1751 768 1801 Mn.
1679 1767 1760 1802 ια.
1796 1751 2068 1811 Pharnaci,
2113 1762 2207 1800 eto.
2249 1749 2482 1798 librariis
2517 1749 2633 1798 tuis.

552 1843 605 1892 9.
630 1830 875 1881 uuum.
910 1831 1031 1894 Ejus
1060 1833 1276 1884 amalos.
1312 1835 1391 1883 De
1414 1835 1513 1884 hoe
1601 1831 2198 1896 Mam—Appellamu-
2223 1828 2490 1893 ruthque
2506 1827 2636 1878 enim

481 1909 583 1970 iam
608 1925 759 1976 snpra
778 1910 979 1976 scripit
996 1912 1141 1981 epist.
1164 1910 1253 1964 32.
1269 1913 1367 1962 En.
1599 1911 1763 1960 Tullio
1791 1925 1976 1960 morum
1999 1909 2188 1960 librarii
2212 1919 2482 1974 gestet-unt.
2506 1907 2636 1958 Vide

557 2001 643 2040 ιο.
668 1989 890 2040 Οαεοαιη.
917 1991 1081 2040 Cncoe
1104 1991 1316 2052 librum,
1340 2007 1512 2057 quam-
1599 1990 1706 2038 Jno.
1726 1989 1971 2038 Perizonii
1992 1987 2256 2038 Animdv.
2283 1989 2476 2036 Histor.
2513 2001 2556 2036 c.
2589 2001 2636 2035 1.

480 2067 558 2117 vis
576 2084 633 2117 a
660 2069 723 2118 de
749 2085 805 2118 re
822 2067 949 2118 nihil
964 2071 1201 2136 ocriptun
1228 2071 1513 2121 viderimus.
1677 2067 1760 2117 13.
1805 2063 2152 2133 Nonfizenem.
2195 2066 2294 2116 Sed
2325 2066 2474 2115 habet
2496 2067 2640 2130 Liga-

480 2147 611 2201 mad
648 2147 847 2212 quidem
882 2151 1087 2211 οσίωιιι,
1116 2150 1242 2199 duo·
1280 2151 1513 2202 Servilio·
1603 2147 1770 2208 riam,
1797 2163 1906 2213 cap.
1929 2161 1950 2198 ι
1967 2163 1988 2196 ι
2007 2181 2022 2209 ,
2045 2145 2328 2216 Corfinium.

1494 2291 1866 2314 mm
1873 2291 2142 2312 mm

2421 2289 2639 2314 m

1092 2428 1719 2512 EPISTOLA
1785 2428 2054 2509 XLV.

483 2593 575 2650 De
604 2590 859 2651 adventu
886 2592 1126 2652 Caesaris
1152 2593 1214 2650 in
1240 2592 1489 2671 epistola
1517 2592 1642 2671 ejus
1669 2592 1937 2651 nuntiato
1957 2635 1976 2665 ,
2025 2604 2086 2650 et
2110 2590 2186 2649 de
2214 2590 2499 2651 divisione
2528 2590 2638 2650 he-

628 2684 907 2747 reditatis.
936 2688 1047 2771 (In
1076 2690 1438 2763 Tusculano,
1466 2708 1622 2748 anno
1649 2692 1725 2752 U.
1751 2692 1817 2749 C.
1845 2690 1990 2762 708,
2021 2706 2218 2747 mense
2245 2686 2497 2769 sextili.)

1162 2841 1478 2909 CICERO
1526 2841 1847 2906 A'l'rlco
1895 2840 1959 2907 S.

582 2978 761 3047 Fun·
800 2976 997 3075 apud
1026 3002 1147 3051 me
1176 2980 1427 3051 Lamia
1460 2992 1631 3077 post
1667 2977 2064 3050 discessum
2096 2992 2340 3066 tuum,
2375 2976 2641 3074 episto-

492 3086 787 3187 lamque
810 3088 904 3161 ad
931 3114 1046 3163 me
1074 3090 1316 3163 attulit
1342 3094 1635 3163 missam
1653 3086 1792 3161 s‘ibi
1819 3112 1858 3159 a
1877 3091 2155 3162 Caesare
2175 3114 2190 3158 :
2213 3110 2376 3187 quae
2393 3110 2644 3187 quam-

494 3222 716 3295 quam
750 3214 918 3273 ante
954 3200 1123 3275 data
1153 3217 1311 3275 erat
1332 3255 1353 3291 ‚
1387 3226 1610 3299 quam
1643 3199 1786 3273 -illae
1819 3198 2278 3275 Diocharinae
2301 3210 2356 3287 ¹,
2397 3212 2643 3273 tamen

492 3310 710 3408 plane
742 3311 1189 3405 declarabat,
1218 3314 1425 3385 illum
1466 3329 1638 3387 ante
1670 3310 1885 3385 ludos
1915 3336 2260 3385 romanos
2291 3334 2445 3384 esse
2472 3334 2674 3381 vens

492 3434 765 3509 turum.
814 3428 903 3495 In
954 3449 1103 3525 qua
1154 3440 1476 3507 extrema
1527 3426 1884 3523 scr1ptum
1935 3437 2125 3514 erat,
2174 3438 2262 3495 ut
2298 3420 2394 3496 ad
2431 3416 2644 3505 ludos

496 3535 741 3607 omnia
764 3550 1055 3634 pararet
1070 3590 1091 3624 ,
1122 3562 1306 3609 neve
1334 3537 1826 3608 committeret
1845 3589 1865 3624 ‚
1897 3548 1984 3606 ut
2009 3531 2274 3605 frustra
2298 3534 2456 3633 ipse
2479 3556 2645 3635 pro-

498 3658 839 3742 perasset.
900 3648 1202 3721 Prorsus
1265 3673 1351 3720 ex
1407 3644 1523 3719 his
1573 3646 1798 3719 literis
1849 3669 2003 3716 non
2053 3641 2437 3716 videbatui·
2485 3666 2642 3715 esse

498 3752 809 3827 dubium
825 3809 846 3844 ,
888 3762 1077 3856 quin
1113 3774 1283 3832 ante
1320 3784 1481 3831 eam
1513 3757 1708 3831 diem
1744 3772 2092 3831 venturus
2127 3770 2362 3829 esset:
2412 3754 2644 3827 idem-

496 3888 641 3962 que
682 3864 945 3961 Balbo,
987 3894 1219 3968 quum
1256 3892 1414 3942 eam
1458 3869 1840 3969 epistolam
1879 3866 2208 3967 legisset,
2241 3864 2471 3937 videri
2504 3867 2642 3935 La·

574 4042 621 4076 r·
637 4025 1027 4079 mohab-‚A
1051 4030 1297 4081 Diochare
1314 4031 1528 4096 scripte,
1613 4056 1687 4069 --
1722 4027 2066 4077 Dioohanhae.
2110 4027 2192 4077 Al.
2217 4026 2390 4092 {qum
2413 4022 2504 4074 iun
2523 4022 2646 4072 &⁶⁶-

500 4106 703 4157 Caenario
724 4106 921 4159 liberto.
941 4112 1033 4175 Ep.
1053 4111 1086 4159 6
1102 4146 1118 4171 ‚
1140 4112 1231 4161 lib.
1260 4112 1359 4161 11.
1376 4112 1527 4160 Mur.
1617 4108 1840 4159 ohan-ina.
1868 4110 1918 4157 3.
1937 4113 2000 4159 V.
2025 4111 2080 4156 Ι...
