3019 4681
506 371 648 451 260
1162 371 1258 438 M.
1297 371 1372 437 T.
1410 369 1960 440 CICERONIS

506 493 706 580 dam,
752 515 793 562 a
829 514 979 587 quo
1010 513 1291 578 emero,
1330 514 1475 559 non
1512 489 1676 588 plus
1718 513 1991 560 annum
2015 485 2044 530 ⁵
2085 511 2384 584 possum
2435 515 2622 564 asse-

504 605 629 700 qui
663 629 679 670 :
716 601 915 699 quod
943 599 1109 670 volo
1131 654 1150 688 ,
1206 602 1263 670 si
1300 614 1381 670 tu
1406 597 1569 671 me⁶
1592 599 1904 694 adjuvas.
1939 601 2414 671 Paratissimi⁷
2453 617 2620 672 sunt

497 714 752 799 Drusi3
804 712 1007 810 cupit
1042 714 1237 781 enim
1284 709 1618 782 vendere.
1680 712 2054 784 Proximos
2091 724 2271 808 puto
2317 714 2618 799 Lamiae3

500 823 628 894 sed
650 821 871 893 abest.
899 826 1007 892 Tu
1025 836 1263 893 tamen
1286 877 1306 910 ,
1340 825 1400 892 si
1436 819 1615 917 quid
1644 835 1850 918 potes
1873 874 1892 909 ,
1926 821 2248 891 odorare.
2281 825 2391 892 N‘e
2409 822 2619 893 Silius

501 931 799 1031 quidem
830 930 1229 1029 quidquam
1272 933 1501 1001 utitur
1520 985 1539 1018 ,
1565 945 1637 1002 et
1672 932 1756 1000 iis
1790 931 2030 1001 usuris
2048 923 2080 974 3
2105 928 2436 1001 facillime
2466 956 2616 1002 sus-

498 1041 961 1114 tentabam-9.
1016 1041 1216 1112 Habe
1253 1056 1463 1111 tuum
1502 1041 2001 1138 negotium103
2062 1064 2228 1127 nee,
2271 1039 2450 1138 quid
2503 1065 2614 1112 res

498 1175 659 1222 mea
692 1148 1051 1222 familiaris
1086 1150 1437 1248 postulet,
1460 1175 1680 1246 quam
1715 1175 1850 1248 ego
1885 1175 2035 1222 non
2060 1174 2266 1235 cum,
2295 1149 2419 1222 sed
2439 1149 2614 1247 quid

496 1261 751 1347 velim,
790 1273 863 1331 et
888 1284 1019 1331 cur
1044 1260 1260 1330 velim
1279 1314 1298 1347 ,
1343 1260 1690 1332 existima.

495 1447 605 1496 quae
630 1446 734 1479 non
766 1413 954 1479 invitus
982 1429 1163 1494 possim
1200 1419 1431 1488 vendere,
1456 1441 1514 1477 ut
1597 1431 1662 1480 sd
1685 1431 1938 1480 facultates
1954 1431 2135 1489 Attici,
2163 1429 2248 1479 sed
2269 1429 2332 1479 nd
2350 1444 2544 1494 operam
2565 1441 2614 1477 et

493 1511 696 1561 habeam
714 1509 849 1572 unde
869 1508 1041 1558 hortos
1057 1525 1230 1558 emm.
1252 1509 1347 1557 Sed
1362 1542 1378 1567 ,
1397 1509 1439 1556 si
1456 1519 1513 1556 tu
1597 1511 1894 1576 diligentiam
1932 1513 2163 1576 pertinet.
2204 1512 2267 1558 Et
2309 1509 2513 1558 refertur
2551 1509 2613 1556 sd

492 1605 571 1638 me
591 1587 813 1650 adjuvas,
832 1603 1031 1654 possum
1048 1589 1260 1652 assequi,
1273 1587 1413 1653 qnod
1427 1603 1512 1635 vo·
1594 1589 1745 1650 illud,
1759 1607 1961 1654 possum
1983 1590 2190 1655 assequi.
2215 1591 2366 1637 Mu.

488 1670 569 1726 lo,
606 1679 663 1716 nt
694 1668 815 1716 nihil
848 1667 1054 1718 vendam
1074 1703 1091 1724 ‚
1128 1670 1299 1732 eique,
1340 1682 1367 1715 s
1406 1681 1509 1731 qno

488 1763 675 1807 emero,
699 1763 893 1796 usuram
926 1745 1264 1796 tantummodo
1299 1762 1508 1795 annuam

486 1826 711 1893 pendam.
732 1827 877 1874 Mu.

560 1905 609 1954 5.
630 1907 743 1954 Non
761 1907 876 1969 plus
901 1921 1102 1953 annum.
1121 1904 1237 1953 Non
1263 1904 1387 1953 uin-a
1409 1907 1504 1952 mi-

486 1999 581 2033 nus
602 1984 719 2032 anni
738 1985 967 2049 spatium.
982 1985 1098 2032 Tale
1116 1983 1239 2032 illud
1263 1994 1336 2032 est
1360 1986 1503 2049 epist.

488 2063 549 2122 6,
594 2063 688 2112 lib.
718 2065 836 2112 VI:
879 2083 902 2106 ι
924 2063 1057 2111 Num
1103 2073 1175 2110 est
1221 2063 1353 2122 hoc,
1402 2079 1505 2111 non

485 2142 599 2206 plus
636 2157 817 2190 annum
857 2142 1077 2190 obtinete
1121 2142 1423 2205 provinciam
1440 2145 1499 2191 P·

484 2220 700 2268 Dixisset
734 2219 881 2267 etism
916 2220 1157 2283 eleganter
1170 2253 1187 2280 ‚
1214 2221 1369 2278 «Non
1390 2221 1505 2285 plns

484 2315 691 2349 annuam
700 2321 740 2346 n.
760 2301 908 2350 Msn.

1668 1687 1716 1730 7.
1741 1669 2067 1718 Paratissimi.
2088 1668 2250 1717 Horti.
2266 1669 2414 1717 Man.

1667 1749 1714 1796 8.
1742 1748 1959 1814 Lipsius,
1979 1748 2151 1811 Antiq.
2173 1749 2304 1794 Lect-
2325 1747 2415 1805 IV,
2435 1761 2496 1808 9,
2516 1760 2610 1807 pro

1594 1825 1652 1874 iis
1674 1827 1849 1887 usuris,
1876 1826 2085 1874 malebat
2105 1826 2144 1873 is
2167 1825 2350 1886 usur-125,
2376 1824 2500 1872 bene
2517 1859 2532 1883 ,
2555 1835 2612 1872 ut

1592 1906 1732 1954 multi
1750 1907 2096 1970 opinantur.)-
2116 1907 2182 1954 V.
2205 1908 2261 1954 1..

1663 2001 1713 2048 9.
1755 1987 2122 2034 Sus-tentabitur.
2161 1984 2318 2033 Facile
2371 1995 2610 2046 tamqnam

1593 2063 1728 2112 dives
1753 2064 1910 2112 usuris
1951 2063 2044 2111 sibi
2068 2064 2282 2128 patietur
2306 2062 2606 2118 satisfacere,

1591 2143 1742 2192 dilata
1759 2143 1905 2191 sortis
1921 2143 2180 2192 solutione.
2203 2145 2375 2191 Guv.

1667 2239 1749 2271 10.
1777 2223 1919 2269 Habe
1935 2233 2069 2270 tuum
2089 2220 2355 2285 negotium.
2377 2219 2608 2268 Existima

1589 2313 1729 2352 tuum
1743 2317 1845 2350 esse
1859 2301 2125 2365 negotium.
2140 2303 2261 2348 Haec
2279 2315 2354 2348 res
2375 2297 2463 2347 tibi
2484 2313 2610 2345 curae

382 2444 389 2455 ’
486 2456 719 2521 consequi
746 2466 913 2521 potes,
942 2465 997 2502 nt
1030 2455 1286 2519 pecuniam
1310 2456 1375 2503 ab
1407 2458 1467 2504 iis
1484 2492 1502 2518 ,

1589 2382 1680 2441 sit,
1705 2381 1822 2429 item
1843 2391 1898 2428 ut
1923 2382 1965 2427 si
1985 2391 2069 2428 tua
2091 2395 2166 2426 res
2184 2389 2323 2426 esset.
2345 2380 2510 2426 Genus
2535 2376 2608 2423 lo·-

1589 2459 1774 2524 quendi
1807 2458 2089 2523 perelegans
2109 2492 2126 2517 ,
2144 2472 2245 2521 quo
2281 2467 2332 2505 et
2363 2456 2488 2504 insu-s
2515 2454 2609 2503 uti·

483 2538 571 2601 qui
596 2536 803 2594 debs-t,
828 2536 1091 2599 exigemus.
1118 2538 1229 2584 Hoc
1248 2534 1378 2583 enim
1400 2551 1503 2584 non
1592 2548 1696 2599 tur,
1711 2538 1800 2586 lib.
1823 2538 1966 2600 XIV,
1993 2537 2134 2602 epist.
2165 2552 2215 2585 a.
2243 2537 2388 2583 Man.

556 2380 606 2425 6.
632 2378 688 2425 Si
708 2389 761 2425 eu
784 2393 859 2424 me
884 2376 1104 2444 adjuvas.
1144 2378 1197 2425 si
1222 2388 1311 2425 tuo
1338 2378 1502 2428 studio

1121 2706 1884 2727 mmmmw-mss
1893 2706 2402 2727 ”mmm
2417 2706 2602 2725 §ssssu

480 2707 757 2728 mm

1032 2878 1638 2969 EPISTOLA
1688 2888 2045 2967 XXIII.

475 3089 595 3147 Cur
620 3090 861 3145 Romam
888 3082 1088 3141 venire
1116 3082 1280 3155 nolit,
1304 3082 1547 3160 exponit
1555 3104 1576 3155 ;
1605 3080 1679 3140 de
1707 3081 1978 3140 Terentia
2005 3094 2074 3139 ut
2099 3094 2282 3152 curet,
2305 3094 2506 3159 rogat3
2531 3080 2604 3139 de

550 3182 760 3241 Atticae
787 3178 1157 3251 valetudine}
1184 3179 1257 3237 de
1278 3178 1466 3237 hortis
1492 3176 1766 3237 emendis.
1797 3176 2088 3257 (Asturae,
2112 3196 2265 3236 anno
2283 3182 2358 3239 U.
2382 3182 2447 3238 C.
2470 3178 2602 3249 708,

552 3298 749 3339 mense
774 3276 1041 3354 martio.)

1137 3414 1452 3479 CICERO
1498 3416 1819 3480 ATTICO
1864 3416 1928 3481 S.

572 3572 936 3639 Ponant
990 3579 1063 3637 te
1124 3562 1395 3662 aliquid
1458 3568 1627 3635 novi
1673 3564 1916 3663 (quod
1969 3566 2322 3661 ejusmodi
2367 3566 2602 3640 fuerat

476 3678 766 3747 initium
804 3677 1173 3748 literarum
1194 3730 1214 3764 ,
1256 3676 1584 3772 quamvis
1610 3686 1632 3719 ¹
1695 3702 1846 3749 non
1891 3702 2218 3749 curarem
2240 3732 2260 3766 ,
2303 3678 2482 3775 quid
2525 3682 2600 3747 in

475 3786 816 3883 Hispania
852 3783 1137 3879 fieret),
1188 3800 1431 3856 tamen
1470 3800 1543 3857 te
1578 3790 2013 3885 scripturum
2053 3813 2070 3858 ε
2109 3787 2239 3859 sed
2272 3787 2602 3860 videlicet

548 3968 571 3999 ι
584 3988 597 4001 .
622 3952 861 4015 Quamvis.
880 3954 1075 4002 Atticus
1092 3953 1328 4018 proximis
1338 3953 1492 4001 literis
1579 3955 1846 4020 scripturus
1862 3977 1907 4003 a.
1934 3960 2103 4020 Itaque
2139 3955 2333 4021 putavit
2357 3972 2409 4005 se
2429 3956 2600 4006 Cicero

470 4036 537 4081 ita
564 4032 817 4096 scripserat
842 4031 1101 4083 ciceroni:
1143 4054 1165 4075 ι
1182 4032 1414 4097 Quamvis
1430 4032 1492 4081 de
1578 4034 1630 4079 in
1659 4032 1718 4079 iis
1741 4032 1891 4081 liten‘s
1913 4033 2098 4097 aliquid
2127 4034 2247 4081 novi
2274 4033 2336 4083 de
2366 4034 2599 4099 Hispania

466 4111 701 4177 Hispania
722 4126 823 4159 non
850 4126 1018 4173 cutes,
1046 4121 1205 4160 tamen
1230 4110 1294 4159 ad
1319 4122 1367 4159 te
1386 4126 1493 4160 sum
1581 4126 1684 4158 esse
1701 4122 2002 4175 reperturum
2017 4144 2033 4171 ,
2051 4120 2146 4160 etc.
2169 4112 2317 4160 Mau·
