3019 4681
635 431 775 502 388
1276 429 1371 496 M.
1419 425 1495 495 Τ.
1551 425 2114 497 CICERONIS

626 569 831 626 retur
878 554 955 622 in
1002 549 1488 650 provinciam?
1524 563 1608 618 ut
1641 549 1888 618 omnia
1927 533 2146 635 facte,
2191 547 2498 644 scripta,
2537 543 2727 634 dicta,

628 666 977 764 promissa
994 673 1033 746 ‚‘
1046 663 1353 758 cogitata
1382 650 1676 730 Caesaris
1702 657 1866 756 plus
1890 657 2248 744 valerent,
2278 681 2500 754 quam
2523 659 2576 728 si
2597 661 2720 756 ipse

626 777 945 847 viveret?
988 773 1377 844 Meministi
1417 793 1536 840 me
1579 768 1892 840 clamare
1907 778 1965 854 ²,
1999 766 2126 838 illo
2165 769 2328 863 ipso
2366 768 2591 865 primo
2617 773 2720 839 Ca-

625 888 933 986 pitolino
964 885 1116 971 die,
1150 897 1479 954 senatum
1515 883 1588 950 in
1625 877 2059 976 Capitolium
2097 901 2139 947 a
2175 877 2596 974 praetoribus
2615 902 2716 948 vo-

624 995 862 1070 cari3?
904 996 1018 1066 Dii
1062 989 1533 1064 immortales!
1587 1013 1750 1085 quae
1799 1004 1958 1060 tum
2010 1010 2236 1085 opera
2283 985 2472 1059 effici
2507 1003 2720 1086 potue·

622 1123 839 1193 runt,
901 1101 1307 1175 laetantibus
1368 1098 1714 1170 omnibus
1763 1097 1979 1170 bonis
2007 1151 2027 1187 ,
2083 1099 2298 1168 etiam
2351 1114 2462 1170 sat
2509 1098 2712 1182 boni5‚

622 1217 863 1288 fractis
916 1209 1364 1284 latronibus?
1410 1208 1816 1280 Liberalia4
1875 1221 1958 1278 tu
2005 1231 2316 1279 accusas
2361 1209 2550 1302 Quid
2589 1207 2711 1278 fieri

620 1344 777 1399 tum
817 1325 1101 1424 potuit?
1142 1323 1285 1416 jam
1328 1318 1610 1419 pridem
1647 1321 2112 1417 perieramus.
2157 1319 2628 1390 Meministine
2657 1333 2712 1388 te

617 1439 926 1510 clamare
948 1491 967 1524 ‚
1008 1455 1293 1506 causam
1335 1430 1633 1529 periisse
1655 1483 1675 1519 ,
1709 1431 1769 1500 si
1815 1426 2071 1500 funere
2120 1429 2350 1502 elatus
2396 1429 2616 1502 esset?
2643 1439 2715 1499 At

617 1550 737 1620 ille
774 1551 992 1619 etiam
1035 1547 1110 1615 in
1154 1541 1315 1613 soro
1352 1539 1824 1626 combustus,
1869 1539 2345 1638 laudatusque
2387 1539 2711 1612 miserabi-

616 1664 820 1746 liter;
857 1659 1192 1752 servique
1230 1668 1306 1724 et
1341 1666 1635 1749 egentes
1670 1651 1746 1720 in
1782 1663 1972 1722 tecta
2007 1665 2252 1722 nostra
2283 1675 2452 1722 cum
2479 1649 2713 1722 facibus

614 1770 935 1840 immissi.
964 1770 1143 1858 Quae
1166 1759 1474 1835 deinde?
1494 1775 1575 1830 ut
1593 1759 1907 1832 audeant
1924 1759 2198 1847 dicere,
2223 1790 2254 1824 α
2271 1765 2478 1833 Tune
2505 1776 2714 1832 contra

612 1880 907 1953 Caesaris
945 1873 1254 1948 nutum?
1278 1902 1311 1938 n
1350 1877 1516 1942 Haec
1550 1885 1623 1942 et
1659 1869 1796 1942 alia
1829 1868 2018 1940 ferre
2054 1895 2210 1941 non
2247 1855 2566 1968 possum.
2599 1877 2713 1944 Ita·

612 2013 759 2085 que
799 1999 911 2084 γῆν
946 1983 1065 2081 πρὸ
1096 1977 1256 2080 γῆς5
1292 1980 1556 2076 cogito,
1601 1983 1755 2049 Tua
1789 1992 2032 2048 tamen
2067 1983 2426 2074 ὑπηνέμιος.
2473 1982 2714 2049 Nausea

674 2259 725 2290 π.
747 2243 867 2290 Hac
892 2237 1167 2287 emendatio
1184 2245 1257 2284 est
1282 2233 1446 2282 Fsemi
1462 2241 1513 2280 et
1529 2233 1632 2280 An·

606 2334 709 2372 tou.
744 2317 1024 2384 Augustini.
1054 2316 1216 2372 Olim,
1252 2335 1277 2355 α
1299 2311 1632 2361 Meministine

606 2403 813 2450 clamare
834 2420 878 2447 ¹.
900 2400 952 2445 J.
975 2398 1038 2445 V.
1056 2400 1115 2445 1..

679 2482 733 2529 3.
764 2476 962 2527 Vocari.
982 2473 1275 2521 Vocsndum
1302 2476 1434 2527 esse,
1462 2468 1634 2517 vocari

606 2551 803 2601 debere.
838 2550 899 2595 Et
938 2556 1010 2593 est
1037 2544 1191 2607 figura
1209 2577 1223 2601 ‚
1257 2558 1367 2605 quae
1394 2555 1631 2605 propere-

605 2634 785 2680 tionem
812 2622 1053 2691 significst
1076 2634 1092 2671 ε
1120 2632 1177 2669 ut
1204 2621 1301 2669 hoc
1326 2619 1441 2667 loco
1460 2651 1475 2677 ,
1518 2633 1629 2664 nem

607 2712 765 2770 dixit,
807 2730 833 2751 ιι
859 2706 955 2753 nlo
996 2704 1107 2767 ipso
1144 2700 1305 2765 primo
1342 2697 1628 2767 Capitolino

604 2792 683 2839 die
704 2810 746 2838 ι.
762 2790 941 2836 Brutus
958 2794 1119 2831 sutem
1134 2792 1185 2829 et
1201 2780 1628 2841 eminam-gnam

602 2870 911 2919 occasionem
957 2863 1221 2913 emiserunt
1244 2894 1259 2918 ,
1282 2874 1433 2922 quum
1460 2858 1623 2921 primo

600 2946 881 3014 Capitolino
908 2944 986 2992 die
1010 2951 1227 2989 senatum
1250 2938 1303 2985 in
1321 2936 1622 3000 Cspitolium

598 3045 701 3078 uon
723 3034 975 3075 vocarunt.
992 3024 1163 3084 Itaque
1180 3028 1229 3065 et
1244 3017 1371 3063 infra
1389 3014 1532 3079 epist.
1557 3030 1618 3063 ω

600 3120 650 3157 et
680 3118 739 3165 14
757 3142 771 3166 ,
800 3100 1113 3169 reprehendit
1148 3098 1321 3147 Cicero
1356 3094 1624 3143 sessionem

596 3191 758 3245 illam,
802 3172 855 3233 id
894 3196 988 3239 est,
1038 3186 1223 3227 moram
1268 3174 1620 3239 Capitolinam.

600 3292 627 3311 a
647 3266 822 3316 Studio
857 3258 1191 3311 vehementius
1214 3247 1406 3303 incitari
1425 3286 1441 3311 ‚
1466 3264 1631 3301 totam

599 3348 848 3411 suscipere
867 3337 1217 3405 rempublicam
1232 3356 1275 3381 1·-
1300 3334 1626 3381 Μαι-..Μι-

602 3428 769 3477 nutius
795 3425 891 3471 boc
916 3420 1103 3467 dictum
1130 3430 1233 3463 esse
1252 3423 1393 3478 putat
1410 3428 1507 3476 pro
1531 3428 1625 3459 vo·

600 3504 707 3555 cari
732 3502 902 3551 debere
919 3533 935 3559 ,
966 3499 1069 3545 sive
1091 3492 1375 3543 vocandum
1410 3507 1529 3540 esse.
1556 3493 1625 3539 At

600 3586 697 3635 hoc
724 3594 798 3631 est
837 3578 1079 3634 insolens;
1107 3572 1337 3622 omissum
1362 3570 1574 3619 arbitror
1593 3586 1622 3619 s

600 3662 812 3711 librariis
856 3668 1096 3722 oportere.
1138 3655 1255 3700 Haec
1294 3647 1492 3699 Schiitz.
1541 3648 1625 3696 cui

598 3758 703 3791 uon
746 3737 996 3787 assentior.
1038 3732 1319 3795 Praecipitat
1364 3729 1496 3777 euim
1535 3744 1624 3792 per

600 3816 817 3884 ἐλλείψεις
845 3815 1001 3865 oratio
1012 3848 1026 3873 ,
1044 3811 1184 3876 quasi
1200 3821 1251 3859 et
1267 3825 1402 3856 nunc
1422 3823 1497 3855 res
1515 3824 1625 3871 aga-

598 3913 695 3950 tur.
724 3900 775 3947 J.
792 3899 859 3945 V.
880 3898 938 3944 1..

674 3987 723 4035 4.
766 3970 1025 4023 Liberalia.
1060 3972 1177 4033 Quo
1220 3967 1301 4015 die
1340 3967 1522 4015 factum
1546 3976 1620 4015 est

599 4052 1071 4107 senatusconsultum
1098 4050 1159 4097 dc
1182 4046 1393 4113 praemiis
1428 4056 1618 4093 vetera-

601 4150 809 4195 norum,
845 4131 985 4193 epist.
1027 4137 1115 4187 14,
1154 4124 1403 4187 multaque
1436 4124 1530 4171 alia
1567 4127 1623 4173 in

596 4216 701 4266 aede
726 4208 934 4261 Telluris
951 4206 1159 4255 decreta.
1177 4202 1392 4266 Philipp.
1413 4204 1453 4250 1.
1472 4202 1620 4251 Mau.

1793 2230 1842 2279 5.
1859 2231 1950 2284 Γῆν
1972 2227 2067 2298 πρὸ
2091 2231 2179 2300 γῆς
2197 2263 2215 2290 ,
2235 2227 2421 2294 cogito.
2453 2232 2556 2278 Tea
2579 2241 2715 2278 tamn

1717 2308 1985 2376 ὑπηνέμιος.
2033 2309 2166 2359 Olim
2217 2309 2353 2358 nulle
2419 2311 2716 2375 interpunctio

1719 2402 1834 2455 post
1861 2390 2114 2458 ὑπηνέμιος
2131 2425 2148 2449 ,
2183 2402 2237 2439 nt
2271 2392 2512 2441 referatur
2541 2393 2599 2441 sd
2617 2408 2716 2439 aas·

1717 2486 1805 2517 sea
1819 2504 1834 2529 ,
1870 2482 1921 2519 et
1945 2471 2236 2535 interpretes
2265 2471 2516 2536 &plicant
2535 2470 2594 2519 de
2611 2486 2714 2517 usu·

1717 2564 1798 2596 see
1847 2550 1946 2597 levi
2010 2560 2060 2598 et
2123 2564 2227 2598 non
2278 2550 2491 2599 durabili
2516 2583 2533 2613 ,
2585 2546 2713 2613 quali:

1717 2626 1823 2675 haec
1845 2628 1950 2691 ipsa
1969 2628 2124 2677 Attici
2144 2644 2320 2676 nenses
2338 2630 2436 2677 fuit
2449 2664 2465 2691 ,
2492 2644 2624 2693 quam
2645 2643 2714 2691 sp·

1715 2706 1866 2769 pellat
1904 2707 2189 2755 mauseolum
2207 2742 2223 2764 ‚
2269 2712 2350 2772 ep.
2395 2710 2446 2757 8.
2489 2697 2711 2773 Ῠπηνῷων

1717 2784 1899 2833 dicitur
1935 2785 2177 2851 quidquid
2208 2788 2353 2836 inane
2385 2799 2460 2837 est
2489 2800 2537 2837 et
2569 2787 2709 2841 futile,

1713 2866 1793 2912 cui
1805 2874 2050 2928 tamquam
2065 2875 2234 2914 ventus
2243 2866 2496 2915 inest.Sed
2504 2862 2713 2931 quidquia!

1711 2943 1774 2989 sit
1790 2975 1808 3002 ,
1835 2942 1952 2989 mihi
1978 2942 2226 3009 ὑπηνέμιος
2253 2959 2360 2991 non
2387 2944 2578 2994 videtur
2597 2960 2713 2992 eom-

1711 3021 1857 3070 mode
1869 3021 2012 3085 jungi
2039 3038 2252 3069 nausea.
2280 3024 2446 3073 Greci
2469 3025 2592 3073 euim
2610 3040 2712 3071 sesu-

1712 3116 1802 3163 per
1827 3100 1998 3149 dimint
2020 3100 2080 3149 de
2106 3100 2167 3147 iis
2191 3102 2366 3166 rebus,
2394 3120 2504 3169 qun
2529 3106 2709 3169 speciem

1711 3176 1920 3242 aliquam
1945 3178 2127 3227 habent
2141 3214 2156 3238 ,
2180 3180 2269 3227 sed
2306 3183 2357 3227 vi
2395 3183 2710 3235 destituuntur,

1711 3274 1994 3323 semperque
2011 3258 2062 3306 in
2085 3258 2378 3307 deteriorem
2402 3271 2582 3324 partem
2595 3260 2712 3308 adh}-

1712 3337 1845 3385 bent.
1863 3340 2031 3402 Itaque
2049 3337 2171 3386 mihi
2199 3338 2458 3387 videbatur
2479 3340 2710 3402 interpun-

1711 3416 1924 3479 gendum
1964 3433 2067 3465 esse
2111 3429 2225 3481 post
2265 3416 2517 3486 ὑπηνέμια
2534 3452 2549 3477 ,
2591 3412 2710 3480 quod

1711 3498 1973 3559 sequimur.
1993 3497 2228 3545 Mouebet
2240 3499 2387 3547 etism
2401 3498 2538 3558 illud,
2553 3510 2706 3553 mm,

1710 3573 1847 3637 quod
1877 3576 1940 3622 sd
1967 3576 2304 3625 antecedentia
2339 3578 2610 3626 relationem
2635 3576 2708 3623 hs-

1709 3651 1814 3710 bet,
1858 3670 2032 3717 nempe
2062 3655 2126 3703 ad
2151 3656 2260 3705 hoee
2283 3671 2298 3705 ε
2321 3652 2492 3721 'itaque
2519 3660 2596 3725 γῆν
2627 3652 2706 3722 πρὸ

1708 3734 1795 3801 γῆς
1813 3732 1995 3797 cogito.
2021 3736 2129 3781 Tua
2147 3745 2308 3782 tamen
2320 3770 2336 3796 ,
2355 3736 2562 3800 intellige
2577 3747 2706 3789 terra.

1675 3844 1680 3849 -
1707 3808 1959 3879 ὑπηνέμιος
1983 3824 2072 3861 est.
2102 3814 2300 3862 Atticus
2327 3826 2430 3863 erat
2465 3815 2516 3862 in
2542 3814 2708 3863 Grecis

1707 3901 1759 3938 et
1784 3889 1996 3939 habebat
2019 3890 2204 3955 praedia
2226 3894 2281 3939 in
2303 3894 2477 3957 Epiro.
2504 3894 2573 3942 Eo
2595 3889 2712 3938 invi·

1707 3976 1892 4016 tavei-et
1907 3967 2220 4027 Ciceronem,
2251 3984 2312 4018 eo
2337 3971 2481 4018 etism
2503 3972 2571 4017 ire
2589 3968 2706 4017 Cice-

1707 4061 1766 4095 ro
1788 4046 2033 4111 cogitabat
2057 4048 2319 4099 interdum.
2353 4050 2450 4098 Sed
2476 4046 2704 4098 dubim-hat

1708 4136 1886 4176 umen.
1929 4127 2107 4190 Cogito
2150 4127 2352 4192 quidem
2393 4129 2456 4178 de
2495 4124 2700 4177 mutsuds

1709 4214 1864 4265 terre,
1897 4204 1983 4253 sed
2011 4216 2143 4255 tuam
2169 4216 2331 4256 temen
2357 4206 2593 4275 ὑπηνέμιον
2611 4216 2700 4253 me
