3019 4681
697 332 1215 404 EPISTOLAE
1261 333 1399 402 AD
1448 334 1966 422 ATTICUM,
2013 335 2156 420 IX,
2205 331 2276 404 6.
2421 333 2558 406 185

417 453 635 527 batur
666 453 760 526 de
796 455 1173 526 mansione
1208 469 1353 526 tua.
1399 461 1479 526 L.
1511 481 1686 527 vero
1722 455 2154 528 Lentulus¹9
2191 461 2559 528 Hortensii

416 565 721 637 domum
754 565 924 654 sibi,
964 579 1037 635 et
1081 567 1377 637 Caesaris
1416 565 1779 655 hortos²⁰,
1819 582 1892 637 et
1925 569 2126 638 Baias
2153 567 2558 664 desponde·

418 690 549 748 rat.
589 679 909 746 Omnino
941 675 1094 745 haec
1135 674 1390 746 eodem
1425 674 1649 746 modo
1687 700 1790 749 ex.
1816 675 1951 746 hac
1990 687 2275 773 parte21
2318 677 2552 748 fiunt:

378 786 556 860 ‚nisi
584 785 788 883 quod
826 784 1007 857 illud
1044 801 1198 856 erat
1238 783 1608 857 infinitum
1631 797 1721 857 ²².
1760 791 2032 859 Omnes
2061 789 2290 875 enim,
2325 791 2561 887 quiin

417 894 618 966 Italia
667 910 1116 983 manserant,
1166 895 1484 967 hostium
1534 920 1844 967 numero
1888 895 2368 968 habebantur.
2415 897 2560 970 Sed

414 1004 633 1077 velim
656 1005 808 1076 haec
820 1003 1213 1103 aliquando
1234 1006 1581 1077 solutiore
1607 1007 1869 1077 animo.
1891 1007 2246 1095 Quintum
2263 1005 2557 1078 fratrem

413 1115 638 1188 audio
670 1114 1081 1214 profectum
1105 1117 1181 1186 in
1209 1117 1447 1187 Asiam
1470 1171 1491 1205 ,
1525 1131 1611 1188 ut
1634 1115 2149 1214 deprecaretur
2164 1113 2249 1187 ²³.
2277 1122 2384 1188 De
2407 1115 2558 1188 filio

416 1225 601 1296 nihil
628 1225 889 1296 audivi.
917 1225 1058 1297 Sed
1098 1250 1341 1322 quaere
1368 1251 1459 1298 ex
1486 1225 1849 1298 Diochare
1870 1280 1890 1313 ,
1931 1227 2220 1296 Caesaris
2256 1225 2520 1296 liberto
2539 1278 2558 1314 ,

416 1359 641 1434 quem
692 1359 829 1431 ego
897 1360 1055 1406 non
1106 1333 1262 1406 vidi
1291 1391 1313 1423 ,
1379 1337 1507 1434 qui
1579 1325 1747 1408 istas
1813 1334 2329 1407 Alexandrinas
2345 1334 2412 1391 ²4
2475 1335 2560 1406 li·
2617 1345 2632 1366 ⁸

418 1459 609 1519 teras
668 1445 929 1516 attulit.
980 1450 1049 1516 Is
1090 1443 1354 1518 dicitur
1392 1445 1696 1534 vidisse,
1733 1460 2029 1517 euntem
2051 1443 2142 1534 ²⁵,
2181 1471 2272 1516 an
2302 1446 2452 1541 jam
2483 1445 2561 1516 in

349 1598 357 1604 -
417 1555 627 1627 Asia?
652 1559 841 1626 Tuas
870 1555 1111 1626 literas
1132 1609 1152 1639 ,
1176 1570 1401 1653 prout
1426 1581 1545 1628 res
1580 1555 1902 1654 postulat
1923 1609 1944 1643 ,
1970 1571 2349 1654 exspecto:
2380 1581 2563 1654 quas

417 1665 637 1736 velim
673 1689 883 1738 cures
906 1690 1124 1763 quam
1152 1667 1471 1763 primum
1502 1665 1593 1737 ad
1621 1689 1739 1736 me
1761 1663 2250 1764 perferendas.
2279 1690 2388 1736 1111
2417 1665 2559 1736 kal.

418 1775 785 1848 decembr.
1851 1769 1858 1784 '

494 1921 578 1970 ¹9·
616 1909 672 1956 L.
710 1905 955 1956 Lentulus.
1006 1907 1155 1956 Anno
1191 1909 1443 1973 superiore
1478 1961 1489 1970 ,

419 1987 589 2035 consul
614 1987 670 2035 in
694 1987 807 2050 fuga
827 1997 941 2052 post
966 2003 1178 2051 pugnam
1200 1988 1443 2036 Pharsali-

1607 1923 1690 1956 ιε.
1725 1909 1812 1956 Ex
1841 1905 1939 1954 hae
1959 1915 2120 1970 parte.
2160 1905 2560 1955 Coessrisnornm.

1604 2003 1691 2036 22.
1747 1986 1886 2035 Illud
1932 1996 2041 2032 erat
2094 1982 2355 2053 infinitum.
2409 1985 2558 2048 Quod

418 2082 525 2114 eam
551 2084 578 2115 s
612 2081 723 2130 rege
758 2066 1024 2115 Ptolemaeo
1064 2068 1442 2132 comprehensus

420 2145 541 2194 etin
559 2144 783 2194 custodis
802 2155 1021 2195 necatus.
1043 2145 1167 2195 Caes.
1191 2148 1267 2194 111
1283 2183 1298 2207 ,
1330 2163 1442 2197 roa.

492 2238 575 2272 20.
604 2224 810 2274 Coesan’s
837 2223 1023 2276 hortos.
1058 2226 1115 2276 L.
1143 2226 1264 2275 sulti
1290 2227 1447 2276 caesa-

417 2303 507 2365 ris,
521 2305 735 2369 quicum
748 2304 868 2353 Csio
884 2303 1123 2353 dictatore
1138 2319 1445 2355 communem

417 2400 655 2449 proavum
682 2384 941 2443 habuerat,
971 2384 1241 2435 avunculus
1279 2397 1443 2434 autem

418 2473 523 2511 erat
553 2464 626 2510 M.
666 2463 904 2523 Antonii,
939 2480 967 2511 a
997 2480 1098 2528 quo
1130 2474 1293 2513 tamen
1324 2480 1444 2530 pro·

418 2542 629 2607 scriptus
648 2552 722 2590 est
736 2576 751 2602 ,
775 2542 907 2590 Flor-
930 2544 1019 2599 Π,
1046 2540 1105 2601 6;
1127 2554 1267 2609 pater
1282 2555 1442 2593 sutem

418 2622 522 2682 ejus
546 2622 600 2671 1..
628 2622 861 2685 Caessris,
890 2622 979 2687 qui
1009 2624 1200 2670 occisus
1229 2633 1303 2672 est
1329 2633 1444 2688 post

418 2700 699 2748 Africanam
737 2699 1009 2750 victoriam.
1043 2702 1178 2752 Suet.
1216 2700 1321 2751 ,ΙΙ-11.
1352 2702 1441 2763 75.

417 2776 466 2826 J.
488 2780 543 2827 F.
565 2782 806 2830 Gnouov.

430 2944 1636 2966 mmmmmmmmm

1531 2068 1846 2134 Pompeiani,
1871 2067 1916 2116 si
1941 2068 2154 2116 victores
2170 2065 2402 2126 fuissent,
2425 2076 2561 2114 erant

1534 2148 1720 2198 ausuri.
1751 2151 1867 2197 Sca.

1606 2229 1693 2276 23.
1730 2229 2099 2292 Deprecor-etur.
2147 2227 2247 2274 Pro
2283 2241 2334 2272 se
2370 2234 2420 2272 et
2454 2222 2562 2272 filio

1535 2308 1776 2357 Caessrem
1802 2316 1972 2355 contra
2003 2305 2296 2353 Pharnacem
2324 2320 2387 2353 ex
2415 2306 2564 2370 AEgy·

1533 2396 1624 2451 pto
1642 2398 1914 2435 venturum.
1936 2385 2064 2434 Vide
2082 2386 2222 2450 epist.
2248 2401 2353 2448 seq.
2371 2395 2423 2432 et
2445 2386 2562 2434 Hir-

1531 2466 1680 2525 tium,
1706 2465 1769 2513 de
1796 2464 1932 2512 Bello
1958 2463 2226 2513 Alexandr.
2248 2464 2484 2515 Consu).

1605 2548 1689 2605 24.
1715 2542 2102 2592 Alexandrinas.
2137 2542 2450 2592 Alexandriae
2476 2540 2566 2591 ds-

1531 2632 1629 2683 tss‚
1643 2623 1696 2672 in
1714 2639 1810 2688 qus
1834 2622 2052 2687 AEgyptii
2067 2623 2304 2671 Caessrem
2321 2622 2562 2671 inclusum

1535 2702 1793 2751 obsidione
1820 2702 2122 2767 premebant.
2158 2701 2272 2748 Scn.

1605 2777 1690 2831 25.
1711 2781 1798 2831 Al.
1825 2796 1892 2829 an
1912 2792 2118 2829 euntem.
2142 2782 2194 2829 J.
2217 2782 2280 2827 V.
2303 2780 2362 2828 L.

1915 2942 2564 2964 mmmmm

1044 3104 1659 3187 EPISTOLA
1725 3105 1928 3185 VII.

421 3264 680 3343 Exponit
698 3265 952 3325 rationes
978 3265 1207 3325 consilii
1232 3266 1323 3326 sui
1344 3265 1716 3325 Brundisium
1737 3263 2032 3339 veniendi,
2058 3263 2364 3339 variasque
2393 3280 2468 3319 ex
2491 3279 2561 3319 eo

502 3362 853 3422 offensiones
902 3376 963 3423 et
1008 3362 1465 3423 sollicitudinum
1513 3384 1714 3423 causas
1743 3364 1920 3422 affert
1938 3405 1956 3436 ,
2012 3360 2090 3420 ob
2131 3380 2274 3438 quas
2306 3358 2564 3418 Atticum

503 3462 706 3518 Romae
740 3480 1001 3533 manere,
1050 3480 1225 3539 quam
1268 3460 1343 3518 ad
1375 3480 1435 3519 se
1475 3462 1678 3519 venire
1707 3461 1888 3529 malit.
1933 3458 2119 3519 Addit
2144 3455 2219 3515 de
2251 3455 2430 3514 literis
2455 3474 2561 3514 suo

502 3556 734 3615 nomine
765 3557 1013 3636 scriptis,
1038 3562 1129 3617 De
1158 3556 1393 3630 Quintis
1413 3570 1581 3636 patre
1609 3571 1667 3616 et
1699 3557 1837 3616 filio.
1859 3555 2150 3634 Epistolas
2181 3552 2562 3612 creberrimas

502 3650 577 3712 ab
602 3654 796 3713 Attico
826 3654 1063 3733 expetit.
1090 3652 1447 3734 (Brundisii,
1480 3675 1635 3713 anno
1663 3658 1737 3714 U.
1763 3658 1828 3715 C.
1865 3652 1976 3726 705
1995 3695 2014 3724 ,
2049 3670 2242 3710 mense
2265 3648 2563 3725 decemb.)

1119 3803 1437 3869 CICERO
1481 3804 1797 3870 ATHGO
1845 3802 1910 3867 S.

521 3938 791 4007 GRATAE
828 3952 969 4009 tuae
1008 3936 1185 4008 mihi
1225 3936 1446 4009 literae
1476 3946 1706 4024 sunt¹‚
1735 3934 2007 4034 quibus
2034 3950 2362 4007 accurate
2395 3958 2558 4031 per-

502 4097 545 4133 t.
570 4084 629 4135 In
644 4084 737 4137 hac
756 4094 998 4136 structura
1014 4099 1065 4137 et
1082 4086 1236 4137 forma
1256 4085 1492 4136 orationis
1521 4087 1709 4134 Ernest.
1739 4094 1882 4148 putat
1901 4084 2003 4134 Cic.
2033 4082 2310 4149 scripsisse,
2324 4082 2544 4147 secer-une.
