3019 4681
429 372 570 444 682
734 374 1252 446 EPISTOLAE
1300 378 1497 448 clc.
1550 379 1679 446 ET
1726 377 2093 466 BRUTI,
2138 372 2249 447 ιε.

429 492 720 570 crudele
739 551 760 584 ,
795 494 996 594 quod
1029 494 1120 568 ad
1145 495 1448 586 liberos,
1483 503 1616 596 qui
1646 498 1829 570 nihil
1858 513 2317 584 meruerunt,
2346 523 2567 597 poena

435 609 788 704 pervenit.
829 605 966 678 Sed
1013 605 1091 677 id
1129 621 1202 678 et
1239 610 1621 704 antiquum
1660 623 1803 690 est,
1846 623 1923 680 et
1966 610 2291 680 omnium
2330 610 2569 710 civita-

435 729 596 786 tum
626 743 643 787 ε
678 715 1036 813 siquidem
1070 717 1288 788 etiam
1322 715 1829 790 Themistoclis
1847 729 1911 774 ¹⁹
1945 717 2151 790 liberi
2188 735 2567 816 eguerunt.

431 829 561 912 Et,
594 827 655 898 si
684 825 960 920 judicio
997 826 1374 900 damnatos
1411 827 1667 900 eadem
1715 853 1931 927 poena
1973 831 2302 927 sequitur
2344 831 2573 918 cives,

437 937 570 1034 qui
619 938 990 1034 potuimus
1041 937 1350 1010 leniores
1405 963 1561 1010 esse
1614 940 1691 1008 in
1743 939 2033 1010 hostes?
2082 939 2281 1029 Quid
2328 954 2571 1011 autem

435 1047 646 1142 queri
683 1061 924 1143 potest
966 1051 1352 1145 quisquam
1389 1046 1480 1120 de
1518 1072 1634 1120 me
1652 1103 1671 1138 ,
1716 1051 1881 1147 qui,
1926 1051 1987 1120 si
2028 1052 2313 1122 vicisset
2334 1106 2353 1137 ‚
2388 1075 2573 1122 acer-

435 1153 718 1228 biorem
763 1181 840 1228 se
876 1159 952 1228 in
993 1182 1109 1230 me
1145 1157 1474 1230 futurum
1531 1158 1749 1232 fuisse
1808 1157 2237 1233 confiteatur
2280 1147 2571 1234 necesse

437 1265 586 1338 est?
1067 1343 1074 1353 ,

535 1375 774 1448 Habes
804 1379 1156 1450 rationem
1195 1403 1522 1452 mearum
1560 1385 2083 1452 sententiarum
2107 1437 2128 1468 ‚
2170 1382 2261 1453 de
2290 1382 2431 1453 hoc
2460 1405 2577 1479 ge-

442 1509 620 1556 nere
666 1485 1015 1558 duntaxat
1059 1488 1360 1560 honoris
1407 1505 1480 1562 et
1530 1515 1785 1588 poenae.
1822 1494 2007 1562 Nam
2040 1489 2133 1562 de
2172 1494 2429 1564 ceteris
2466 1515 2577 1562 re-

442 1593 584 1666 bus
632 1595 814 1696 quid
865 1600 1252 1687 senserim,
1309 1600 1639 1698 quidque
1680 1605 2123 1690 censuerim,
2174 1602 2455 1675 audisse
2505 1616 2575 1672 te

444 1703 780 1782 arbitror.
835 1707 974 1780 Sed
1023 1707 1178 1780 haec
1225 1709 1525 1807 quidem
1578 1735 1733 1782 non
1784 1713 1883 1782 ita
1930 1713 2345 1783 necessaria.
2390 1709 2577 1780 Illud

442 1815 652 1888 valde
688 1823 1168 1896 necessarium
1189 1873 1209 1906 ‚
1243 1824 1498 1908 Brute,
1534 1835 1611 1892 te
1638 1821 1717 1890 in
1742 1819 2021 1891 Italiam
2059 1844 2225 1891 cum
2262 1821 2579 1892 exercitu

445 1928 690 2000 venire
749 1953 966 2025 quam
1030 1934 1368 2026 primum.
1429 1936 1725 2002 Summa
1776 1945 1885 2002 est
1938 1933 2377 2030 exspectatio
2420 1932 2577 1999 tui:

448 2037 577 2134 qui
593 2047 660 2087 ²0
709 2039 768 2110 si
825 2038 1099 2112 Italiam
1149 2042 1503 2138 attigeris,
1544 2040 1635 2112 ad
1682 2055 1755 2112 te
1807 2063 2201 2113 concursus
2246 2038 2375 2110 fiet
2420 2062 2581 2108 om·

449 2149 676 2222 niu-m.
715 2149 882 2222 Sive
911 2152 1108 2222 enim
1143 2155 1523 2223 vicerimus
1562 2151 1744 2248 (qui
1773 2151 2071 2249 quidem
2098 2150 2581 2250 pulcherrime

449 2259 882 2349 viceramus,
915 2262 1054 2333 nisi
1079 2262 1398 2361 Lepidus
1427 2261 1731 2360 perdere
1758 2263 2039 2352 omnia,
2067 2277 2141 2333 et
2165 2262 2403 2361 perire
2426 2261 2583 2358 ipse

325 2384 352 2421 ⁸
451 2394 620 2443 eum
655 2374 802 2443 suis
833 2376 1436 2471 concupivisset²¹
1455 2374 1519 2469 )‚
1544 2389 1671 2446 tua
1702 2374 1917 2445 nobis
1942 2375 2367 2446 auctoritate
2400 2395 2585 2469 opus

453 2492 562 2549 est
615 2478 704 2551 ad
771 2481 1280 2555 collocandum
1331 2484 1647 2581 aliquem
1715 2484 2016 2556 civitatis
2072 2498 2391 2555 statum:
2442 2486 2587 2553 sive

453 2589 672 2661 etiam
715 2614 920 2663 nune
951 2606 1314 2665 certamen
1349 2594 1717 2691 reliquum
1752 2610 1897 2683 est,
1940 2596 2255 2665 maxima
2286 2616 2449 2691 spes
2478 2604 2589 2663 est

455 2720 690 2793 quum
733 2700 810 2769 in
857 2702 1282 2775 auctoritate
1327 2718 1490 2793 tua,
1543 2718 1699 2776 tum
1752 2708 1827 2777 in
1878 2706 2235 2777 exercitus
2272 2706 2378 2774 tui
2421 2702 2587 2773 viri-

455 2803 616 2877 bus.
649 2806 790 2879 Sed
825 2832 1175 2907 propera‚
1223 2837 1356 2909 per
1391 2811 1589 2886 deos.
1638 2818 1787 2887 Scis
1828 2816 2061 2901 enim,
2104 2828 2459 2911 quantum
2496 2812 2589 2883 sit

453 2918 534 2987 in
572 2919 1026 3015 temporibus
1047 2974 1067 3008 ,
1102 2938 1458 3017 quantum
1498 2926 1576 2995 in
1613 2926 1997 2997 celeritate.

551 3028 834 3101 Sororis
870 3044 1012 3102 tuae
1051 3029 1216 3103 filiis
1252 3057 1474 3130 qnam
1512 3035 1893 3159 diligenter
1928 3034 2302 3109 consulam
2322 3088 2342 3121 ‚
2377 3056 2589 3131 spero

457 3153 532 3211 te
571 3164 664 3211 ex
701 3142 996 3230 matris,
1043 3156 1116 3213 et
1171 3168 1258 3215 ex
1309 3147 1577 3217 sororis
1628 3146 1854 3217 literis
1906 3143 2383 3242 cogniturum.
2429 3146 2591 3233 Qua

455 3250 534 3321 in
589 3274 802 3323 musa
855 3254 1204 3381 majorem
1269 3254 1507 3327 habeo
1576 3258 1927 3329 rationem
1974 3271 2115 3327 tuae
2166 3254 2551 3325 voluntatis
2573 3305 2594 3340 ,

455 3384 622 3458 quae
655 3361 832 3433 mihi
869 3364 1230 3435 carissima
1267 3379 1374 3437 est
1396 3390 1704 3463 mquam
1741 3382 1823 3439 ut
1854 3363 2289 3463 quibusdam
2322 3360 2592 3448 videor,

457 3475 878 3547 constantiae
913 3498 1132 3563 meae3
1164 3474 1289 3546 sed
1331 3501 1468 3574 ego
1514 3478 1771 3551 nulla
1752 3502 1822 3547 m
1866 3500 1950 3547 re
1988 3475 2216 3562 malo,
2262 3496 2481 3571 quam
2518 3485 2593 3540 te

455 3584 766 3656 amando
794 3593 858 3627 ²²
877 3638 896 3667 ‚
942 3599 1278 3657 constans
1313 3532 1416 3657 ett>
1421 3610 1621 3674 esse,
1654 3601 1727 3658 et
1758 3586 2007 3657 videri.

535 3812 616 3859 ¹9·
662 3796 1012 3851 mmismeis-
1045 3802 1146 3863 Qui
1186 3800 1488 3865 proffionin
1646 3811 1731 3843 ιο.
1764 3797 1847 3845 Sic
1876 3804 1999 3843 ven.
2032 3792 2147 3843 edd.
2180 3795 2405 3843 omnm.
2425 3804 2489 3838 ex
2510 3788 2597 3837 ali-

459 3886 536 3929 ut
557 3876 838 3937 mma,
855 3882 1058 3944 ejusque
1075 3880 1208 3931 bom
1223 3880 1488 3945 publicata,
1576 3885 1699 3937 quot
1721 3876 1873 3934 MSS,
1883 3874 2024 3938 quod·
2042 3872 2099 3920 si.
2124 3874 2175 3923 J.
2196 3874 2263 3921 V.
2286 3874 2342 3921 1..

459 3957 576 4019 Ejus
617 3956 755 4007 meri
791 3959 1032 4021 Neocles,
1076 3961 1402 4026 Demophilus
1433 3972 1486 4011 et
1650 3970 1734 4004 αι.
1754 3954 1886 4013 Alfi,
1907 3951 2429 4019 concupisset.s.v.1..

457 4034 768 4105 Diophantus
784 4040 1102 4091 nominantur
1119 4042 1480 4107 cunhnhodig.
1646 4051 1729 4085 ιη.
1760 4036 1846 4083 Est
1888 4034 1975 4098 qui
2014 4032 2245 4093 conjicit,
2278 4045 2427 4093 quan·
2466 4028 2519 4077 in
2552 4038 2601 4075 te

465 4116 636 4181 Antiq.
657 4118 792 4165 Leot-
810 4118 956 4179 xlv,
981 4136 1060 4168 ια.
1079 4122 1172 4170 En,
1573 4112 1809 4162 amando.
1837 4114 2049 4161 Fun-tn.
2074 4113 2126 4161 J.
2148 4112 2213 4157 V.
2230 4113 2287 4158 1..
