3019 4681
516 361 658 456 574
1150 359 1249 428 M.
1300 359 1379 426 T.
1432 355 2012 429 CICERONIS

1168 785 1782 866 EPISTOLA
1835 786 1956 865 II.

506 961 836 1045 Respondet
856 961 933 1022 de
952 961 1185 1020 Lentuli
1204 975 1267 1020 et
1286 963 1447 1022 Sexti
1474 959 1806 1020 nominibus
1832 961 2144 1041 exigendis,
2165 975 2224 1021 et
2235 961 2652 1040 Pomponianis

586 1061 723 1121 iude
752 1057 1165 1131 dissolvendis,
1198 1058 1443 1136 aliisque
1470 1057 1647 1116 rebus
1673 1058 2001 1118 domesticis
2025 1057 2214 1117 :etde
2241 1079 2378 1138 nege
2395 1059 2652 1118 Alexan·

586 1159 761 1222 drino
789 1155 1121 1218 reducendo
1152 1155 1293 1236 quid
1338 1157 1638 1216 decretum
1677 1170 1738 1217 et
1769 1171 1964 1218 actum
2003 1158 2078 1216 sit
2097 1201 2114 1228 ‚
2155 1171 2215 1216 et
2249 1160 2420 1237 (finale
2455 1171 2649 1218 totum

581 1257 881 1335 negotium
922 1255 1023 1327 sit,
1054 1253 1312 1314 breviter
1350 1267 1783 1316 commemorat.
1812 1255 2069 1334 (Roma,
2091 1249 2258 1316 'anno
2288 1260 2361 1317 U.
2391 1257 2462 1319 C.
2491 1257 2644 1333 697,

584 1337 777 1416 ioense
797 1351 1133 1432 januario.)

1100 1525 1453 1591 MARCUS
1502 1525 1589 1610 Q.
1635 1527 1948 1593 FnAm
1993 1529 2056 1592 s,

602 1657 767 1733 Non
802 1658 1320 1756 occupatione,
1369 1681 1516 1753 qua
1552 1679 1752 1728 eram
1787 1681 1962 1730 sane
2007 1657 2398 1756 impeditus
2428 1712 2450 1746 ‚
2515 1657 2646 1732 sed

508 1767 807 1870 parvula
841 1765 1279 1866 lippitudine
1314 1765 1671 1838 adductus
1709 1792 1870 1839 sum
1891 1823 1911 1854 ‚
1953 1783 2040 1840 ut
2074 1768 2416 1840 dictarem
2453 1768 2648 1842 hanc

509 1878 883 1977 epistolam
903 1932 922 1966 ‚
979 1890 1050 1949 et
1099 1901 1251 1947 non
1272 1929 1293 1962 ‚
1350 1891 1434 1946 ut
1484 1875 1576 1948 ad
1605 1877 1696 1947 'te
1745 1875 1984 1965 solen,
2027 1880 2179 1976 ipse
2221 1875 2644 1951 scriberem.

507 1991 598 2060 Et
633 1990 949 2088 primum
1000 2011 1116 2056 me
1170 1984 1302 2056 tibi
1344 1995 1689 2072 excuso¹‚
1725 1987 1804 2060 in
1853 2012 1942 2058 eo
1987 1989 2191 2085 ipso,
2245 1990 2320 2058 in
2367 2012 2520 2085 quo
2575 2003 2646 2060 te

508 2123 789 2172 accuso.
828 2102 947 2169 Me
983 2097 1177 2168 enim
1226 2094 1464 2166 adhuc
1508 2117 1728 2167 nemo
1768 2097 2086 2194 rogavit,
2124 2121 2302 2166 uum
2339 2095 2524 2194 quid
2565 2100 2644 2167 in

511 2209 957 2296 Sardiniam²
988 2205 1245 2277 vellem
1276 2233 1292 2275 ε
1325 2220 1397 2276 te
1431 2201 1659 2304 puto³
1689 2259 1709 2292 ‚
1743 2208 1876 2277 etsi
1911 2231 2063 2277 non
2091 2221 2418 2306 semper,
2459 2229 2650 2304 saepe

508 2334 703 2393 certe
736 2315 1005 2389 habere
1026 2370 1049 2407 ,
1089 2316 1257 2415 qui,
1287 2339 1462 2386 num
1500 2314 1673 2413 quid
1697 2321 2010 2389 ‘Romam
2042 2316 2248 2405 velis,
2286 2329 2642 2413 quaerant.

507 2426 725 2522 Quod
759 2426 853 2499 ad
892 2451 1009 2498 me
1046 2425 1336 2499 Lentuli
1363 2439 1437 2497 et
1462 2428 1708 2495 Sextis·
1769 2430 2066 2498 nomine
2108 2427 2490 2524 scripsisti,
2530 2426 2644 2497 lo-

508 2553 784 2637 quutus
809 2561 969 2608 sum
996 2559 1163 2606 cum
1200 2538 1453 2607 Cincio
1471 2532 1520 2607 ⁵.
1542 2536 1864 2635 Quoquo
1891 2536 2116 2609 modo
2140 2561 2254 2608 res
2284 2562 2360 2608 se
2383 2534 2644 2624 habet,

506 2674 661 2720 non
710 2662 820 2720 est
854 2644 1211 2716 facillima.
1262 2644 1400 2716 Sed
1445 2643 1666 2717 habet
1717 2644 2045 2743 profecto
2091 2646 2440 2744 quiddam
2477 2650 2638 2717 Sar-

508 2759 705 2830 dinia
743 2744 1156 2855 appositum
1192 2754 1282 2825 ad
1325 2755 1898 2828 recordationem
1940 2761 2310 2855 praeteritae
2359 2780 2636 2827 memo-

506 2873 650 2940 riae.
702 2870 883 2939 Nam
914 2920 935 2955 ‚
986 2879 1068 2936 ut
1129 2864 1249 2936 ille
1301 2866 1669 2937 Gracchus
1712 2891 1986 2963 augur,
2039 2882 2508 2965 posteaquam
2561 2868 2641 2935 in

506 2982 713 3050 istam
739 2976 1179 3074 provinciam
1198 2978 1396 3047 venit
1414 3028 1434 3063 ,
1466 2976 1886 3048 recordatus
1915 2992 2059 3064 est,
2091 2973 2312 3073 quid⁶
2337 2974 2477 3047 sibi
2496 3030 2516 3064 ‚
2563 2976 2638 3046 in

508 3112 767 3185 campo
804 3085 1061 3157 Martio
1103 3086 1389 3157 comitia
1420 3086 1802 3157 consulum
1842 3084 2140 3159 habenti
2161 3141 2182 3175 ‚
2225 3101 2479 3159 contra
2515 3112 2636 3157 au·

588 3344 633 3377 ι.
685 3326 903 3375 Excute.
962 3325 1039 3372 De
1082 3322 1328 3372 literarum
1376 3320 1532 3371 infre·
1621 3324 1812 3373 censuit
1844 3326 1900 3372 P.
1930 3324 2196 3373 Manutius.
2226 3324 2415 3372 Ernest.
2443 3338 2639 3387 quoque

508 3406 723 3472 quentia.
1621 3402 1803 3452 delevit
1829 3424 1855 3447 α
1870 3403 1964 3451 etsi
1987 3418 2088 3451 non
2113 3416 2302 3467 semper
2315 3424 2361 3451 n.
2384 3404 2436 3453 J.
2458 3404 2525 3452 V.
2545 3403 2604 3451 1..

584 3504 632 3535 2.
671 3488 733 3533 In
757 3482 1057 3533 Sardiniam.
1092 3480 1194 3529 Ubi
1219 3480 1431 3545 Quintus
1462 3480 1535 3529 rei
1691 3490 1739 3539 4.
1763 3482 1961 3531 Lentuli
1982 3494 2032 3531 ee
2051 3482 2202 3531 Sesti.
2219 3482 2290 3529 Ut
2314 3499 2343 3530 a
2369 3480 2635 3530 Iaentuloet

511 3564 837 3613 frumentaria
878 3560 1102 3628 Pompeii
1134 3561 1281 3607 missu
1309 3568 1530 3625 praeerat.
1619 3562 1768 3611 Sexto
1810 3561 2021 3611 debitam
2055 3559 2147 3610 tibi
2181 3560 2438 3627 pecuniam
2475 3562 2638 3625 etigu-

512 3646 621 3691 Hoc
648 3652 835 3690 tantum
860 3642 978 3689 olim
1006 3638 1333 3701 conjiciebant
1355 3654 1369 3688 τ
1398 3652 1532 3687 nunc
1619 3656 1728 3688 mus
1746 3675 1761 3699 ,
1785 3652 2005 3689 exactam
2027 3640 2307 3705 Pomponio
2332 3638 2505 3688 Attico
2518 3674 2535 3699 ,
2561 3636 2638 3685 cui

513 3730 697 3768 certum
734 3730 809 3769 est
832 3734 895 3768 ex
928 3720 1072 3768 novis
1104 3718 1384 3782 fragmentis
1418 3732 1532 3765 ora-
1619 3716 1795 3777 debes,
1821 3720 2171 3785 persolvamus.
2193 3720 2341 3768 Mur.

512 3800 662 3847 tionis
688 3814 781 3861 pro
808 3802 1015 3859 Scauro,
1034 3812 1145 3862 cap.
1178 3798 1229 3845 8.
1253 3796 1383 3845 Vide
1406 3798 1532 3845 infra
1694 3800 1745 3849 5.
1769 3798 1949 3845 Cincio.
1969 3800 2024 3847 L.
2042 3798 2214 3847 OEncio
2228 3832 2243 3857 ,
2265 3797 2354 3861 qui
2375 3797 2532 3845 Attici
2549 3812 2630 3843 ne·

513 3878 655 3942 epist.
678 3878 725 3925 6.
749 3876 847 3926 En.
1619 3879 1753 3942 gotia
1779 3879 1952 3926 Rome
1978 3876 2288 3942 procurabat.

587 3956 635 4003 3.
656 3954 737 4001 Sic
757 3954 877 4003 edit.
906 3956 1052 4003 Rom.
1080 3954 1166 4005 Al.
1184 3956 1345 4003 minna
1372 3965 1532 4017 reete,
1689 3958 1742 4005 6.
1775 3956 1919 4020 Quid.
1953 3954 2334 4004 Tuben-naculum
2359 3953 2482 4002 vitio
2503 3966 2634 4017 oepe-

510 4057 537 4077 .-
560 4044 607 4081 ιο
630 4043 754 4098 puto
780 4047 908 4096 saepe
931 4032 1105 4081 habore
1124 4066 1139 4087 ,
1166 4034 1257 4083 eui
1280 4050 1379 4083 non
1398 4050 1526 4081 sem-
1617 4046 1711 4085 rat.
1742 4035 1956 4084 Historia
1981 4045 2055 4083 eat
2075 4033 2136 4083 de
2165 4034 2281 4085 Nat.
2302 4036 2460 4083 Deor.
2483 4035 2561 4091 11,
2577 4040 2629 4087 ⁴9

512 4128 614 4175 per,
654 4111 770 4175 qui,
814 4121 904 4159 etc.
926 4132 948 4153 ι
996 4111 1145 4171 Quod
1170 4114 1389 4175 ineptum
1415 4112 1524 4173 jure
1612 4124 1662 4162 et
1687 4114 1748 4162 de
1774 4114 1939 4163 Divin.
1957 4114 2012 4175 1,
2045 4126 2125 4173 17.
