3019 4681
521 431 654 518 146
1133 431 1232 498 M.
1281 429 1360 496 T.
1411 423 1977 496 CICERONIS

1241 604 1426 628 mm

1984 594 2439 620 mmmm
2452 593 2538 618 vot
2548 597 2637 618 “s

507 615 596 633 νιο
603 609 868 632 mm

1169 791 1777 872 EPISTOLA
1830 790 1971 868 lx,

508 981 718 1037 Narrat
749 973 983 1031 nuntios
1014 991 1048 1027 a
1081 969 1394 1042 Philotimo
1425 968 1657 1037 allatos,
1688 985 1889 1024 omnes
1920 964 2022 1044 qui
2064 983 2260 1024 secum
2292 965 2406 1023 sint
2435 965 2642 1023 exani-

589 1091 810 1140 masse3
859 1067 1256 1146 significatque
1313 1085 1374 1124 se
1395 1065 1655 1124 Melitam
1699 1063 1972 1141 cogitare.
2021 1061 2130 1141 (In
2158 1065 2421 1122 Cumano
2442 1104 2459 1132 ‚
2490 1082 2643 1120 anno

589 1173 666 1226 U.
689 1170 753 1226 C.
778 1173 889 1240 7⁰4
906 1207 922 1238 ‚
953 1183 1145 1222 mense
1171 1161 1369 1240 maie.)
1444 1155 1457 1166 ’

1191 1351 1502 1418 menno
1548 1315 1856 1418 Arrabo
1900 1353 1963 1434 s.

613 1507 992 1572 onmrus
1027 1496 1388 1570 Philotimi
1417 1507 1437 1538 ¹
1490 1496 1609 1592 (at
1642 1495 1852 1590 cujus
1882 1494 2231 1582 hominis,
2272 1505 2491 1593 qu'am
2536 1496 2647 1568 iu-

513 1609 724 1696 sulsi‚
760 1622 831 1679 et
869 1631 1086 1704 quam
1125 1629 1308 1704 saepe
1334 1629 1470 1703 pro
1495 1601 2281 1703 Pompeiomentientis
2302 1603 2367 1701 l)
2404 1608 2647 1678 exani·

513 1721 733 1792 mavit
758 1729 788 1760 ²
827 1741 1116 1800 omnes,
1144 1718 1273 1814 qui
1302 1740 1587 1788 mecum
1626 1729 1851 1788 erant.
1886 1717 2067 1786 Nam
2108 1717 2264 1814 ipse
2300 1715 2643 1790 obdurui.

515 1825 913 1903 Dubitabat
955 1841 1286 1898 nostrum
1314 1849 1569 1912 neme,
1604 1828 1785 1922 quin
1816 1828 2049 1898 Caesar
2078 1827 2337 1901 itinera
2376 1851 2651 1926 repres-

515 1943 718 2012 sisset
749 1967 766 2010 :
793 1938 1032 2011 volare
1065 1937 1362 2022 dicitur3
1382 1936 1707 2010 Petreius
1726 1957 1897 2011 cum
1924 1933 2215 2010 Afranio
2240 1937 2651 2033 conjunxis·
2754 1995 2765 2015 ,

517 2065 628 2123 set
651 2046 678 2092 ³
735 2073 814 2120 se
857 2076 874 2118 ε
929 2047 1110 2120 nibil
1155 2045 1364 2118 affert
1413 2045 1792 2141 ejusmodi.
1840 2045 2035 2136 Quid
2082 2047 2390 2144 quaeris?
2438 2049 2651 2120 etiam

516 2157 698 2228 illud
737 2171 890 2228 erat
931 2179 1390 2253 persuasum3
1437 2159 1867 2254 Pompeium
1914 2181 2081 2230 cum
2118 2161 2395 2256 magnis
2430 2159 2655 2256 copiis

517 2271 656 2338 iter
702 2268 774 2337 in
815 2267 1274 2338 Germaniam
1301 2270 1333 2318 ‘⁴
1389 2290 1521 2364 per
1568 2266 1929 2364 Illyricum
1977 2266 2227 2340 fecisse
2276 2295 2293 2338 t
2342 2267 2417 2340 id
2456 2269 2653 2340 enim

521 2388 882 2467 αὐθεντικῶς
911 2381 942 2425 ⁵
985 2384 1478 2455 nuntiabatur.
1528 2384 1847 2459 Melitam
1894 2388 2145 2484 igitur,
2184 2390 2487 2484 opinor,
2536 2412 2653 2459 ca·

521 2520 922 2595 pessamuS‚
970 2494 1180 2581 dum,
1233 2494 1408 2592 quid
1431 2493 1463 2541 θ
1519 2498 1591 2567 in
1652 2500 1989 2597 Hispania
2040 2526 2059 2568 z
2112 2498 2315 2597 quod
2361 2497 2655 2597 quidem

521 2604 1054 2705 propemodum
1105 2604 1357 2677 videor
1397 2631 1486 2677 ex
1524 2609 1818 2679 Caesaris
1868 2608 2090 2679 literis
2126 2609 2351 2706 ipsius
2394 2608 2654 2679 volun*

524 2732 668 2789 tate
703 2713 935 2787 facere
973 2738 1226 2812 posse3
1272 2716 1394 2812 qui
1431 2732 1645 2813 negat
1686 2742 1931 2814 neque
1968 2717 2379 2805 honestius,
2415 2742 2655 2816 neque

521 2828 751 2898 tutius
787 2825 965 2895 mihi
1012 2823 1411 2922 quidquam
1459 2850 1653 2911 esse,
1701 2850 1923 2924 quam
1970 2828 2062 2899 ab
2106 2830 2311 2899 omni
2354 2842 2653 2899 conten·

521 2939 721 3009 tione
747 2934 1022 3007 abesse.
1062 2936 1306 3023 Dice5‚
1348 2935 1476 3007 ubi
1520 2958 1697 3034 ergo
1724 2952 1895 3009 tuus
1928 2937 2048 3009 ille
2078 2939 2395 3025 animm,
2434 2962 2655 3035 quem

522 3048 870 3146 proximis
905 3045 1172 3118 literis?
1213 3045 1464 3133 Adest,
1507 3060 1581 3119 et
1616 3046 1806 3119 idem
1842 3061 1967 3119 est.
2004 3047 2145 3119 Sed
2184 3052 2461 3119 utinam
2492 3069 2656 3119 meo

519 3158 754 3231 solum
783 3160 1017 3255 capite
1045 3154 1549 3233 decernerem!
1580 3156 1909 3253 lacrymae
1936 3182 2265 3231 meo-rum
2294 3182 2411 3231 me
2438 3160 2657 3231 inter·

602 3366 646 3399 1.
668 3348 938 3396 Philotimi.
957 3348 1034 3395 De
1057 3362 1159 3409 quo
1181 3346 1270 3395 lib.
1289 3348 1338 3392 11
1353 3380 1366 3400 ,
1391 3362 1472 3409 ep.
1498 3356 1545 3403 4.
1708 3348 1756 3394 3.
1784 3346 2141 3411 Cotejunxisset.
2161 3352 2270 3397 Hoc
2295 3347 2361 3396 ad
2376 3347 2499 3395 illud
2518 3349 2660 3395 refer-

523 3429 774 3475 Manutius
789 3426 916 3474 hanc
937 3436 1090 3473 totam
1115 3424 1255 3488 epist.
1286 3424 1549 3489 superioris
1636 3436 1739 3483 tur,
1766 3424 2003 3475 dubitavit
2032 3442 2207 3486 nemo,
2239 3425 2373 3491 quin.
2407 3426 2467 3475 ld
2500 3437 2660 3475 autem

523 3517 710 3573 partem
737 3522 838 3553 esse
864 3504 1073 3569 putavit.
1099 3504 1192 3551 En.
1638 3520 1805 3553 verum
1834 3520 1936 3551 esse
1963 3494 2267 3570 compertum
2295 3517 2385 3555 est.
2408 3507 2501 3555 En.

597 3602 648 3632 2.
691 3582 1024 3631 Exunimavit.
1072 3582 1198 3645 Quia
1217 3616 1233 3641 ,
1270 3596 1421 3645 quum
1457 3598 1549 3647 pro
1710 3594 1757 3641 4.
1782 3586 1841 3631 In
1874 3584 2211 3635 Germaniam.
2236 3584 2485 3637 Habemus
2518 3584 2661 3649 epist.

523 3674 658 3713 certo
683 3660 965 3711 haberemus
977 3700 991 3723 ‚
1025 3662 1261 3711 Caesarem
1297 3662 1352 3709 in
1373 3662 1548 3727 Hispa·
1645 3665 1700 3711 5:
1719 3686 1743 3705 α
1756 3664 2039 3727 Pompeium
2056 3680 2148 3729 pro
2166 3675 2302 3713 certo
2320 3664 2553 3713 habe-us
2572 3680 2663 3729 per

525 3746 656 3791 niam
671 3740 1058 3807 proficiscentem
1078 3742 1250 3789 itinera
1279 3740 1460 3789 tardius
1483 3742 1553 3787 fa·
1634 3742 1885 3807 Illyricum
1912 3742 2158 3808 proficisci
2184 3744 2239 3791 in
2258 3743 2527 3793 Galliam».
2544 3742 2663 3791 Non

525 3838 634 3870 cere
679 3822 905 3885 coepisse,
942 3822 1180 3869 Petreium
1208 3838 1318 3869 cum
1346 3820 1551 3868 Afranio
1638 3822 2241 3871 tamenmutandum.Nam
2256 3838 2344 3887 per
2358 3820 2663 3871 Germaniam

525 3904 693 3965 copias
719 3900 1029 3959 conjunxisse
1049 3935 1063 3959 ,
1089 3900 1193 3964 ipse
1230 3898 1354 3947 nihil
1389 3899 1551 3947 attulit
1638 3900 1697 3949 nb
1724 3900 1925 3967 Illyrico
1950 3902 1999 3951 in
2015 3901 2195 3951 Gallias
2214 3901 2427 3951 eundum
2447 3899 2555 3949 fuit.
2570 3901 2663 3949 En.

526 3978 783 4042 ejusmodi.
815 3974 964 4041 Quod
998 3995 1057 4025 eo
1077 3978 1372 4027 credendum
1397 3978 1552 4041 magis
1712 3976 1758 4028 5.
1788 3980 2089 4036 Λύθενταῶς.
2129 3982 2277 4029 Certo
2302 3990 2520 4027 auctore.

523 4072 624 4117 est,
654 4058 767 4121 quia
791 4058 970 4104 scimus
995 4073 1104 4104 eum
1125 4057 1280 4105 solere
1301 4073 1430 4121 saepe
1458 4072 1550 4120 pro
1710 4059 1760 4104 6.
1802 4060 1931 4105 Dum
1972 4058 2097 4122 quid
2134 4058 2185 4107 in
2224 4059 2491 4123 Hispania.
2534 4057 2630 4104 Alii
2653 4090 2671 4115 ,

519 4139 754 4203 Pompeio
777 4134 994 4185 mentiri.
1015 4138 1158 4185 Mur.
1640 4136 1787 4199 quod.
1817 4137 1932 4187 ΙΝ.
1956 4139 2009 4184 1..
