3019 4681
596 364 741 452 [μδ
1230 367 1329 434 Μ.
1382 368 1457 436 Τ.
1514 363 2094 438 CICERONIS

595 481 864 552 throt0.
888 483 969 550 L.
1000 480 1299 550 Antonii
1320 477 1351 534 4
1380 478 1746 550 horribilis
1773 477 2030 550 concio
2051 473 2104 562 ⁵,
2135 473 2516 547 Dolabellae
2540 501 2691 575 prae·

594 590 803 662 clara.
847 595 999 661 Jam
1050 588 1167 660 vel
1212 588 1345 660 sibi
1402 589 1666 660 habeat
1715 611 2081 675 nummos,
2127 585 2350 656 modo
2393 603 2695 658 numeret

592 699 832 770 idibus
846 695 901 767 ⁶.
932 697 1311 768 Tertullae⁷
1348 699 1622 770 nollem
1655 697 1993 769 abortum
2028 723 2043 764 ε
2087 711 2232 766 tam
2273 697 2464 767 enim
2497 701 2693 768 Cassii

595 825 765 881 sunt
796 811 943 905 jam
968 862 987 895 ,
1026 833 1245 906 quam
1282 809 1481 879 Bruti
1524 805 1828 879 serendi.
1863 810 1975 877 De
2011 799 2306 901 regina8
2338 806 2579 892 velim,
2603 821 2694 876 at-

594 945 739 1018 que
779 922 993 990 etiam
1038 917 1129 988 de
1161 923 1481 990 Caesare9
1520 917 1670 990 illo.
1718 915 2025 988 Persolvi
2069 917 2322 1013 primae
2366 916 2693 1013 epistolae:

596 1029 811 1100 venio
848 1027 938 1098 ad
976 1026 1389 1098 secundam.

693 1140 803 1207 De
854 1138 1253 1226 Quintis10,
1304 1137 1697 1224 Buthroto,
1751 1159 1981 1233 quum
2038 1159 2358 1224 venero,
2416 1150 2496 1205 ut
2553 1136 2698 1205 scri-

594 1247 728 1317 bis.
802 1243 1023 1336 Quod
1088 1247 1417 1319 Ciceroni
1469 1247 1924 1346 suppeditaS,
1987 1261 2290 1342 gratum.
2353 1245 2564 1336 Quod
2608 1269 2700 1315 er-

596 1378 754 1426 rare
814 1379 930 1425 me
980 1371 1229 1454 putaS,
1277 1361 1404 1454 qui
1452 1356 1976 1456 rempublicam
2019 1370 2270 1454 putem
2327 1357 2626 1454 pendere
2667 1379 2698 1426 e

596 1465 865 1551 Bruto‘,
914 1466 1014 1536 sic
1057 1491 1133 1537 se
1176 1490 1292 1537 res
1336 1465 1578 1538 habet.
1631 1471 1777 1538 Aut
1822 1465 2020 1536 nulla
2063 1467 2237 1553 erit,
2287 1481 2414 1537 aut
2457 1464 2542 1534 ab
2581 1467 2696 1534 isto

597 1577 840 1646 istisve
876 1574 1292 1647 servabitur.
1341 1576 1560 1666 Quod
1611 1603 1729 1649 me
1779 1577 2090 1648 hortaris
2120 1583 2206 1662 ¹¹,
2259 1590 2346 1646 ut
2397 1577 2696 1672 scriptam

599 1682 1031 1753 concionem
1068 1683 1391 1772 mittam,
1436 1684 1680 1780 accipe
1725 1708 1766 1754 a
1803 1707 1922 1752 me
1945 1736 1965 1769 ,
2005 1683 2108 1751 mi
2133 1681 2394 1769 Attice,
2417 1680 2698 1752 καθολικὸν

599 1791 883 1883 θεώρημα
904 1797 966 1828 ¹²
1028 1813 1277 1859 earum
1339 1809 1584 1860 rerum
1615 1842 1634 1875 ‚
1695 1788 1774 1857 in
1835 1787 2102 1884 quibus
2152 1790 2322 1860 satis
2373 1788 2700 1859 exercitati

598 1921 865 1970 sumus.
922 1900 1155 1969 Nemo
1198 1921 1546 1996 umquam
1591 1923 1834 1994 neque
1889 1911 2145 1995 poeta,
2201 1922 2446 1995 neque
2493 1911 2700 1966 orator

600 2007 737 2079 fuit
759 2063 778 2098 ,
829 2010 958 2107 qui
1006 2031 1449 2104 quemquam
1485 2007 1898 2096 meliorem,
1937 2033 2156 2106 quam
2199 2033 2314 2097 se,
2361 2009 2701 2080 arbitrare-

598 2133 719 2189 tur
750 2145 765 2187 :
804 2119 947 2190 hoc
980 2120 1197 2203 etiam
1232 2117 1439 2188 malis
1472 2121 1847 2218 contingit.
1882 2118 2076 2209 Quid
2113 2133 2195 2190 tu
2230 2125 2455 2193 Bruto
2489 2135 2700 2218 putas,

602 2245 675 2300 et
710 2231 1091 2327 ingenioso
1112 2282 1131 2314 ,
1162 2243 1234 2300 et
1260 2227 1591 2300 erudito?
1621 2228 1712 2299 de
1746 2255 1897 2326 quo
1926 2233 2144 2301 etiam
2175 2235 2458 2328 experti
2490 2251 2702 2302 sumus

601 2361 840 2434 nuper
904 2339 983 2407 in
1054 2334 1396 2409 edict013.
1457 2340 1910 2437 Scripseram¹
1963 2355 2220 2438 rogatu
2275 2356 2430 2412 tuo.
2491 2346 2702 2412 Meum

602 2446 781 2516 mihi
822 2446 1191 2545 placebat,
1240 2448 1346 2519 illi
1384 2472 1620 2519 suum.
1663 2452 1861 2539 Quin
1903 2451 2156 2539 etiam,
2201 2475 2478 2547 quum,
2515 2450 2706 2549 ipsius

679 2662 733 2719 4.
770 2661 828 2706 L.
862 2654 1084 2705 Antom'i.
1125 2658 1225 2721 Qui
1260 2659 1485 2708 tribunus
1521 2670 1624 2708 erat
1694 2654 1905 2708 'venet-o.
1924 2661 2392 2721 Bonum—Olim,
2411 2664 2518 2709 «De
2541 2660 2707 2725 Quintis

604 2736 793 2803 plebis,
834 2737 995 2785 Marci
1029 2737 1195 2785 frater.
1224 2764 1295 2773 —-
1329 2738 1524 2802 Agebat
1564 2738 1627 2786 de
1713 2755 1770 2787 ac
1793 2740 2110 2788 Buthrotiis».
2132 2740 2280 2789 Male.
2301 2742 2406 2789 Alii
2429 2758 2527 2790 uon
2545 2742 2709 2795 rectius,

604 2818 734 2881 agris
758 2816 983 2865 Pontinia
1018 2817 1205 2881 populo
1242 2816 1626 2877 distribuendi33
1715 2818 1824 2865 -De
1849 2820 2022 2879 Quinti
2049 2816 2292 2867 Buthroto
2306 2843 2349 2869 ιι.
2377 2821 2493 2869 LV.
2513 2822 2563 2869 L.

604 2896 934 2945 intercedebat
955 2895 1223 2944 Dolabella.
1244 2898 1341 2945 En.
1789 2912 1814 2942 1
1828 2912 1871 2943 x.
1895 2896 2150 2959 Scriptum.
2175 2898 2222 2945 A
2249 2914 2353 2955 me,
2390 2899 2476 2950 sed
2501 2912 2710 2963 tamquam

678 2977 724 3026 5.
744 2978 901 3025 Antea
917 2972 1167 3039 legebatur
1179 2974 1439 3024 contentio.
1456 2976 1630 3025 Emen-
1716 2991 1746 3022 a
1766 2976 1920 3023 Bruto
1943 2974 1996 3021 iu
2018 2975 2262 3039 Capitolio
2281 2970 2494 3025 liubit-m
2505 3011 2521 3034 ,
2543 2978 2667 3043 epist.
2689 2966 2706 3021 r

607 3054 743 3104 davit
762 3052 1031 3102 Victorius.
1066 3054 1099 3102 J
1103 3086 1113 3097 .
1134 3055 1199 3102 V.
1220 3057 1275 3103 1..

677 3136 728 3184 6.
743 3133 923 3181 idibus.
938 3131 1129 3195 Quibus
1146 3129 1292 3197 flebat
1306 3126 1531 3196 pecunioe
1549 3133 1634 3181 de·

603 3216 719 3265 bitae
746 3212 925 3263 solutio
950 3228 1063 3259 cum
1082 3212 1257 3259 usuris.
1280 3212 1455 3261 Horat.
1478 3213 1631 3260 ·Om·

608 3312 718 3342 nem
736 3293 907 3356 relegit
924 3290 1087 3339 idibus
1107 3291 1406 3354 pecuniam».
1433 3292 1632 3339 Ponu.

681 3390 728 3435 7.
762 3372 1005 3419 Tertulla.
1043 3372 1077 3417 J
1078 3370 1207 3418 uniae
1241 3372 1441 3431 Tertia,
1466 3370 1635 3419 uxoris

610 3451 789 3509 cassii,
812 3450 995 3498 sororis
1014 3448 1169 3497 Bruti.
1191 3450 1385 3499 Ponu.

684 3532 733 3577 8.
760 3529 966 3595 Regina.
993 3528 1249 3593 Cleopatra
1269 3545 1439 3593 supra,
1468 3544 1547 3593 ep.
1586 3530 1634 3577 8.

682 3626 732 3671 9.
758 3610 965 3658 (ἔσεαι-ο.
984 3610 1141 3672 Quem
1160 3610 1477 3657 Caesarionem
1497 3610 1636 3657 Cleo-

610 3698 747 3752 patra
770 3688 990 3752 vocabat.
1008 3688 1157 3736 Dion.
1175 3687 1262 3736 lib.
1282 3690 1486 3737 XLVII.
1504 3688 1640 3737 Cou-

614 3780 735 3813 ιιι).
760 3792 830 3802 -
853 3766 989 3813 Idem
1017 3766 1192 3815 frustra
1213 3776 1356 3830 putat
1387 3766 1536 3815 latere
1556 3768 1638 3815 hic

612 3842 799 3905 aliquid
834 3842 1018 3892 mendi.
1059 3844 1177 3892 Non
1196 3845 1404 3895 videtur.
1423 3850 1473 3895 J.
1498 3850 1561 3894 V.
1581 3848 1638 3895 L.

692 3938 709 3966 ι
722 3937 772 3968 ο.
790 3922 864 3967 De
886 3921 1091 3981 Quintis.
1109 3924 1183 3969 De
1197 3924 1387 3984 Quinto
1404 3916 1640 3974 Cicerone

614 4010 776 4061 patre,
796 3998 984 4059 inquit,
1014 4008 1062 4045 et
1085 3998 1145 4044 de
1166 4002 1352 4062 Quinto
1380 4004 1483 4062 ejus
1506 4002 1638 4061 filio,

617 4075 677 4121 de
706 4074 949 4122 Buthroto
970 4074 1110 4119 etiam
1138 4086 1223 4122 tuo
1250 4080 1454 4139 videbo,
1488 4098 1638 4144 quum

1718 3063 1768 3101 et
1804 3055 1833 3101 3
1847 3088 1862 3113 ,
1883 3053 1970 3101 lib.
2005 3055 2119 3113 XV,
2157 3053 2236 3101 vel
2272 3055 2544 3106 habendam
2575 3056 2710 3122 paullo

1719 3142 1848 3196 poet.
1869 3132 2035 3181 Coun.

1796 3226 1818 3257 1
1832 3227 1876 3260 t.
1903 3198 2176 3260 Καὸολικόν.
2205 3214 2444 3277 Regulam
2465 3214 2709 3279 generalm-

1798 3290 1878 3339 13.
1903 3291 1960 3337 In
1981 3290 2157 3339 edicto.
2175 3292 2359 3339 Brutus
2379 3294 2585 3342 edictum
2605 3309 2708 3341 oom-

1721 3370 1887 3435 posuit
1913 3404 1928 3429 ,
1965 3384 2064 3433 quo
2098 3371 2372 3433 postulavit
2417 3374 2477 3421 ab
2523 3372 2708 3421 Antonio

1723 3446 1947 3509 consule,
1974 3459 2029 3496 ut
2054 3448 2146 3496 sibi
2185 3461 2235 3497 et
2263 3450 2433 3500 caesio
2458 3449 2712 3516 praetoribus

1722 3528 1890 3574 liceret
1916 3526 1977 3573 ab
2007 3527 2126 3575 urbe
2143 3527 2308 3577 abesse
2330 3546 2345 3577 ε
2367 3532 2502 3595 quod
2521 3532 2633 3595 lege·
2649 3542 2712 3573 ve-

1724 3606 1909 3655 tabant.
1933 3607 2122 3669 Quibus
2140 3608 2222 3655 ille
2239 3608 2356 3656 item
2373 3611 2533 3659 edicto
2549 3623 2714 3673 respou-

1727 3684 1800 3732 dit
1818 3684 1990 3731 min-ci
2017 3695 2068 3732 et
2091 3688 2465 3737 contumelioso.
2504 3688 2641 3751 Epist.
2663 3686 2709 3739 3,

1724 3763 1815 3811 lib.
1833 3764 1908 3809 xl
1921 3799 1936 3825 ,
1954 3764 2016 3810 ad
2037 3764 2151 3813 niv.
2170 3766 2317 3821 Mau.
2332 3794 2401 3803 --
2417 3764 2650 3814 Schiitzias
2664 3761 2711 3808 de

1725 3841 1822 3889 hoc
1840 3858 1971 3890 nunc
1984 3843 2062 3907 agi
2082 3859 2186 3891 non
2207 3856 2372 3907 putat,
2395 3844 2477 3893 sed
2505 3846 2563 3891 de
2581 3843 2712 3891 edicto

1727 3921 1916 3983 priore,
1943 3922 2080 3981 cujus
2107 3923 2404 3971 mentionem
2429 3924 2602 3971 faciunt
2615 3922 2711 3967 Bru·

1728 4008 1805 4045 tus
1823 4009 1870 4045 et
1898 4000 2088 4048 Cassius
2110 4002 2161 4048 in
2188 4002 2332 4065 epist.
2362 4002 2424 4051 ad
2449 4000 2709 4052 Antonium,

1727 4078 1829 4135 xt,
1846 4092 1896 4124 ο.
1917 4078 2005 4125 Eo.
