3019 4681
572 376 713 451 700
869 356 1403 427 EPISTOLAE
1452 356 1646 426 CIC.
1701 356 1830 424 ET
1879 355 2245 441 BRUTI,
2293 377 2404 423 20.

565 474 927 565 nobilem,
994 502 1147 574 quo
1212 490 1734 549 concurrerent
1792 506 1810 547 ε
1865 475 2068 573 quod
2133 475 2408 548 faciunt
2480 474 2714 547 nihilo

568 587 843 673 minus3
892 586 1021 659 sed
1071 610 1239 659 eum
1292 586 1756 659 alienandum
1791 610 1834 657 a
1875 584 2248 683 republica
2301 609 2460 655 non
2507 600 2711 682 puta·

570 692 764 765 bam.
782 699 1031 770 Finem
1052 692 1188 767 feci
1216 698 1371 792 ejus
1398 694 1719 783 ferendi;
1749 711 2070 794 coeperat
2098 697 2294 768 enim
2329 720 2484 767 esse
2519 710 2712 765 tanta

571 804 992 894 insolentia,
1048 820 1133 877 ut
1178 807 1544 881 neminem
1591 805 1904 878 liberum
1963 805 2280 877 duceret.
2335 810 2426 875 In
2472 804 2711 876 Planci

574 938 749 987 vero
786 940 1005 989 causa
1040 918 1300 989 exarsit
1334 914 1746 989 incredibili
1779 916 2033 988 dolore
2058 971 2079 1006 ,
2119 938 2560 1012 mecumque
2607 914 2711 985 bi-

578 1022 807 1095 duum
844 1028 942 1097 ita
980 1026 1394 1116 contendit,
1454 1042 1530 1100 et
1559 1052 1602 1098 a
1631 1052 1751 1098 me
1797 1031 1898 1098 ita
1935 1025 2203 1098 fractus
2245 1040 2391 1111 est,
2423 1040 2508 1096 ut
2551 1050 2710 1095 eum

576 1134 656 1202 in
701 1148 1139 1231 perpetuum
1192 1135 1708 1209 modestiorem
1775 1160 2060 1235 sperem
2113 1135 2292 1207 fore.
2351 1140 2593 1233 Atque
2641 1136 2711 1204 in

575 1240 715 1313 hac
750 1247 1219 1317 contentione
1254 1248 1441 1346 ipsa,
1494 1272 1726 1345 quum
1761 1234 2078 1318 maxime
2123 1270 2241 1317 res
2279 1259 2616 1343 ageretur
2649 1269 2704 1313 a.

580 1348 650 1421 d.
689 1375 736 1420 v
770 1348 868 1423 id.
916 1355 1118 1452 april.
1170 1356 1389 1427 literae
1434 1356 1614 1427 mihi
1661 1357 1741 1427 in
1802 1372 2054 1428 senatu
2109 1353 2409 1427 redditae
2459 1369 2630 1425 sunt
2675 1380 2712 1422 a

580 1460 939 1534 Lentulo‘*
974 1480 1260 1557 nostr0,
1300 1464 1392 1539 de
1431 1468 1718 1555 Cassi0,
1755 1465 1846 1538 de
1883 1464 2332 1565 legionibuS,
2367 1462 2460 1534 de
2485 1466 2710 1559 Syria3

583 1594 764 1667 quas
822 1578 1060 1645 statim
1107 1602 1339 1674 quum
1400 1579 1924 1665 recitavissem,
1975 1570 2284 1647 cecidit⁵
2341 1574 2714 1653 Servilius,

586 1681 995 1779 complures
1026 1702 1365 1784 praeterea
1398 1714 1413 1759 :
1452 1701 1622 1758 sunt
1655 1688 1854 1757 enim
1887 1687 2203 1782 insignes
2243 1683 2564 1779 aliquot,
2598 1683 2714 1778 qui

586 1792 1121 1889 improbissime
1136 1799 1481 1867 sentiunt.
1513 1796 1652 1867 Sed
1677 1794 2133 1867 acerbissime
2159 1793 2328 1863 tulit
2347 1790 2682 1863 Servilius
2697 1842 2714 1873 ,

587 1924 961 1974 assensum
1004 1930 1157 1977 esse
1184 1906 1364 1977 mihi
1400 1907 1490 1979 de
1527 1907 1792 1977 Planco
1813 1902 1870 1987 s·
1919 1907 2267 2001 Magnum
2299 1900 2482 1973 illud
2517 1924 2716 1972 mon·

594 2025 827 2084 strum
868 2016 945 2085 in
990 2016 1358 2114 republica
1400 2032 1509 2089 est
1519 2071 1781 2087 ........

1352 2156 1630 2222 Desunt
1663 2150 1965 2243 reliqua.

666 2331 721 2380 4.
746 2324 970 2376 Lentulo.
996 2327 1266 2391 Spintheris
1290 2326 1417 2378 filio.
1434 2330 1530 2378 En.
1705 2338 1866 2394 pseu-at
1896 2327 1960 2376 ad
1989 2336 2210 2382 senatum
2229 2362 2246 2388 ,
2277 2340 2358 2384 se,
2389 2336 2442 2373 et
2469 2324 2724 2372 exereitum

670 2402 723 2451 5.
768 2404 967 2454 cecidit.
1010 2408 1185 2455 Fracto
1222 2410 1407 2469 animo,
1445 2421 1619 2475 utpote
1707 2425 1849 2458 ouum
1882 2419 2063 2473 praeoto
2094 2407 2158 2456 nd
2193 2407 2360 2456 omnia
2387 2421 2482 2470 pro
2515 2404 2724 2452 liberate

597 2480 683 2544 qui
708 2481 928 2532 Antonio
960 2485 1158 2535 faveret.
1188 2489 1335 2537 Mur.
1707 2489 1830 2556 πάρ..
1853 2487 2085 2536 futurum.
2111 2489 2202 2552 Ep.
2225 2489 2254 2534 8
2275 2497 2326 2535 et
2349 2502 2442 2540 ω,
2464 2483 2556 2532 lib·
2577 2487 2650 2542 X,
2668 2482 2724 2528 *ἆ

672 2560 723 2609 6.
746 2564 823 2610 De
844 2565 1043 2613 Planco.
1071 2566 1308 2616 Ornando
1321 2601 1336 2626 ,
1358 2568 1473 2631 quia
1498 2563 1620 2614 s'cri-
1711 2567 1828 2616 Div.
1851 2569 2004 2618 Inu-

603 2715 1518 2743 mmmm-mm

1794 2721 2442 2744 mmmm
2451 2719 2720 2741 mmm

1206 2845 1806 2968 EPISTOLA
1879 2891 2114 2968 XXI.

1212 3069 1544 3134 BRUTUS
1574 3069 2004 3166 ,CICERONI
2049 3069 2115 3133 S.

1132 3225 1351 3292 Deest
1383 3227 1815 3319 princepium
1851 3219 2197 3320 epistoloe.

702 3424 719 3440 .
742 3423 759 3438 .
785 3423 835 3442 ..
871 3371 1012 3440 San
1036 3377 1080 3409 ¹·
1104 3393 1256 3468 quo
1297 3391 1433 3440 nos
1468 3371 1786 3440 amisisse
1822 3394 1840 3438 ε
1881 3391 2098 3465 quam
2127 3369 2232 3439 sic
2261 3368 2506 3438 vexari
2538 3391 2580 3438 a
2603 3370 2738 3436 Do-

604 3477 863 3550 labella
883 3475 1135 3565 'audi0,
1162 3493 1246 3549 ut
1266 3479 1416 3574 jam
1443 3504 1598 3550 non
1629 3479 1956 3550 videatur
1981 3475 2560 3550 crudelissimum
2589 3477 2738 3572 ejus

606 3587 885 3661 facinus
926 3581 1333 3660 interfectio‘
1372 3589 1736 3662 Trebonii.
1795 3594 2022 3661 Vetus
2069 3590 2425 3660 Antistius
2467 3613 2586 3658 me
2639 3602 2738 3656 ta-

613 3723 780 3772 men
818 3703 1127 3798 pecunia
1160 3699 1582 3771 sublevavit.
1623 3702 1915 3788 Cicer0‚
1957 3698 2147 3772 filius
2193 3715 2403 3785 tuus,
2432 3700 2534 3770 sic
2569 3695 2740 3767 mihi

685 3925 729 3956 1.
754 3911 850 3958 Alii
870 3909 1088 3980 jungunt
1108 3913 1206 3961 Sed
1222 3927 1318 3977 quo
1342 3929 1455 3960 cum
1476 3929 1624 3978 supe·
1713 3914 1787 3978 gis
1816 3914 1962 3962 doleo
1977 3950 1994 3976 ,
2029 3914 2195 3962 Asiam
2213 3935 2270 3972 an,
2300 3914 2468 3962 statim
2499 3911 2632 3976 legas
2657 3925 2740 3957 nm

613 3989 741 4036 riore
766 3989 993 4052 epistola,
1014 4004 1157 4056 atque
1174 3993 1270 4040 huc
1294 3993 1406 4040 satis
1422 3992 1626 4040 feliciter
1715 3993 1952 4042 amisisse.
1982 3995 2016 4041 J
2020 4029 2031 4040 .
2051 3995 2118 4042 V.
2139 3995 2195 4040 L.
2217 4019 2286 4028 —
2311 3993 2460 4042 Vetas
2479 3991 2735 4042 Ancisem.

602 4067 803 4150 ‘addunt
830 4069 971 4132 epist.
996 4071 1059 4117 23
1079 4105 1096 4131 ,
1136 4081 1189 4119 ut
1208 4084 1321 4136 post
1354 4095 1381 4115 κ
1400 4075 1509 4122 Hoc
1532 4088 1630 4120 ma·
1717 4071 1843 4120 vide
1861 4071 1926 4120 ad
1943 4077 2048 4122 Att.
2071 4073 2210 4131 m,
2251 4089 2303 4135 9.
2333 4073 2426 4120 En.
