3019 4681
472 404 613 491 468
1126 408 1223 473 M.
1276 407 1351 473 T.
1410 408 1973 481 CICERONIS

451 528 685 627 'quale
712 525 846 599 tibi
872 526 1235 597 videretur
1256 581 1275 616 ,
1302 542 1386 597 ut
1419 552 1667 626 posses
1697 530 2192 627 interpretari,
2229 534 2390 604 misi
2421 530 2510 603 ad
2539 550 2612 611 te

473 636 888 736 exemplum
920 637 1264 736 epistolae.
1308 640 1770 736 Quamquam
1808 638 1982 711 mihi
2032 639 2447 713 tabellarius
2477 668 2610 714 no-

472 764 621 822 ster
655 748 969 836 dixerat,
1011 746 1144 819 tibi
1174 772 1471 846 quoque
1508 774 1584 819 se
1621 750 1942 821 attulisse
1977 746 2236 822 literas'
2263 776 2304 822 a
2343 756 2564 824 Bruto
2593 808 2612 838 ‚

472 885 736 958 easque
763 859 857 931 ad
894 874 969 930 te
1002 884 1042 930 e
1077 859 1489 930 Tusculano
1523 884 1677 931 esse
1718 860 2004 931 delatas.
2040 865 2194 957 Ego
2223 862 2482 933 itinera
2511 865 2614 933 sic

468 994 1056 1069 composueram,
1116 983 1202 1039 ut
1226 970 1439 1040 nonis
1483 974 1716 1066 quint.
1751 970 2068 1043 Puteolis
2099 996 2348 1043 essem.
2380 973 2610 1045 Valde

467 1077 993 1166 enim-sestin03
1029 1080 1125 1149 ita
1165 1092 1405 1151 tamen
1442 1133 1461 1166 ‚
1505 1094 1591 1150 ut
1615 1133 1635 1166 ,
1678 1097 2032 1177 quantum
2085 1080 2307 1154 homo
2342 1086 2609 1181 possit,

414 1194 421 1205 '
469 1214 687 1287 quam
728 1191 1136 1262 cautissime
1186 1191 1530 1287 navigem.
1575 1194 1671 1261 M.
1716 1192 1976 1262 AElium
2006 1217 2179 1264 cura
2225 1192 2608 1280 liberabis;

468 1303 530 1371 is
576 1326 693 1371 me
737 1298 1057 1397 paucos⁶
1092 1323 1349 1399 specus
1388 1303 1461 1371 in
1503 1314 1829 1371 extremo
1871 1300 2137 1392 fund0,
2173 1319 2247 1374 et
2283 1328 2406 1375 eos
2443 1306 2606 1401 qui-

468 1410 635 1483 dem
666 1411 1175 1483 subterraneos
1194 1464 1215 1499 ,
1247 1410 1609 1482 servitutis
1648 1422 1854 1509 putat
1877 1410 2151 1508 aliquid
2182 1410 2556 1484 habituros
2585 1439 2605 1484 ε

468 1521 542 1593 id
581 1548 699 1592 me
728 1523 877 1618 jam
936 1521 1170 1605 nolle,
1219 1544 1460 1618 neque
1504 1520 1682 1591 mihi
1732 1519 2135 1619 quidquam
2182 1546 2336 1594 esse
2387 1526 2606 1610 tanti3

466 1631 627 1721 sed,
663 1647 744 1704 ut
777 1631 958 1703 mihi
990 1629 1279 1703 dicebas
1305 1686 1323 1719 ,
1361 1655 1580 1729 quam
1617 1631 2010 1721 lenissime,
2048 1636 2291 1731 potius
2320 1649 2401 1703 ut
2433 1658 2608 1706 cura

465 1742 854 1828 liberetur,
892 1766 1113 1839 quam
1153 1754 1235 1812 ut
1264 1766 1381 1812 me
1414 1765 1840 1814 succensere
1877 1740 2148 1841 aliquid
2181 1747 2604 1843 suspicetur.

465 1851 711 1925 Idem⁷
756 1849 847 1923 de
887 1851 1012 1923 illo
1048 1850 1383 1922 Tulliano
1436 1848 1720 1948 capite⁸
1773 1851 1997 1923 libere
2038 1876 2202 1923 cum
2257 1851 2604 1925 Cascellio

464 1963 790 2061 loquare.
829 1966 1052 2033 Parva
1092 1986 1207 2033 res
1243 1976 1388 2049 est;
1422 1959 1550 2031 sed
1583 1975 1664 2031 tu
1698 1958 1889 2032 bene
1929 1960 2298 2056 attendisti
2331 1990 2346 2033 ε
2393 1962 2605 2032 nimis

462 2073 717 2145 callide
754 2072 1121 2171 agebatur.
1158 2075 1311 2169 Ego
1354 2085 1632 2157 autem,
1665 2073 1723 2142 si
1756 2070 1933 2139 mihi
1963 2072 2426 2169 imposuisset
2468 2074 2600 2146 ali-

464 2183 679 2280 quid,
713 2179 913 2281 quod
931 2205 1151 2280 paene
1180 2178 1381 2268 fecit,
1400 2180 1540 2251 nisi
1565 2193 1691 2250 tua
1719 2180 1984 2251 malitia
2003 2193 2036 2239 9
2071 2179 2428 2274 affui-sset,
2455 2190 2603 2258 ani-

462 2318 585 2365 mo
620 2295 876 2391 iniquo
911 2291 1257 2364 tulissem.
1294 2294 1588 2390 Itaque,
1628 2306 1710 2363 ut
1750 2306 1832 2363 ut
1867 2295 2037 2374 erit,
2073 2316 2228 2363 rem
2266 2296 2602 2394 impediri

460 2403 670 2474 malo,
716 2407 1058 2474 Octavam
1110 2417 1386 2500 partem
1434 2403 1571 2473 tuli
1604 2413 1667 2446 ¹⁰
1702 2401 2166 2474 luminarium
2217 2407 2292 2474 in
2337 2406 2596 2480 aedium

529 2565 583 2614 6.
621 2567 673 2612 Is
708 2579 785 2611 me
814 2577 1021 2628 paucos.
1058 2563 1247 2620 Locus,
1271 2577 1385 2610 nam
1411 2563 1481 2611 fe·

460 2654 625 2692 tentur
658 2659 858 2700 omnes,
882 2640 1191 2705 depravatus.
1230 2640 1479 2689 Audacem

458 2723 649 2788 itaque,
678 2733 733 2770 ut
762 2719 911 2777 solet,
938 2737 1015 2768 me
1042 2720 1159 2768 feeit
1186 2719 1477 2784 desperatio.

461 2805 543 2851 Sic
578 2813 716 2850 muto
731 2836 747 2862 ,
771 2803 825 2848 Is
854 2800 1027 2848 metuit
1047 2815 1233 2864 paucos
1250 2815 1479 2863 specus...

457 2881 695 2932 servituti}
726 2880 861 2946 apud
886 2896 939 2928 se
964 2877 1209 2944 aliquid...
1236 2879 1480 2928 Volneret

459 2962 634 3011 Cicero
677 2975 863 3026 paucos
913 2975 1089 3024 specus
1140 2956 1481 3007 subterraneo·

460 3041 629 3090 fodere
662 3041 715 3089 in
738 3051 959 3088 extremo
999 3038 1153 3086 fundo
1176 3053 1267 3086 suo
1291 3055 1306 3087 z
1336 3037 1484 3086 AElia-

460 3138 555 3170 nus
580 3121 770 3169 vicinus
790 3119 1059 3178 metuebat,
1080 3134 1159 3175 ue,
1184 3117 1227 3165 si
1251 3117 1482 3181 prohibe-

460 3212 562 3261 ret,
588 3202 829 3249 infensum
860 3199 1065 3246 haberet
1104 3197 1392 3246 Ciceronem
1408 3197 1483 3252 ,εἰ

459 3296 561 3329 non
581 3281 878 3345 prohiberet,
905 3278 1114 3342 aliquam
1142 3275 1283 3340 apud
1295 3291 1363 3333 se,
1389 3290 1480 3322 suo

458 3361 564 3424 ipse
606 3359 762 3407 fundo
796 3358 1081 3405 servitutem
1107 3355 1388 3420 susciperet.
1410 3355 1480 3402 Ea

458 3440 567 3488 vult
591 3455 703 3487 cura
731 3437 979 3486 hominem
1003 3433 1201 3482 liberari
1228 3448 1243 3482 :
1281 3432 1482 3481 mandat

459 3517 579 3578 dici,
604 3535 656 3566 ee
686 3517 949 3568 eonsilium
976 3525 1213 3574 mutasse,
1235 3512 1477 3578 jamjam,

458 3597 555 3646 hoc
578 3609 680 3657 eat,
706 3596 909 3645 omnino
935 3593 1067 3642 nolle
1084 3590 1190 3640 fodi
1215 3608 1389 3656 specus
1425 3593 1481 3640 il-

454 3678 556 3738 10³3
582 3695 739 3742 neque
756 3677 909 3725 ullum
927 3673 1019 3724 eibi
1044 3671 1358 3722 commodum
1377 3687 1481 3719 eece

456 3758 611 3815 tanti,
644 3767 703 3805 ut
740 3757 807 3804 ob
834 3756 889 3804 id
930 3755 1039 3803 talis
1083 3754 1237 3802 vicini
1277 3753 1478 3816 gratiam

452 3837 657 3886 amittat.
699 3840 854 3886 Porro
888 3850 1059 3900 specus
1099 3833 1331 3881 dicuutur
1358 3831 1473 3879 eub-

450 3917 659 3964 terranei
684 3925 899 3976 meatus,
920 3931 1011 3978 per
1031 3929 1155 3978 quoe
1182 3929 1307 3976 aqua
1330 3911 1473 3958 duci·

449 4006 545 4043 tur.
564 3996 837 4053 Vitruvius,
858 3995 981 4042 vm
996 4027 1011 4050 ‚
1031 4011 1057 4055 7
1072 4009 1088 4054 ς
1105 3993 1351 4053 Cnjaciue.
1369 3991 1471 4038 ob-

440 4085 616 4124 servat.
662 4075 787 4125 XVI
806 4107 823 4131 ,
868 4090 950 4134 ¹7·
1000 4071 1467 4121 Juriecoueultomm

438 4153 665 4204 formulis
680 4153 889 4204 lectores
903 4167 1007 4200 uon
1018 4150 1300 4216 impediam.
1315 4150 1465 4197 Ouv.

1568 2562 1818 2612 ...Olivet.
1831 2564 1964 2624 conj.
1981 2561 2165 2612 meutie-
2185 2562 2384 2615 Schiitz.
2402 2569 2598 2632 prohat.
2675 2593 2689 2606 ·

1567 2642 1602 2689 J
1607 2675 1622 2690 .
1653 2641 1718 2688 V.
1737 2641 1792 2690 1..

1643 2737 1693 2782 7.
1724 2722 1864 2768 Item.
1888 2719 1968 2767 Sic
1993 2721 2261 2771 Victorius.
2291 2723 2422 2787 Alii,
2442 2727 2594 2778 Idem.

1640 2801 1689 2848 8.
1717 2798 1939 2846 rulliano
1957 2800 2135 2864 capite.
2155 2801 2434 2851 Tullianum
2449 2818 2596 2870 caput

1569 2889 1730 2938 vocnt,
1751 2877 1888 2941 quod
1910 2877 2054 2936 infra,
2077 2879 2280 2940 epistola
2307 2895 2396 2942 29·
2417 2883 2596 2934 Tullia..

1569 2973 1690 3004 num
1700 2958 1958 3006 texuissem.
1979 2957 2138 3020 Caput
2151 2959 2280 3005 enim
2299 2962 2594 3026 quandoque

1569 3049 1775 3099 sortem,
1789 3049 1840 3086 et
1853 3037 2071 3101 pecuniae
2085 3053 2320 3086 summam
2334 3039 2593 3103 significat.

1573 3118 1771 3168 Bonus.

1641 3213 1696 3259 9.
1721 3199 1825 3246 Tua
1842 3197 2055 3246 malitia.
2075 3198 2130 3247 ld
2149 3209 2243 3260 eet,
2257 3201 2352 3248 nisi
2374 3199 2592 3249 tuhomo

1569 3276 1722 3324 malus
1749 3275 1918 3326 dolum
1943 3278 2137 3326 illorum
2160 3280 2467 3344 pervidisset.
2488 3283 2593 3346 Ry-

1568 3356 1755 3421 pnllage
1777 3357 1990 3422 elegans,
2016 3369 2068 3407 et
2090 3359 2319 3408 redolens
2339 3361 2592 3408 familiari-

1570 3447 1718 3486 tatem
1743 3453 1997 3488 summam.
2027 3441 2060 3488 J
2067 3455 2152 3488 uu.

1645 3533 1726 3566 ιο.
1763 3519 1998 3566 Octavam
2011 3529 2208 3582 partem
2240 3519 2349 3568 cedi.
2374 3521 2534 3568 Locus
2559 3536 2586 3568 a

1571 3596 1728 3645 doctis
1747 3597 2026 3645 hominibus
2039 3597 2183 3662 plane
2205 3597 2486 3662 desperatus
2503 3633 2518 3654 ‚
2533 3609 2589 3648 ut

1569 3686 1620 3723 et
1645 3677 1834 3724 asterici
1861 3686 2026 3724 notam
2045 3675 2316 3736 affixerint3
2339 3677 2589 3726 Manutius

1565 3755 1710 3803 etiam
1729 3766 1785 3803 ut
1809 3754 2123 3820 depravatum
2149 3756 2342 3820 assequi
2365 3773 2416 3803 se
2444 3773 2590 3822 posse

1565 3845 1782 3898 negat-et.
1802 3834 2113 3895 Memineris,
2152 3835 2314 3898 iuquit
2329 3869 2346 3893 ,
2381 3836 2474 3882 nisi
2513 3851 2590 3882 res

1561 3913 1879 3978 impediatur,
1900 3913 2010 3962 tolli
2045 3925 2264 3961 octavam
2301 3924 2484 3976 partem
2513 3913 2590 3962 lu·

1561 3994 1816 4040 minutium
1843 4009 2007 4041 earum
2031 3992 2207 4041 aedium
2221 4028 2238 4051 ‚
2256 4009 2368 4056 quae
2385 4005 2502 4042 eunt
2519 3993 2581 4040 ad

1559 4073 1761 4119 streniae
1789 4073 1976 4119 finum.
2010 4073 2071 4119 Et
2099 4087 2214 4119 sanc
2250 4071 2510 4120 Cicerones
2535 4074 2586 4120 in

1557 4149 1745 4198 Carinis
1783 4150 1909 4200 aedea
1952 4149 2176 4201 hahuisse
2215 4162 2418 4214 apparet
2443 4152 2583 4216 epist.
