<?xml version="1.0" encoding="UTF-8"?>
<!DOCTYPE html PUBLIC "-//W3C//DTD XHTML 1.0 Transitional//EN"
    "http://www.w3.org/TR/xhtml1/DTD/xhtml1-transitional.dtd">
<html xmlns="http://www.w3.org/1999/xhtml" xml:lang="en" lang="en">
 <head>
  <title>
</title>
<meta http-equiv="Content-Type" content="text/html;charset=utf-8" />
  <meta name='ocr-system' content='tesseract 3.04.00' />
  <meta name='ocr-capabilities' content='ocr_page ocr_carea ocr_par ocr_line ocrx_word'/>
</head>
<body>
  <div class='ocr_page' id='page_1' title='image "./mtciceronisquae04lemagoog_0098.png"; bbox 0 0 3019 4681; ppageno 0'>
   <div class='ocr_carea' id='block_1_1' title="bbox 468 341 2600 1230">
    <p class='ocr_par' dir='ltr' id='par_1_1' title="bbox 475 341 1961 431">
     <span class='ocr_line' id='line_1_1' title="bbox 475 341 1961 431; baseline 0.007 -26"><span class='ocrx_word' id='word_1_1' title='bbox 475 359 570 431; x_wconf 82' lang='lat'><strong>9²</strong></span> <span class='ocrx_word' id='word_1_2' title='bbox 1127 341 1225 410; x_wconf 88' lang='grc' dir='ltr'><strong>Μ.</strong></span> <span class='ocrx_word' id='word_1_3' title='bbox 1276 343 1353 411; x_wconf 92' lang='grc' dir='ltr'><strong>Τ.</strong></span> <span class='ocrx_word' id='word_1_4' title='bbox 1407 345 1961 418; x_wconf 88' lang='lat' dir='ltr'>CICERONIS</span> 
     </span>
    </p>

    <p class='ocr_par' dir='ltr' id='par_1_2' title="bbox 468 459 2600 1230">
     <span class='ocr_line' id='line_1_2' title="bbox 473 459 2596 568; baseline 0.004 -34"><span class='ocrx_word' id='word_1_5' title='bbox 473 459 806 560; x_wconf 75' lang='grc' dir='ltr'>εὐδαίμονα</span> <span class='ocrx_word' id='word_1_6' title='bbox 828 462 918 554; x_wconf 78' lang='lat'><strong>¹⁵,</strong></span> <span class='ocrx_word' id='word_1_7' title='bbox 965 477 1038 536; x_wconf 83' lang='lat' dir='ltr'><strong>et</strong></span> <span class='ocrx_word' id='word_1_8' title='bbox 1086 468 1576 561; x_wconf 81' lang='grc' dir='ltr'>Μεσοποταμίαν</span> <span class='ocrx_word' id='word_1_9' title='bbox 1617 470 1969 566; x_wconf 85' lang='lat' dir='ltr'><strong>cogitare,</strong></span> <span class='ocrx_word' id='word_1_10' title='bbox 2017 471 2429 568; x_wconf 83' lang='lat' dir='ltr'><strong>Hispaniam</strong></span> <span class='ocrx_word' id='word_1_11' title='bbox 2468 470 2596 543; x_wconf 85' lang='lat' dir='ltr'><strong>ab·</strong></span> 
     </span>
     <span class='ocr_line' id='line_1_3' title="bbox 468 577 2599 679; baseline -0.003 -21"><span class='ocrx_word' id='word_1_12' title='bbox 468 584 744 679; x_wconf 80' lang='lat' dir='ltr'><strong>jecisse.</strong></span> <span class='ocrx_word' id='word_1_13' title='bbox 787 589 1111 658; x_wconf 76' lang='lat' dir='ltr'><strong>Monstra</strong></span> <span class='ocrx_word' id='word_1_14' title='bbox 1143 599 1440 655; x_wconf 85' lang='lat' dir='ltr'><strong>narrant</strong></span> <span class='ocrx_word' id='word_1_15' title='bbox 1457 637 1478 672; x_wconf 92' lang='lat'>‚</span> <span class='ocrx_word' id='word_1_16' title='bbox 1514 606 1675 679; x_wconf 79' lang='lat' dir='ltr'><strong>quae</strong></span> <span class='ocrx_word' id='word_1_17' title='bbox 1710 577 1881 650; x_wconf 88' lang='lat' dir='ltr'><strong>falsa</strong></span> <span class='ocrx_word' id='word_1_18' title='bbox 1916 603 2071 651; x_wconf 87' lang='lat' dir='ltr'><strong>esse</strong></span> <span class='ocrx_word' id='word_1_19' title='bbox 2104 594 2429 676; x_wconf 86' lang='lat' dir='ltr'><strong>possunt.</strong></span> <span class='ocrx_word' id='word_1_20' title='bbox 2459 581 2599 653; x_wconf 86' lang='lat' dir='ltr'><strong>Sed</strong></span> 
     </span>
     <span class='ocr_line' id='line_1_4' title="bbox 473 689 2593 792; baseline -0.003 -26"><span class='ocrx_word' id='word_1_21' title='bbox 473 710 668 768; x_wconf 84' lang='lat' dir='ltr'><strong>certe</strong></span> <span class='ocrx_word' id='word_1_22' title='bbox 713 710 788 768; x_wconf 89' lang='lat' dir='ltr'><strong>et</strong></span> <span class='ocrx_word' id='word_1_23' title='bbox 839 695 991 767; x_wconf 81' lang='lat' dir='ltr'><strong>haec</strong></span> <span class='ocrx_word' id='word_1_24' title='bbox 1035 692 1318 792; x_wconf 85' lang='lat' dir='ltr'><strong>perdita</strong></span> <span class='ocrx_word' id='word_1_25' title='bbox 1339 690 1403 738; x_wconf 79' lang='lat'><strong>¹⁶</strong></span> <span class='ocrx_word' id='word_1_26' title='bbox 1457 706 1668 780; x_wconf 85' lang='lat' dir='ltr'><strong>sunt,</strong></span> <span class='ocrx_word' id='word_1_27' title='bbox 1722 704 1797 760; x_wconf 90' lang='lat' dir='ltr'><strong>et</strong></span> <span class='ocrx_word' id='word_1_28' title='bbox 1848 689 1969 759; x_wconf 89' lang='lat' dir='ltr'><strong>illa</strong></span> <span class='ocrx_word' id='word_1_29' title='bbox 2028 712 2179 759; x_wconf 89' lang='lat' dir='ltr'><strong>non</strong></span> <span class='ocrx_word' id='word_1_30' title='bbox 2242 689 2593 762; x_wconf 87' lang='lat' dir='ltr'><strong>salutaria.</strong></span> 
     </span>
     <span class='ocr_line' id='line_1_5' title="bbox 470 797 2598 901; baseline -0.004 -26"><span class='ocrx_word' id='word_1_31' title='bbox 470 808 653 880; x_wconf 85' lang='lat' dir='ltr'><strong>Tuas</strong></span> <span class='ocrx_word' id='word_1_32' title='bbox 697 805 935 878; x_wconf 82' lang='lat' dir='ltr'>literas</span> <span class='ocrx_word' id='word_1_33' title='bbox 967 805 1116 901; x_wconf 87' lang='lat' dir='ltr'><strong>jam</strong></span> <span class='ocrx_word' id='word_1_34' title='bbox 1153 802 1506 874; x_wconf 82' lang='lat' dir='ltr'><strong>desidero.</strong></span> <span class='ocrx_word' id='word_1_35' title='bbox 1541 805 1709 871; x_wconf 85' lang='lat' dir='ltr'><strong>Post</strong></span> <span class='ocrx_word' id='word_1_36' title='bbox 1746 797 1985 896; x_wconf 86' lang='lat' dir='ltr'><strong>fugam</strong></span> <span class='ocrx_word' id='word_1_37' title='bbox 2024 813 2348 869; x_wconf 88' lang='lat' dir='ltr'><strong>nostram</strong></span> <span class='ocrx_word' id='word_1_38' title='bbox 2381 823 2598 869; x_wconf 88' lang='lat' dir='ltr'><strong>num-</strong></span> 
     </span>
     <span class='ocr_line' id='line_1_6' title="bbox 471 903 2600 1013; baseline -0.005 -26"><span class='ocrx_word' id='word_1_39' title='bbox 471 939 694 1013; x_wconf 84' lang='lat' dir='ltr'>quam</span> <span class='ocrx_word' id='word_1_40' title='bbox 721 927 730 935; x_wconf 85' lang='grc'><em>’</em></span> <span class='ocrx_word' id='word_1_41' title='bbox 738 917 886 1012; x_wconf 84' lang='lat' dir='ltr'><strong>jam</strong></span> <span class='ocrx_word' id='word_1_42' title='bbox 917 925 976 970; x_wconf 85' lang='lat'><strong>¹⁷</strong></span> <span class='ocrx_word' id='word_1_43' title='bbox 1032 927 1365 984; x_wconf 87' lang='lat' dir='ltr'><strong>nostrum</strong></span> <span class='ocrx_word' id='word_1_44' title='bbox 1425 933 1673 983; x_wconf 87' lang='lat' dir='ltr'><strong>earum</strong></span> <span class='ocrx_word' id='word_1_45' title='bbox 1714 904 2169 979; x_wconf 81' lang='lat' dir='ltr'><strong>intervallum</strong></span> <span class='ocrx_word' id='word_1_46' title='bbox 2224 903 2381 976; x_wconf 85' lang='lat' dir='ltr'><strong>fuit.</strong></span> <span class='ocrx_word' id='word_1_47' title='bbox 2436 906 2600 977; x_wconf 88' lang='lat' dir='ltr'><strong>Misi</strong></span> 
     </span>
     <span class='ocr_line' id='line_1_7' title="bbox 470 1015 2599 1122; baseline -0.005 -26"><span class='ocrx_word' id='word_1_48' title='bbox 470 1023 564 1096; x_wconf 89' lang='lat' dir='ltr'><strong>ad</strong></span> <span class='ocrx_word' id='word_1_49' title='bbox 594 1039 668 1097; x_wconf 91' lang='lat' dir='ltr'><strong>te</strong></span> <span class='ocrx_word' id='word_1_50' title='bbox 699 1023 1112 1122; x_wconf 80' lang='lat' dir='ltr'><strong>exemplum</strong></span> <span class='ocrx_word' id='word_1_51' title='bbox 1144 1022 1513 1094; x_wconf 86' lang='lat' dir='ltr'><strong>literarum</strong></span> <span class='ocrx_word' id='word_1_52' title='bbox 1547 1043 1871 1092; x_wconf 89' lang='lat' dir='ltr'><strong>mearum</strong></span> <span class='ocrx_word' id='word_1_53' title='bbox 1898 1015 1991 1088; x_wconf 89' lang='lat' dir='ltr'><strong>ad</strong></span> <span class='ocrx_word' id='word_1_54' title='bbox 2018 1021 2400 1103; x_wconf 59' lang='lat' dir='ltr'><strong>Caesarem3</strong></span> <span class='ocrx_word' id='word_1_55' title='bbox 2435 1017 2599 1112; x_wconf 83' lang='lat' dir='ltr'><strong>qui-</strong></span> 
     </span>
     <span class='ocr_line' id='line_1_8' title="bbox 471 1130 1842 1230; baseline -0.004 -24"><span class='ocrx_word' id='word_1_56' title='bbox 471 1133 614 1206; x_wconf 88' lang='lat' dir='ltr'><strong>bus</strong></span> <span class='ocrx_word' id='word_1_57' title='bbox 639 1158 759 1206; x_wconf 85' lang='lat' dir='ltr'><strong>me</strong></span> <span class='ocrx_word' id='word_1_58' title='bbox 788 1131 1063 1230; x_wconf 86' lang='lat' dir='ltr'><strong>aliquid</strong></span> <span class='ocrx_word' id='word_1_59' title='bbox 1097 1130 1597 1230; x_wconf 86' lang='lat' dir='ltr'><strong>profecturum</strong></span> <span class='ocrx_word' id='word_1_60' title='bbox 1640 1143 1842 1228; x_wconf 88' lang='lat' dir='ltr'><strong>puto.</strong></span> 
     </span>
    </p>
   </div>
   <div class='ocr_carea' id='block_1_2' title="bbox 471 1314 2607 2337">
    <p class='ocr_par' dir='ltr' id='par_1_3' title="bbox 471 1314 2601 1544">
     <span class='ocr_line' id='line_1_9' title="bbox 471 1314 2601 1386; baseline -0.004 -14"><span class='ocrx_word' id='word_1_61' title='bbox 471 1347 544 1360; x_wconf 89' lang='lat'>—</span> <span class='ocrx_word' id='word_1_62' title='bbox 567 1321 842 1386; x_wconf 67' lang='lat' dir='ltr'><strong>ungarium</strong></span> <span class='ocrx_word' id='word_1_63' title='bbox 867 1320 999 1386; x_wconf 71' lang='lat' dir='ltr'><strong>apud</strong></span> <span class='ocrx_word' id='word_1_64' title='bbox 1025 1321 1302 1370; x_wconf 69' lang='lat' dir='ltr'><strong>Munatium</strong></span> <span class='ocrx_word' id='word_1_65' title='bbox 1329 1321 1492 1385; x_wconf 71' lang='lat' dir='ltr'><strong>legen-</strong></span> <span class='ocrx_word' id='word_1_66' title='bbox 1579 1314 1751 1384; x_wconf 76' lang='grc' dir='ltr'><strong>ψυχίαν</strong></span> <span class='ocrx_word' id='word_1_67' title='bbox 1786 1333 1975 1366; x_wconf 69' lang='lat' dir='ltr'><strong>oct-vare</strong></span> <span class='ocrx_word' id='word_1_68' title='bbox 1992 1353 2008 1379; x_wconf 90' lang='lat'>,</span> <span class='ocrx_word' id='word_1_69' title='bbox 2036 1316 2124 1366; x_wconf 70' lang='lat' dir='ltr'><strong>sed</strong></span> <span class='ocrx_word' id='word_1_70' title='bbox 2162 1315 2347 1365; x_wconf 75' lang='lat' dir='ltr'><strong>in-onioe</strong></span> <span class='ocrx_word' id='word_1_71' title='bbox 2388 1315 2601 1375; x_wconf 79' lang='lat' dir='ltr'><strong>dictum,</strong></span> 
     </span>
     <span class='ocr_line' id='line_1_10' title="bbox 477 1394 2600 1468; baseline -0.002 -20"><span class='ocrx_word' id='word_1_72' title='bbox 477 1399 593 1448; x_wconf 81' lang='lat' dir='ltr'><strong>dum</strong></span> <span class='ocrx_word' id='word_1_73' title='bbox 626 1411 816 1460; x_wconf 72' lang='lat' dir='ltr'><strong>censet,</strong></span> <span class='ocrx_word' id='word_1_74' title='bbox 855 1395 1182 1468; x_wconf 74' lang='grc' dir='ltr'><strong>μικροψυχίαν.</strong></span> <span class='ocrx_word' id='word_1_75' title='bbox 1217 1402 1328 1449; x_wconf 84' lang='lat' dir='ltr'><strong>Hoc</strong></span> <span class='ocrx_word' id='word_1_76' title='bbox 1361 1402 1491 1448; x_wconf 83' lang='lat' dir='ltr'><strong>enim</strong></span> <span class='ocrx_word' id='word_1_77' title='bbox 1580 1399 1799 1463; x_wconf 74' lang='lat' dir='ltr'><strong>quamvis</strong></span> <span class='ocrx_word' id='word_1_78' title='bbox 1836 1397 1948 1446; x_wconf 88' lang='lat' dir='ltr'><strong>Sch.</strong></span> <span class='ocrx_word' id='word_1_79' title='bbox 1988 1407 2131 1462; x_wconf 74' lang='lat' dir='ltr'><strong>negat</strong></span> <span class='ocrx_word' id='word_1_80' title='bbox 2170 1412 2275 1445; x_wconf 73' lang='lat' dir='ltr'><strong>esse</strong></span> <span class='ocrx_word' id='word_1_81' title='bbox 2310 1395 2393 1444; x_wconf 89' lang='lat' dir='ltr'><strong>hic</strong></span> <span class='ocrx_word' id='word_1_82' title='bbox 2428 1394 2600 1444; x_wconf 62' lang='lat' dir='ltr'><strong>ironia</strong></span> 
     </span>
     <span class='ocr_line' id='line_1_11' title="bbox 475 1475 1878 1544; baseline -0.001 -16"><span class='ocrx_word' id='word_1_83' title='bbox 475 1475 654 1528; x_wconf 61' lang='lat' dir='ltr'><strong>censui</strong></span> <span class='ocrx_word' id='word_1_84' title='bbox 677 1479 907 1544; x_wconf 70' lang='lat' dir='ltr'><strong>pontuht.</strong></span> <span class='ocrx_word' id='word_1_85' title='bbox 944 1481 1064 1528; x_wconf 76' lang='lat' dir='ltr'><strong>Tam</strong></span> <span class='ocrx_word' id='word_1_86' title='bbox 1095 1479 1288 1540; x_wconf 71' lang='lat' dir='ltr'><strong>abjecto</strong></span> <span class='ocrx_word' id='word_1_87' title='bbox 1321 1491 1374 1528; x_wconf 77' lang='lat' dir='ltr'><strong>et</strong></span> <span class='ocrx_word' id='word_1_88' title='bbox 1407 1480 1492 1529; x_wconf 81' lang='lat' dir='ltr'><strong>de·</strong></span> <span class='ocrx_word' id='word_1_89' title='bbox 1580 1477 1761 1526; x_wconf 83' lang='lat' dir='ltr'><strong>locum.</strong></span> <span class='ocrx_word' id='word_1_90' title='bbox 1782 1477 1878 1526; x_wconf 80' lang='lat' dir='ltr'><strong>En.</strong></span> 
     </span>
    </p>

    <p class='ocr_par' dir='ltr' id='par_1_4' title="bbox 475 1549 2323 1624">
     <span class='ocr_line' id='line_1_12' title="bbox 475 1549 2323 1624; baseline -0.002 -16"><span class='ocrx_word' id='word_1_91' title='bbox 475 1559 624 1608; x_wconf 73' lang='lat' dir='ltr'><strong>min-o</strong></span> <span class='ocrx_word' id='word_1_92' title='bbox 667 1560 830 1608; x_wconf 69' lang='lat' dir='ltr'><strong>animo</strong></span> <span class='ocrx_word' id='word_1_93' title='bbox 875 1569 949 1608; x_wconf 70' lang='lat' dir='ltr'><strong>ent</strong></span> <span class='ocrx_word' id='word_1_94' title='bbox 997 1561 1260 1624; x_wconf 71' lang='lat' dir='ltr'><strong>Pompeius</strong></span> <span class='ocrx_word' id='word_1_95' title='bbox 1274 1597 1290 1622; x_wconf 88' lang='lat'>,</span> <span class='ocrx_word' id='word_1_96' title='bbox 1331 1559 1494 1624; x_wconf 82' lang='lat' dir='ltr'><strong>inquit</strong></span> <span class='ocrx_word' id='word_1_97' title='bbox 1658 1559 1741 1606; x_wconf 77' lang='lat'><strong>1⁵.</strong></span> <span class='ocrx_word' id='word_1_98' title='bbox 1769 1549 2068 1623; x_wconf 71' lang='grc' dir='ltr'><strong>Εὖδειίμσνα.</strong></span> <span class='ocrx_word' id='word_1_99' title='bbox 2096 1554 2323 1604; x_wconf 62' lang='lat' dir='ltr'><strong>Felicem.</strong></span> 
     </span>
    </p>

    <p class='ocr_par' dir='ltr' id='par_1_5' title="bbox 475 1633 2605 1782">
     <span class='ocr_line' id='line_1_13' title="bbox 475 1633 2605 1697; baseline -0.002 -9"><span class='ocrx_word' id='word_1_100' title='bbox 475 1637 675 1697; x_wconf 75' lang='lat' dir='ltr'><strong>cicero,</strong></span> <span class='ocrx_word' id='word_1_101' title='bbox 705 1648 760 1686; x_wconf 81' lang='lat' dir='ltr'><strong>ut</strong></span> <span class='ocrx_word' id='word_1_102' title='bbox 791 1654 893 1687; x_wconf 85' lang='lat' dir='ltr'><strong>non</strong></span> <span class='ocrx_word' id='word_1_103' title='bbox 931 1639 1090 1688; x_wconf 75' lang='lat' dir='ltr'><strong>solum</strong></span> <span class='ocrx_word' id='word_1_104' title='bbox 1125 1651 1262 1688; x_wconf 82' lang='lat' dir='ltr'><strong>metu</strong></span> <span class='ocrx_word' id='word_1_105' title='bbox 1293 1639 1493 1688; x_wconf 65' lang='lat' dir='ltr'><strong>Gnatis</strong></span> <span class='ocrx_word' id='word_1_106' title='bbox 1658 1637 1743 1685; x_wconf 83' lang='lat'><strong>16.</strong></span> <span class='ocrx_word' id='word_1_107' title='bbox 1770 1637 1917 1694; x_wconf 79' lang='lat' dir='ltr'><strong>Haec,</strong></span> <span class='ocrx_word' id='word_1_108' title='bbox 1954 1635 2219 1685; x_wconf 62' lang='lat' dir='ltr'><strong>cau-iana</strong></span> <span class='ocrx_word' id='word_1_109' title='bbox 2243 1649 2257 1685; x_wconf 76' lang='grc' dir='ltr'><strong><em>ε</em></strong></span> <span class='ocrx_word' id='word_1_110' title='bbox 2296 1633 2415 1694; x_wconf 68' lang='lat' dir='ltr'><strong>fua,</strong></span> <span class='ocrx_word' id='word_1_111' title='bbox 2456 1637 2605 1684; x_wconf 82' lang='lat' dir='ltr'><strong>Pom-</strong></span> 
     </span>
     <span class='ocr_line' id='line_1_14' title="bbox 477 1717 1793 1782; baseline -0.002 -16"><span class='ocrx_word' id='word_1_112' title='bbox 477 1733 540 1766; x_wconf 77' lang='lat' dir='ltr'><strong>cx</strong></span> <span class='ocrx_word' id='word_1_113' title='bbox 557 1717 678 1766; x_wconf 79' lang='lat' dir='ltr'><strong>urbo</strong></span> <span class='ocrx_word' id='word_1_114' title='bbox 703 1730 753 1766; x_wconf 81' lang='lat' dir='ltr'><strong>ct</strong></span> <span class='ocrx_word' id='word_1_115' title='bbox 773 1719 911 1767; x_wconf 66' lang='lat' dir='ltr'><strong>Iulia</strong></span> <span class='ocrx_word' id='word_1_116' title='bbox 937 1719 1220 1777; x_wconf 74' lang='lat' dir='ltr'><strong>excesserit,</strong></span> <span class='ocrx_word' id='word_1_117' title='bbox 1247 1717 1331 1767; x_wconf 75' lang='lat' dir='ltr'><strong>sed</strong></span> <span class='ocrx_word' id='word_1_118' title='bbox 1359 1717 1494 1782; x_wconf 82' lang='lat' dir='ltr'>quod</span> <span class='ocrx_word' id='word_1_119' title='bbox 1583 1717 1793 1781; x_wconf 48' lang='lat' dir='ltr'><strong>poian...</strong></span> 
     </span>
    </p>

    <p class='ocr_par' dir='ltr' id='par_1_6' title="bbox 473 1790 2607 2337">
     <span class='ocr_line' id='line_1_15' title="bbox 475 1790 2603 1862; baseline -0.002 -16"><span class='ocrx_word' id='word_1_120' title='bbox 475 1813 539 1846; x_wconf 82' lang='lat' dir='ltr'><strong>ne</strong></span> <span class='ocrx_word' id='word_1_121' title='bbox 557 1797 610 1846; x_wconf 83' lang='lat' dir='ltr'><strong>in</strong></span> <span class='ocrx_word' id='word_1_122' title='bbox 627 1797 781 1862; x_wconf 80' lang='lat' dir='ltr'><strong>Epiro</strong></span> <span class='ocrx_word' id='word_1_123' title='bbox 797 1799 972 1847; x_wconf 74' lang='lat' dir='ltr'><strong>nudent</strong></span> <span class='ocrx_word' id='word_1_124' title='bbox 985 1815 1206 1856; x_wconf 73' lang='lat' dir='ltr'><strong>manere,</strong></span> <span class='ocrx_word' id='word_1_125' title='bbox 1228 1797 1314 1846; x_wconf 79' lang='lat' dir='ltr'><strong>sed</strong></span> <span class='ocrx_word' id='word_1_126' title='bbox 1332 1798 1492 1861; x_wconf 71' lang='lat' dir='ltr'><strong>fugam</strong></span> <span class='ocrx_word' id='word_1_127' title='bbox 1660 1811 1742 1856; x_wconf 83' lang='lat'><strong>17.</strong></span> <span class='ocrx_word' id='word_1_128' title='bbox 1780 1797 1899 1842; x_wconf 74' lang='lat' dir='ltr'><strong>Post</strong></span> <span class='ocrx_word' id='word_1_129' title='bbox 1918 1790 2107 1858; x_wconf 72' lang='lat' dir='ltr'><strong>fugam</strong></span> <span class='ocrx_word' id='word_1_130' title='bbox 2144 1803 2378 1842; x_wconf 77' lang='lat' dir='ltr'><strong>nostram,</strong></span> <span class='ocrx_word' id='word_1_131' title='bbox 2424 1795 2471 1842; x_wconf 76' lang='lat' dir='ltr'>A</span> <span class='ocrx_word' id='word_1_132' title='bbox 2502 1809 2603 1858; x_wconf 82' lang='lat' dir='ltr'><strong>quo</strong></span> 
     </span>
     <span class='ocr_line' id='line_1_16' title="bbox 473 1871 2605 1943; baseline -0.001 -19"><span class='ocrx_word' id='word_1_133' title='bbox 473 1877 702 1926; x_wconf 71' lang='lat' dir='ltr'><strong>moliatur</strong></span> <span class='ocrx_word' id='word_1_134' title='bbox 723 1877 776 1925; x_wconf 86' lang='lat' dir='ltr'><strong>in</strong></span> <span class='ocrx_word' id='word_1_135' title='bbox 796 1877 1074 1943; x_wconf 70' lang='lat' dir='ltr'><strong>longissime</strong></span> <span class='ocrx_word' id='word_1_136' title='bbox 1100 1888 1312 1926; x_wconf 68' lang='lat' dir='ltr'><strong>remon·</strong></span> <span class='ocrx_word' id='word_1_137' title='bbox 1339 1877 1495 1942; x_wconf 73' lang='lat' dir='ltr'><strong>regio-</strong></span> <span class='ocrx_word' id='word_1_138' title='bbox 1582 1887 1801 1940; x_wconf 80' lang='lat' dir='ltr'><strong>tempore</strong></span> <span class='ocrx_word' id='word_1_139' title='bbox 1820 1873 2015 1922; x_wconf 70' lang='lat' dir='ltr'><strong>discessi</strong></span> <span class='ocrx_word' id='word_1_140' title='bbox 2034 1872 2095 1921; x_wconf 77' lang='lat' dir='ltr'><strong>ab</strong></span> <span class='ocrx_word' id='word_1_141' title='bbox 2113 1871 2251 1920; x_wconf 79' lang='lat' dir='ltr'><strong>urbo.</strong></span> <span class='ocrx_word' id='word_1_142' title='bbox 2268 1899 2339 1910; x_wconf 89' lang='lat'><strong>—</strong></span> <span class='ocrx_word' id='word_1_143' title='bbox 2352 1873 2605 1922; x_wconf 76' lang='lat' dir='ltr'><strong>Cor-rectio</strong></span> 
     </span>
     <span class='ocr_line' id='line_1_17' title="bbox 476 1951 2604 2022; baseline -0.001 -18"><span class='ocrx_word' id='word_1_144' title='bbox 476 1971 586 2015; x_wconf 71' lang='lat' dir='ltr'><strong>nco,</strong></span> <span class='ocrx_word' id='word_1_145' title='bbox 612 1955 870 2016; x_wconf 71' lang='lat' dir='ltr'><strong>Arabiam,</strong></span> <span class='ocrx_word' id='word_1_146' title='bbox 897 1957 1318 2022; x_wconf 74' lang='lat' dir='ltr'><strong>Mesopotamiam,</strong></span> <span class='ocrx_word' id='word_1_147' title='bbox 1343 1959 1493 2020; x_wconf 74' lang='lat' dir='ltr'><strong>AEgy-</strong></span> <span class='ocrx_word' id='word_1_148' title='bbox 1584 1955 1716 2002; x_wconf 74' lang='lat' dir='ltr'><strong>varin</strong></span> <span class='ocrx_word' id='word_1_149' title='bbox 1740 1964 1829 2004; x_wconf 70' lang='lat' dir='ltr'><strong>cst.</strong></span> <span class='ocrx_word' id='word_1_150' title='bbox 1856 1951 1986 2002; x_wconf 82' lang='lat' dir='ltr'><strong>Oliv.</strong></span> <span class='ocrx_word' id='word_1_151' title='bbox 2021 1965 2311 2000; x_wconf 76' lang='lat' dir='ltr'><strong>nostrarum.</strong></span> <span class='ocrx_word' id='word_1_152' title='bbox 2326 1953 2360 2000; x_wconf 83' lang='lat' dir='ltr'><strong>J</strong></span> <span class='ocrx_word' id='word_1_153' title='bbox 2364 1989 2377 2001; x_wconf 93' lang='lat'><strong>.</strong></span> <span class='ocrx_word' id='word_1_154' title='bbox 2394 1953 2459 2000; x_wconf 81' lang='lat' dir='ltr'><strong>V.</strong></span> <span class='ocrx_word' id='word_1_155' title='bbox 2478 1955 2604 2003; x_wconf 86' lang='lat' dir='ltr'><strong>L.—</strong></span> 
     </span>
     <span class='ocr_line' id='line_1_18' title="bbox 475 2029 2607 2102; baseline -0.001 -19"><span class='ocrx_word' id='word_1_156' title='bbox 475 2035 828 2100; x_wconf 68' lang='lat' dir='ltr'><strong>ptum,omiun</strong></span> <span class='ocrx_word' id='word_1_157' title='bbox 850 2036 1084 2102; x_wconf 67' lang='lat' dir='ltr'><strong>Hispania</strong></span> <span class='ocrx_word' id='word_1_158' title='bbox 1107 2053 1196 2085; x_wconf 71' lang='lat' dir='ltr'><strong>sm</strong></span> <span class='ocrx_word' id='word_1_159' title='bbox 1221 2035 1495 2101; x_wconf 77' lang='lat' dir='ltr'><strong>provincia,</strong></span> <span class='ocrx_word' id='word_1_160' title='bbox 1584 2035 1806 2082; x_wconf 73' lang='lat' dir='ltr'><strong>Muretus</strong></span> <span class='ocrx_word' id='word_1_161' title='bbox 1828 2031 2061 2090; x_wconf 73' lang='lat' dir='ltr'><strong>malebat,</strong></span> <span class='ocrx_word' id='word_1_162' title='bbox 2089 2047 2353 2096; x_wconf 79' lang='lat' dir='ltr'><em>numquam</em></span> <span class='ocrx_word' id='word_1_163' title='bbox 2365 2029 2477 2096; x_wconf 82' lang='lat' dir='ltr'><strong>jam</strong></span> <span class='ocrx_word' id='word_1_164' title='bbox 2500 2042 2607 2080; x_wconf 73' lang='lat' dir='ltr'><strong>tan·</strong></span> 
     </span>
     <span class='ocr_line' id='line_1_19' title="bbox 477 2109 2603 2182; baseline -0 -20"><span class='ocrx_word' id='word_1_165' title='bbox 477 2114 532 2162; x_wconf 81' lang='lat' dir='ltr'><strong>in</strong></span> <span class='ocrx_word' id='word_1_166' title='bbox 549 2129 645 2177; x_wconf 72' lang='lat' dir='ltr'><strong>qua</strong></span> <span class='ocrx_word' id='word_1_167' title='bbox 659 2113 808 2162; x_wconf 63' lang='lat' dir='ltr'><strong>habet</strong></span> <span class='ocrx_word' id='word_1_168' title='bbox 829 2115 1110 2164; x_wconf 77' lang='lat' dir='ltr'><strong>exercitum.</strong></span> <span class='ocrx_word' id='word_1_169' title='bbox 1134 2118 1252 2165; x_wconf 78' lang='lat' dir='ltr'><strong>uaec</strong></span> <span class='ocrx_word' id='word_1_170' title='bbox 1273 2109 1497 2182; x_wconf 71' lang='grc' dir='ltr'>μαροψυ-</span> <span class='ocrx_word' id='word_1_171' title='bbox 1586 2121 1692 2160; x_wconf 82' lang='lat' dir='ltr'><strong>tum</strong></span> <span class='ocrx_word' id='word_1_172' title='bbox 1746 2127 1913 2159; x_wconf 80' lang='lat' dir='ltr'><strong>earum</strong></span> <span class='ocrx_word' id='word_1_173' title='bbox 1958 2110 2267 2160; x_wconf 70' lang='lat' dir='ltr'><strong>intervallum</strong></span> <span class='ocrx_word' id='word_1_174' title='bbox 2307 2111 2427 2177; x_wconf 74' lang='lat' dir='ltr'><strong>ficit.</strong></span> <span class='ocrx_word' id='word_1_175' title='bbox 2490 2111 2603 2161; x_wconf 81' lang='lat' dir='ltr'><strong>Sch.</strong></span> 
     </span>
     <span class='ocr_line' id='line_1_20' title="bbox 480 2190 2607 2257; baseline -0.001 -17"><span class='ocrx_word' id='word_1_176' title='bbox 480 2190 568 2256; x_wconf 77' lang='grc' dir='ltr'><strong>χὶα</strong></span> <span class='ocrx_word' id='word_1_177' title='bbox 591 2204 665 2240; x_wconf 71' lang='grc' dir='ltr'><strong>αι</strong></span> <span class='ocrx_word' id='word_1_178' title='bbox 679 2207 863 2257; x_wconf 68' lang='lat' dir='ltr'><strong>,quam</strong></span> <span class='ocrx_word' id='word_1_179' title='bbox 879 2193 930 2240; x_wconf 84' lang='lat' dir='ltr'><strong>in</strong></span> <span class='ocrx_word' id='word_1_180' title='bbox 957 2205 1032 2242; x_wconf 86' lang='lat' dir='ltr'><strong>tot</strong></span> <span class='ocrx_word' id='word_1_181' title='bbox 1051 2193 1268 2257; x_wconf 69' lang='lat' dir='ltr'><strong>epistolis</strong></span> <span class='ocrx_word' id='word_1_182' title='bbox 1291 2193 1502 2254; x_wconf 67' lang='lat' dir='ltr'><strong>exegiut</strong></span> <span class='ocrx_word' id='word_1_183' title='bbox 1590 2207 1891 2255; x_wconf 69' lang='lat' dir='ltr'><strong>numnquam</strong></span> <span class='ocrx_word' id='word_1_184' title='bbox 1904 2192 2003 2240; x_wconf 84' lang='lat' dir='ltr'><strong>dici</strong></span> <span class='ocrx_word' id='word_1_185' title='bbox 2014 2202 2289 2240; x_wconf 69' lang='lat' dir='ltr'><strong>nostrarum</strong></span> <span class='ocrx_word' id='word_1_186' title='bbox 2301 2191 2607 2240; x_wconf 74' lang='lat' dir='ltr'><strong>intervallum</strong></span> 
     </span>
     <span class='ocr_line' id='line_1_21' title="bbox 481 2269 1746 2337; baseline -0.002 -17"><span class='ocrx_word' id='word_1_187' title='bbox 481 2270 674 2320; x_wconf 80' lang='lat' dir='ltr'><strong>Cicero.</strong></span> <span class='ocrx_word' id='word_1_188' title='bbox 703 2272 874 2321; x_wconf 71' lang='lat' dir='ltr'><strong>om.</strong></span> <span class='ocrx_word' id='word_1_189' title='bbox 901 2299 972 2308; x_wconf 96' lang='lat'>—</span> <span class='ocrx_word' id='word_1_190' title='bbox 993 2271 1160 2319; x_wconf 82' lang='lat' dir='ltr'>Malim</span> <span class='ocrx_word' id='word_1_191' title='bbox 1179 2287 1298 2320; x_wconf 80' lang='lat' dir='ltr'><strong>vero</strong></span> <span class='ocrx_word' id='word_1_192' title='bbox 1322 2283 1503 2337; x_wconf 77' lang='grc' dir='ltr'>μακρο-</span> <span class='ocrx_word' id='word_1_193' title='bbox 1590 2269 1683 2318; x_wconf 81' lang='lat' dir='ltr'><strong>fuit</strong></span> <span class='ocrx_word' id='word_1_194' title='bbox 1704 2291 1746 2318; x_wconf 72' lang='lat' dir='ltr'><strong>n.</strong></span> 
     </span>
    </p>
   </div>
   <div class='ocr_carea' id='block_1_3' title="bbox 857 2464 2225 2533">
    <p class='ocr_par' dir='ltr' id='par_1_7' title="bbox 857 2464 2225 2533">
     <span class='ocr_line' id='line_1_22' title="bbox 857 2464 2225 2533; baseline -0.001 -3"><span class='ocrx_word' id='word_1_195' title='bbox 857 2464 1170 2530; x_wconf 88' lang='lat' dir='ltr'>CICERO</span> <span class='ocrx_word' id='word_1_196' title='bbox 1215 2464 1389 2529; x_wconf 87' lang='lat' dir='ltr'><strong>IMP.</strong></span> <span class='ocrx_word' id='word_1_197' title='bbox 1435 2464 1768 2531; x_wconf 81' lang='lat' dir='ltr'>CAESARI</span> <span class='ocrx_word' id='word_1_198' title='bbox 1814 2466 1989 2531; x_wconf 89' lang='lat' dir='ltr'><strong>IMP.</strong></span> <span class='ocrx_word' id='word_1_199' title='bbox 2032 2466 2097 2533; x_wconf 89' lang='lat' dir='ltr'><strong>S.</strong></span> <span class='ocrx_word' id='word_1_200' title='bbox 2147 2466 2225 2529; x_wconf 91' lang='lat' dir='ltr'><strong>D.</strong></span> 
     </span>
    </p>
   </div>
   <div class='ocr_carea' id='block_1_4' title="bbox 484 2620 2685 3714">
    <p class='ocr_par' dir='ltr' id='par_1_8' title="bbox 484 2620 2685 3714">
     <span class='ocr_line' id='line_1_23' title="bbox 580 2620 2685 2722; baseline 0 -27"><span class='ocrx_word' id='word_1_201' title='bbox 580 2628 693 2695; x_wconf 71' lang='lat' dir='ltr'><strong>Utr</strong></span> <span class='ocrx_word' id='word_1_202' title='bbox 729 2620 870 2720; x_wconf 87' lang='lat' dir='ltr'><strong>legi</strong></span> <span class='ocrx_word' id='word_1_203' title='bbox 906 2637 1064 2694; x_wconf 88' lang='lat' dir='ltr'><strong>tuas</strong></span> <span class='ocrx_word' id='word_1_204' title='bbox 1098 2622 1336 2695; x_wconf 82' lang='lat' dir='ltr'><strong>literas</strong></span> <span class='ocrx_word' id='word_1_205' title='bbox 1361 2632 1408 2705; x_wconf 82' lang='lat'><strong>¹,</strong></span> <span class='ocrx_word' id='word_1_206' title='bbox 1444 2648 1623 2719; x_wconf 90' lang='lat' dir='ltr'><strong>quas</strong></span> <span class='ocrx_word' id='word_1_207' title='bbox 1660 2648 1701 2693; x_wconf 90' lang='lat' dir='ltr'><strong>a</strong></span> <span class='ocrx_word' id='word_1_208' title='bbox 1734 2626 2001 2695; x_wconf 88' lang='lat' dir='ltr'>Furnio</span> <span class='ocrx_word' id='word_1_209' title='bbox 2038 2637 2289 2695; x_wconf 86' lang='lat' dir='ltr'><strong>nostro</strong></span> <span class='ocrx_word' id='word_1_210' title='bbox 2318 2648 2608 2722; x_wconf 88' lang='lat' dir='ltr'><strong>accepe·</strong></span> <span class='ocrx_word' id='word_1_211' title='bbox 2676 2628 2685 2639; x_wconf 82' lang='lat'><strong><em>‘</em></strong></span> 
     </span>
     <span class='ocr_line' id='line_1_24' title="bbox 487 2730 2607 2831; baseline 0.002 -28"><span class='ocrx_word' id='word_1_212' title='bbox 487 2757 673 2821; x_wconf 84' lang='lat' dir='ltr'><strong>ram,</strong></span> <span class='ocrx_word' id='word_1_213' title='bbox 706 2730 976 2831; x_wconf 89' lang='lat' dir='ltr'><strong>quibus</strong></span> <span class='ocrx_word' id='word_1_214' title='bbox 1008 2756 1292 2804; x_wconf 90' lang='lat' dir='ltr'><strong>mecum</strong></span> <span class='ocrx_word' id='word_1_215' title='bbox 1325 2732 1625 2830; x_wconf 84' lang='lat' dir='ltr'><strong>agebas,</strong></span> <span class='ocrx_word' id='word_1_216' title='bbox 1668 2748 1749 2804; x_wconf 92' lang='lat' dir='ltr'><strong>ut</strong></span> <span class='ocrx_word' id='word_1_217' title='bbox 1792 2731 1881 2803; x_wconf 91' lang='lat' dir='ltr'><strong>ad</strong></span> <span class='ocrx_word' id='word_1_218' title='bbox 1932 2732 2196 2807; x_wconf 85' lang='lat' dir='ltr'><strong>Urbem</strong></span> <span class='ocrx_word' id='word_1_219' title='bbox 2236 2758 2500 2823; x_wconf 88' lang='lat' dir='ltr'><strong>essem;</strong></span> <span class='ocrx_word' id='word_1_220' title='bbox 2535 2749 2607 2807; x_wconf 88' lang='lat' dir='ltr'><strong>te</strong></span> 
     </span>
     <span class='ocr_line' id='line_1_25' title="bbox 484 2842 2609 2942; baseline 0.001 -29"><span class='ocrx_word' id='word_1_221' title='bbox 484 2842 669 2915; x_wconf 81' lang='lat' dir='ltr'><strong>velle</strong></span> <span class='ocrx_word' id='word_1_222' title='bbox 705 2845 813 2915; x_wconf 91' lang='lat' dir='ltr'><strong>uti</strong></span> <span class='ocrx_word' id='word_1_223' title='bbox 849 2844 1148 2915; x_wconf 90' lang='lat' dir='ltr'><strong>consilio</strong></span> <span class='ocrx_word' id='word_1_224' title='bbox 1185 2858 1256 2915; x_wconf 89' lang='lat' dir='ltr'><strong>et</strong></span> <span class='ocrx_word' id='word_1_225' title='bbox 1294 2844 1637 2942; x_wconf 87' lang='lat' dir='ltr'><strong>dignitate</strong></span> <span class='ocrx_word' id='word_1_226' title='bbox 1677 2869 1875 2930; x_wconf 87' lang='lat' dir='ltr'><strong>mea,</strong></span> <span class='ocrx_word' id='word_1_227' title='bbox 1914 2847 2151 2916; x_wconf 87' lang='lat' dir='ltr'><strong>minus</strong></span> <span class='ocrx_word' id='word_1_228' title='bbox 2186 2870 2346 2916; x_wconf 90' lang='lat' dir='ltr'><strong>sum</strong></span> <span class='ocrx_word' id='word_1_229' title='bbox 2380 2844 2609 2917; x_wconf 85' lang='lat' dir='ltr'><strong>admi·</strong></span> 
     </span>
     <span class='ocr_line' id='line_1_26' title="bbox 487 2953 2609 3055; baseline 0.001 -31"><span class='ocrx_word' id='word_1_230' title='bbox 487 2968 723 3043; x_wconf 80' lang='lat' dir='ltr'><strong>ratus3</strong></span> <span class='ocrx_word' id='word_1_231' title='bbox 771 2954 861 3026; x_wconf 90' lang='lat' dir='ltr'><strong>de</strong></span> <span class='ocrx_word' id='word_1_232' title='bbox 905 2955 1131 3051; x_wconf 88' lang='lat' dir='ltr'><strong>gratia</strong></span> <span class='ocrx_word' id='word_1_233' title='bbox 1165 2970 1238 3026; x_wconf 90' lang='lat' dir='ltr'><strong>et</strong></span> <span class='ocrx_word' id='word_1_234' title='bbox 1278 2955 1368 3027; x_wconf 92' lang='lat' dir='ltr'><strong>de</strong></span> <span class='ocrx_word' id='word_1_235' title='bbox 1409 2981 1551 3055; x_wconf 91' lang='lat' dir='ltr'><strong>ope</strong></span> <span class='ocrx_word' id='word_1_236' title='bbox 1596 2955 1777 3053; x_wconf 90' lang='lat' dir='ltr'><strong>quid</strong></span> <span class='ocrx_word' id='word_1_237' title='bbox 1811 2953 2280 3052; x_wconf 75' lang='lat' dir='ltr'><strong>significares»,</strong></span> <span class='ocrx_word' id='word_1_238' title='bbox 2320 2980 2609 3028; x_wconf 87' lang='lat' dir='ltr'><strong>mecum</strong></span> 
     </span>
     <span class='ocr_line' id='line_1_27' title="bbox 487 3063 2608 3163; baseline 0 -28"><span class='ocrx_word' id='word_1_239' title='bbox 487 3065 640 3163; x_wconf 88' lang='lat' dir='ltr'><strong>ipse</strong></span> <span class='ocrx_word' id='word_1_240' title='bbox 682 3063 1138 3163; x_wconf 63' lang='lat' dir='ltr'><strong>quaerebam:</strong></span> <span class='ocrx_word' id='word_1_241' title='bbox 1187 3090 1314 3163; x_wconf 89' lang='lat' dir='ltr'><strong>spe</strong></span> <span class='ocrx_word' id='word_1_242' title='bbox 1357 3081 1599 3137; x_wconf 87' lang='lat' dir='ltr'><strong>tamen</strong></span> <span class='ocrx_word' id='word_1_243' title='bbox 1637 3065 2047 3138; x_wconf 87' lang='lat' dir='ltr'><strong>deducebar</strong></span> <span class='ocrx_word' id='word_1_244' title='bbox 2081 3066 2167 3137; x_wconf 87' lang='lat' dir='ltr'><strong>ad</strong></span> <span class='ocrx_word' id='word_1_245' title='bbox 2215 3090 2370 3138; x_wconf 89' lang='lat' dir='ltr'><strong>eam</strong></span> <span class='ocrx_word' id='word_1_246' title='bbox 2416 3067 2608 3163; x_wconf 87' lang='lat' dir='ltr'><strong>cogi-</strong></span> 
     </span>
     <span class='ocr_line' id='line_1_28' title="bbox 491 3174 2613 3273; baseline 0.002 -29"><span class='ocrx_word' id='word_1_247' title='bbox 491 3174 877 3261; x_wconf 88' lang='lat' dir='ltr'><strong>tationem,</strong></span> <span class='ocrx_word' id='word_1_248' title='bbox 922 3191 1004 3246; x_wconf 91' lang='lat' dir='ltr'><strong>ut</strong></span> <span class='ocrx_word' id='word_1_249' title='bbox 1059 3189 1128 3247; x_wconf 87' lang='lat' dir='ltr'><strong>te</strong></span> <span class='ocrx_word' id='word_1_250' title='bbox 1177 3201 1311 3273; x_wconf 86' lang='lat' dir='ltr'><strong>pro</strong></span> <span class='ocrx_word' id='word_1_251' title='bbox 1363 3190 1488 3247; x_wconf 89' lang='lat' dir='ltr'><strong>tua</strong></span> <span class='ocrx_word' id='word_1_252' title='bbox 1539 3174 1939 3247; x_wconf 85' lang='lat' dir='ltr'><strong>admirabili</strong></span> <span class='ocrx_word' id='word_1_253' title='bbox 1996 3200 2077 3246; x_wconf 84' lang='lat' dir='ltr'><strong>ac</strong></span> <span class='ocrx_word' id='word_1_254' title='bbox 2122 3176 2463 3273; x_wconf 86' lang='lat' dir='ltr'><strong>singulari</strong></span> <span class='ocrx_word' id='word_1_255' title='bbox 2506 3201 2613 3248; x_wconf 88' lang='lat' dir='ltr'><strong>sa-</strong></span> 
     </span>
     <span class='ocr_line' id='line_1_29' title="bbox 491 3284 2611 3384; baseline 0 -29"><span class='ocrx_word' id='word_1_256' title='bbox 491 3285 761 3382; x_wconf 89' lang='lat' dir='ltr'><strong>pientia</strong></span> <span class='ocrx_word' id='word_1_257' title='bbox 805 3285 896 3357; x_wconf 92' lang='lat' dir='ltr'><strong>de</strong></span> <span class='ocrx_word' id='word_1_258' title='bbox 954 3288 1147 3375; x_wconf 78' lang='lat' dir='ltr'><strong>otiu,</strong></span> <span class='ocrx_word' id='word_1_259' title='bbox 1201 3285 1292 3357; x_wconf 89' lang='lat' dir='ltr'><strong>de</strong></span> <span class='ocrx_word' id='word_1_260' title='bbox 1337 3310 1549 3384; x_wconf 88' lang='lat' dir='ltr'><strong>pace,</strong></span> <span class='ocrx_word' id='word_1_261' title='bbox 1602 3285 1693 3357; x_wconf 88' lang='lat' dir='ltr'><strong>de</strong></span> <span class='ocrx_word' id='word_1_262' title='bbox 1746 3284 2133 3357; x_wconf 88' lang='lat' dir='ltr'><strong>concordia</strong></span> <span class='ocrx_word' id='word_1_263' title='bbox 2184 3288 2448 3357; x_wconf 87' lang='lat' dir='ltr'><strong>civium</strong></span> <span class='ocrx_word' id='word_1_264' title='bbox 2500 3287 2611 3384; x_wconf 89' lang='lat' dir='ltr'><strong>agi</strong></span> 
     </span>
     <span class='ocr_line' id='line_1_30' title="bbox 493 3395 2609 3483; baseline 0 -17"><span class='ocrx_word' id='word_1_265' title='bbox 493 3396 672 3467; x_wconf 86' lang='lat' dir='ltr'><strong>velle</strong></span> <span class='ocrx_word' id='word_1_266' title='bbox 725 3395 1151 3483; x_wconf 76' lang='lat' dir='ltr'><strong>arbitrarer3</strong></span> <span class='ocrx_word' id='word_1_267' title='bbox 1215 3411 1287 3467; x_wconf 89' lang='lat' dir='ltr'><strong>et</strong></span> <span class='ocrx_word' id='word_1_268' title='bbox 1343 3395 1432 3467; x_wconf 87' lang='lat' dir='ltr'><strong>ad</strong></span> <span class='ocrx_word' id='word_1_269' title='bbox 1491 3420 1647 3467; x_wconf 89' lang='lat' dir='ltr'><strong>eam</strong></span> <span class='ocrx_word' id='word_1_270' title='bbox 1705 3398 2062 3469; x_wconf 85' lang='lat' dir='ltr'><strong>rationem</strong></span> <span class='ocrx_word' id='word_1_271' title='bbox 2119 3395 2609 3468; x_wconf 86' lang='lat' dir='ltr'><strong>existimabam</strong></span> 
     </span>
     <span class='ocr_line' id='line_1_31' title="bbox 493 3507 2606 3604; baseline 0 -28"><span class='ocrx_word' id='word_1_272' title='bbox 493 3507 660 3576; x_wconf 88' lang='lat' dir='ltr'><strong>satis</strong></span> <span class='ocrx_word' id='word_1_273' title='bbox 721 3521 962 3603; x_wconf 86' lang='lat' dir='ltr'><strong>aptam</strong></span> <span class='ocrx_word' id='word_1_274' title='bbox 1027 3530 1180 3577; x_wconf 90' lang='lat' dir='ltr'><strong>esse</strong></span> <span class='ocrx_word' id='word_1_275' title='bbox 1243 3521 1315 3576; x_wconf 91' lang='lat' dir='ltr'><strong>et</strong></span> <span class='ocrx_word' id='word_1_276' title='bbox 1377 3522 1741 3592; x_wconf 86' lang='lat' dir='ltr'><strong>naturam,</strong></span> <span class='ocrx_word' id='word_1_277' title='bbox 1794 3521 1866 3578; x_wconf 91' lang='lat' dir='ltr'><strong>et</strong></span> <span class='ocrx_word' id='word_1_278' title='bbox 1922 3530 2305 3604; x_wconf 88' lang='lat' dir='ltr'><strong>personam</strong></span> <span class='ocrx_word' id='word_1_279' title='bbox 2350 3530 2606 3577; x_wconf 86' lang='lat' dir='ltr'><strong>meam.</strong></span> 
     </span>
     <span class='ocr_line' id='line_1_32' title="bbox 491 3612 2609 3714; baseline 0.002 -31"><span class='ocrx_word' id='word_1_280' title='bbox 491 3612 710 3703; x_wconf 87' lang='lat' dir='ltr'>Quod</span> <span class='ocrx_word' id='word_1_281' title='bbox 739 3614 800 3684; x_wconf 89' lang='lat' dir='ltr'><strong>si</strong></span> <span class='ocrx_word' id='word_1_282' title='bbox 827 3616 927 3686; x_wconf 89' lang='lat' dir='ltr'><strong>ita</strong></span> <span class='ocrx_word' id='word_1_283' title='bbox 950 3631 1058 3686; x_wconf 87' lang='lat' dir='ltr'><strong>est</strong></span> <span class='ocrx_word' id='word_1_284' title='bbox 1083 3668 1102 3701; x_wconf 88' lang='lat'>‚</span> <span class='ocrx_word' id='word_1_285' title='bbox 1137 3629 1212 3686; x_wconf 89' lang='lat' dir='ltr'><strong>et</strong></span> <span class='ocrx_word' id='word_1_286' title='bbox 1246 3618 1303 3685; x_wconf 90' lang='lat' dir='ltr'><strong>si</strong></span> <span class='ocrx_word' id='word_1_287' title='bbox 1342 3640 1486 3713; x_wconf 89' lang='lat' dir='ltr'><strong>qua</strong></span> <span class='ocrx_word' id='word_1_288' title='bbox 1516 3615 1607 3687; x_wconf 91' lang='lat' dir='ltr'><strong>de</strong></span> <span class='ocrx_word' id='word_1_289' title='bbox 1637 3618 1985 3714; x_wconf 87' lang='lat' dir='ltr'><strong>Pompeio</strong></span> <span class='ocrx_word' id='word_1_290' title='bbox 2018 3631 2269 3690; x_wconf 88' lang='lat' dir='ltr'><strong>nostro</strong></span> <span class='ocrx_word' id='word_1_291' title='bbox 2303 3615 2609 3704; x_wconf 89' lang='lat' dir='ltr'><strong>tuend0‚</strong></span> 
     </span>
    </p>
   </div>
   <div class='ocr_carea' id='block_1_5' title="bbox 492 3734 2613 3987">
    <p class='ocr_par' dir='ltr' id='par_1_9' title="bbox 492 3734 2613 3987">
     <span class='ocr_line' id='line_1_33' title="bbox 492 3734 2609 3837; baseline 0.001 -30"><span class='ocrx_word' id='word_1_292' title='bbox 492 3749 566 3807; x_wconf 90' lang='lat' dir='ltr'><strong>et</strong></span> <span class='ocrx_word' id='word_1_293' title='bbox 603 3734 736 3807; x_wconf 89' lang='lat' dir='ltr'><strong>tibi</strong></span> <span class='ocrx_word' id='word_1_294' title='bbox 773 3760 856 3808; x_wconf 90' lang='lat' dir='ltr'><strong>ac</strong></span> <span class='ocrx_word' id='word_1_295' title='bbox 898 3736 1305 3835; x_wconf 83' lang='lat' dir='ltr'><strong>reipublicae</strong></span> <span class='ocrx_word' id='word_1_296' title='bbox 1360 3739 1888 3811; x_wconf 87' lang='lat' dir='ltr'><strong>reconciliando</strong></span> <span class='ocrx_word' id='word_1_297' title='bbox 1945 3764 2117 3811; x_wconf 89' lang='lat' dir='ltr'><strong>cura</strong></span> <span class='ocrx_word' id='word_1_298' title='bbox 2170 3755 2241 3812; x_wconf 91' lang='lat' dir='ltr'><strong>te</strong></span> <span class='ocrx_word' id='word_1_299' title='bbox 2286 3742 2609 3837; x_wconf 81' lang='lat' dir='ltr'><strong>attingit3</strong></span> 
     </span>
     <span class='ocr_line' id='line_1_34' title="bbox 570 3918 2613 3987; baseline 0.002 -22"><span class='ocrx_word' id='word_1_300' title='bbox 570 3934 614 3968; x_wconf 84' lang='lat'><strong>1.</strong></span> <span class='ocrx_word' id='word_1_301' title='bbox 645 3918 1124 3985; x_wconf 49' lang='lat' dir='ltr'><strong>nasama-squas</strong></span> <span class='ocrx_word' id='word_1_302' title='bbox 1149 3938 1184 3969; x_wconf 83' lang='lat' dir='ltr'><strong>a</strong></span> <span class='ocrx_word' id='word_1_303' title='bbox 1210 3924 1388 3971; x_wconf 73' lang='lat' dir='ltr'><strong>Furnio</strong></span> <span class='ocrx_word' id='word_1_304' title='bbox 1416 3940 1502 3971; x_wconf 82' lang='lat' dir='ltr'><strong>no·</strong></span> <span class='ocrx_word' id='word_1_305' title='bbox 1592 3935 1687 3971; x_wconf 81' lang='lat' dir='ltr'><strong>rat.</strong></span> <span class='ocrx_word' id='word_1_306' title='bbox 1731 3925 1999 3987; x_wconf 72' lang='lat' dir='ltr'><strong>Acceperat</strong></span> <span class='ocrx_word' id='word_1_307' title='bbox 2044 3934 2207 3973; x_wconf 71' lang='lat' dir='ltr'><strong>antem</strong></span> <span class='ocrx_word' id='word_1_308' title='bbox 2249 3924 2374 3973; x_wconf 71' lang='lat' dir='ltr'><strong>hanc</strong></span> <span class='ocrx_word' id='word_1_309' title='bbox 2412 3923 2613 3973; x_wconf 63' lang='lat' dir='ltr'><strong>Cauris</strong></span> 
     </span>
    </p>
   </div>
   <div class='ocr_carea' id='block_1_6' title="bbox 493 4001 2613 4143">
    <p class='ocr_par' dir='ltr' id='par_1_10' title="bbox 493 4001 2613 4143">
     <span class='ocr_line' id='line_1_35' title="bbox 493 4001 2613 4068; baseline 0.001 -21"><span class='ocrx_word' id='word_1_310' title='bbox 493 4006 592 4047; x_wconf 72' lang='lat' dir='ltr'><strong>stro</strong></span> <span class='ocrx_word' id='word_1_311' title='bbox 609 4013 909 4062; x_wconf 76' lang='lat' dir='ltr'><strong>acceperam,</strong></span> <span class='ocrx_word' id='word_1_312' title='bbox 929 4002 1214 4049; x_wconf 56' lang='lat' dir='ltr'><strong>amnui-nm</strong></span> <span class='ocrx_word' id='word_1_313' title='bbox 1231 4001 1505 4066; x_wconf 71' lang='lat' dir='ltr'><strong>exemplum</strong></span> <span class='ocrx_word' id='word_1_314' title='bbox 1595 4002 1733 4067; x_wconf 70' lang='lat' dir='ltr'><strong>epist.</strong></span> <span class='ocrx_word' id='word_1_315' title='bbox 1774 4004 1899 4050; x_wconf 69' lang='lat' dir='ltr'><strong>circa</strong></span> <span class='ocrx_word' id='word_1_316' title='bbox 1952 4020 2019 4051; x_wconf 80' lang='lat' dir='ltr'><strong>tv·</strong></span> <span class='ocrx_word' id='word_1_317' title='bbox 2055 4003 2125 4051; x_wconf 82' lang='lat' dir='ltr'><strong>id.</strong></span> <span class='ocrx_word' id='word_1_318' title='bbox 2175 4014 2319 4055; x_wconf 74' lang='lat' dir='ltr'><strong>mart.</strong></span> <span class='ocrx_word' id='word_1_319' title='bbox 2362 4002 2613 4068; x_wconf 76' lang='lat' dir='ltr'><strong>respondit</strong></span> 
     </span>
     <span class='ocr_line' id='line_1_36' title="bbox 495 4079 2223 4143; baseline 0.003 -18"><span class='ocrx_word' id='word_1_320' title='bbox 495 4092 591 4125; x_wconf 78' lang='lat' dir='ltr'><strong>um</strong></span> <span class='ocrx_word' id='word_1_321' title='bbox 613 4092 726 4127; x_wconf 80' lang='lat' dir='ltr'><strong>cum</strong></span> <span class='ocrx_word' id='word_1_322' title='bbox 749 4094 826 4143; x_wconf 80' lang='lat' dir='ltr'><strong>ep.</strong></span> <span class='ocrx_word' id='word_1_323' title='bbox 852 4079 885 4127; x_wconf 82' lang='lat'><strong>6</strong></span> <span class='ocrx_word' id='word_1_324' title='bbox 903 4094 1012 4143; x_wconf 80' lang='lat' dir='ltr'><strong>sup.</strong></span> <span class='ocrx_word' id='word_1_325' title='bbox 1040 4080 1104 4127; x_wconf 69' lang='lat' dir='ltr'><strong>nd</strong></span> <span class='ocrx_word' id='word_1_326' title='bbox 1124 4082 1340 4129; x_wconf 76' lang='lat' dir='ltr'><strong>Atticum</strong></span> <span class='ocrx_word' id='word_1_327' title='bbox 1367 4080 1507 4129; x_wconf 73' lang='lat' dir='ltr'><strong>misc-</strong></span> <span class='ocrx_word' id='word_1_328' title='bbox 1596 4082 1721 4129; x_wconf 73' lang='lat' dir='ltr'><strong>circa</strong></span> <span class='ocrx_word' id='word_1_329' title='bbox 1742 4097 1819 4129; x_wconf 69' lang='grc' dir='ltr'><strong>ιιι</strong></span> <span class='ocrx_word' id='word_1_330' title='bbox 1838 4080 1937 4131; x_wconf 74' lang='lat' dir='ltr'><strong>lul.</strong></span> <span class='ocrx_word' id='word_1_331' title='bbox 1966 4080 2105 4143; x_wconf 79' lang='lat' dir='ltr'><strong>april.</strong></span> <span class='ocrx_word' id='word_1_332' title='bbox 2134 4084 2223 4131; x_wconf 81' lang='lat' dir='ltr'><strong>En.</strong></span> 
     </span>
    </p>
   </div>
  </div>
 </body>
</html>
