3019 4681
440 422 991 445 §mmmm
996 418 2568 453 mmmmm-ammonam*

731 588 2272 717 PRAEFATIUNCULA.

436 926 583 1081 Q.
626 962 723 1043 T.
768 962 1049 1043 Cicero
1076 1022 1097 1063 ,
1162 962 1414 1043 Marci
1470 960 1718 1043 frater
1741 1024 1762 1063 ‚
1829 962 2098 1071 paullo
2147 974 2372 1044 aetate
2419 966 2566 1045 mi..

429 1114 621 1185 nor,
680 1085 1249 1195 rempublicam
1310 1114 1631 1195 quoque
1655 1148 1676 1185 ,
1733 1084 1871 1167 sed
1937 1086 2188 1166 multo
2259 1088 2570 1168 minore

304 1246 311 1253 ·
427 1236 607 1287 cum
649 1209 854 1287 fama
893 1210 1152 1315 gessit.
1198 1209 1293 1288 In
1338 1210 1851 1289 matrimonio
1893 1209 2178 1289 habuit
2220 1213 2568 1320 Pompo-

426 1334 641 1410 niam
662 1394 685 1432 ,
726 1332 972 1412 Attici
1001 1358 1397 1430 sororem3
1440 1329 1732 1412 deinde
1759 1331 2011 1412 aedilis
2033 1394 2054 1432 ,
2095 1351 2175 1413 et
2202 1362 2383 1417 ann.
2412 1336 2556 1446 691

423 1473 723 1562 praetor
760 1455 1117 1536 urbanus
1155 1454 1355 1535 fuit.'
1400 1454 1485 1536 Si
1538 1455 1978 1535 scholiastae
2033 1480 2292 1564 nuper
2343 1457 2566 1538 edito

426 1580 627 1661 fides
664 1598 785 1661 est
826 1578 1318 1679 adhibenda,
1363 1579 1579 1687 apud
1627 1608 1808 1659 eum
1860 1581 2170 1660 Marcus
2213 1610 2366 1689 pro
2405 1584 2558 1661 Ar-

341 1741 347 1747 ·
422 1704 601 1783 chia
662 1706 1105 1786 orationem
1165 1704 1469 1784 habuit.
1512 1702 1698 1785 Vid.
1746 1704 1814 1785 J.
1847 1705 1945 1784 V.
1989 1705 2080 1784 L.
2126 1722 2318 1785 tom.
2361 1708 2561 1805 XII,

422 1854 603 1933 pag.
656 1856 773 1908 ιο.
823 1830 1093 1909 Asiam
1146 1846 1307 1908 tres
1364 1854 1618 1906 annos
1679 1844 2134 1935 propraetor
2184 1827 2560 1909 obtinuit.

420 1951 658 2029 Anno
684 1951 877 2059 695,
946 1950 1383 2031 inimicitiis
1418 1948 1684 2031 Clodii
1722 1949 2119 2059 objectus,
2175 1979 2422 2059 quum
2457 1953 2562 2030 'in
2670 2050 2686 2070 ο

420 2073 867 2154 revocando
937 2074 1185 2155 fratre
1242 2073 1574 2154 multum
1647 2072 2080 2169 laboraret,
2174 2102 2386 2182 saepe
2471 2075 2558 2153 in

420 2193 845 2276 discrimen
870 2198 1051 2279 vitae
1074 2198 1313 2307 venit.
1340 2199 1576 2277 Anno
1609 2196 1709 2276 U.
1741 2198 1832 2277 C.
1859 2196 2050 2305 699,
2073 2196 2562 2305 aliquamdiu

418 2319 505 2398 in
538 2318 906 2401 Sardinia
934 2323 1222 2404 mansit
1238 2319 1593 2432 Pompeii
1623 2320 1963 2428 legatus,
1993 2339 2184 2402 tunc
2211 2350 2257 2400 a
2285 2339 2560 2402 senatu

416 2445 529 2524 rei
572 2443 1105 2526 frumentariae
1157 2446 1566 2554 praepositi
1595 2457 1640 2525 ¹.
1670 2448 1952 2525 Postea
1982 2441 2314 2525 Caesaris
2350 2473 2555 2554 quo-

415 2597 569 2677 que
594 2568 897 2675 legatus
932 2569 1017 2647 in
1040 2568 1336 2667 Gallia,
1370 2596 1606 2677 quem
1648 2597 1894 2677 quum
1938 2567 2024 2646 in
2061 2569 2556 2648 Britanniam

414 2695 835 2774 comitatus
884 2710 1117 2794 esset,
1171 2721 1355 2772 ann.
1420 2721 1615 2798 702,
1655 2691 1760 2772 M.
1817 2693 2086 2772 fratris
2139 2693 2225 2771 in
2278 2691 2556 2774 Cilicia

412 2814 713 2921 legatus
753 2816 928 2896 fuit.
986 2817 1193 2898 Cum
1233 2817 1371 2896 illo
1405 2834 1682 2926 ‘partes
1718 2817 2074 2923 Pompeii
2121 2835 2500 2925 sequutus
2531 2879 2552 2916 ,

412 2955 596 3043 post
640 2939 1170 3018 Pharsalicam
1202 2938 1540 3038 cladem,
1577 2939 1887 3017 veniam
1914 2934 2244 3017 Caesaris
2276 2939 2555 3046 implo-

412 3063 636 3140 ravit.
662 3064 868 3140 Ann.
896 3065 1047 3166 708
1069 3063 1530 3170 Pomponiae
1559 3061 1791 3141 uxori
1824 3061 2193 3139 nuntium
2225 3062 2556 3140 remisit.

409 3189 481 3264 A
536 3185 975 3265 triumviris
1034 3187 1573 3294 proscriptuS,
1639 3183 1918 3264 eodem
1973 3182 2137 3262 fere
2195 3201 2556 3291 tempore

410 3337 570 3418 quo
625 3306 869 3387 frater
908 3307 1351 3388 trucidatus
1389 3325 1534 3387 est.

514 3431 850 3538 Scripsit
891 3449 1152 3510 autem
1184 3429 1652 3539 opusculum
1685 3429 1906 3539 quod
1941 3446 2241 3528 exstat,
2280 3427 2383 3507 de
2401 3429 2544 3508 Pe-

408 3555 691 3634 titione
715 3553 1190 3635 consulatus,
1223 3553 1570 3634 Annales
1605 3553 2065 3660 scripserat,
2088 3580 2290 3662 quos
2312 3551 2542 3631 fratri

405 3676 921 3784 corrigendos
958 3695 1039 3757 et
1067 3675 1422 3758 edendos
1449 3673 1874 3756 mandavit.
1916 3677 2196 3784 (Epist.
2239 3673 2341 3756 ad
2377 3679 2542 3756 Att.

404 3801 437 3876 Ι
446 3801 480 3876 Ι
499 3859 523 3900 ,
572 3800 721 3897 16.)
755 3801 1007 3878 Erant
1044 3799 1252 3879 forte
1292 3796 1838 3878 commentarii
1891 3793 1992 3876 de
2031 3794 2541 3904 expeditione

480 4003 525 4036 1.
544 3989 655 4036 Hoc
674 3987 955 4048 coniectura
974 3997 1259 4054 assequutus
1274 3998 1349 4038 ent
1364 3987 1634 4049 Munatius,
1654 4000 1765 4049 que
1793 3993 1926 4034 cert·
1953 3999 2084 4034 nuno
2109 3993 2180 4032 est
2207 3999 2272 4032 ex
2295 3982 2540 4047 fragmen-

404 4086 421 4122 t
442 4091 467 4124 s
494 4085 623 4125 orat.
645 4091 741 4140 pro
766 4075 971 4125 Scauro.
2299 4095 2306 4102 ·
