3019 4681
510 361 648 448 542
1152 362 1249 432 M.
1300 362 1377 431 Τ.
1430 362 1489 430 C
1508 359 2014 433 [CEROle

502 486 719 561 etiam
752 494 837 556 ut
868 487 1119 557 animo
1148 481 1464 577 aequiore
1496 478 1774 555 {errent
1805 481 1896 567 ii,
1953 478 2231 579 quibus
2263 504 2402 559 nec
2431 482 2653 561 debe-

501 588 816 678 retur⁶⁵‚
844 616 981 663 nec
1006 590 1278 662 liceret.

606 706 1070 801 Quapropter
1118 697 1463 775 incumbe
1525 714 1684 773 toto
1736 700 1982 775 animo
2031 715 2107 777 et
2151 702 2398 777 studio
2439 706 2650 777 omni

502 818 583 890 in
620 838 777 887 eam
816 814 1169 887 rationem
1194 865 1213 899 ‚
1268 834 1415 907 qua
1450 808 1691 908 adhuc
1729 834 1908 886 usus
1955 834 2070 899 cs,
2115 826 2200 889 ut
2241 838 2410 903 eos,
2454 838 2646 913 quos

500 940 645 1001 tuae
691 922 865 995 fidei
912 923 1403 1021 potestatique
1454 934 1750 995 senatus
1793 921 2260 1020 populusque
2299 948 2643 997 romanus

500 1036 866 1122 commisit
906 1047 981 1106 et
1022 1030 1366 1119 credidit,
1400 1030 1653 1130 diligas
1696 1045 1770 1103 et
1799 1034 2004 1109 omni
2040 1033 2320 1107 ratione
2357 1050 2638 1123 tueare,

498 1162 589 1221 ut
603 1142 672 1193 ⁶⁶
702 1168 855 1219 esse
883 1166 1101 1240 quam
1129 1141 1582 1218 beatissimos
1593 1142 1789 1215 velis.
1824 1141 2046 1233 Quod
2073 1144 2134 1216 si
2161 1156 2233 1215 te
2253 1167 2416 1218 sors
2430 1141 2639 1231 Afris,

500 1270 629 1331 aut
673 1254 1044 1353 Hispanis,
1100 1267 1228 1326 sut
1288 1252 1512 1327 Gallis
1564 1250 2030 1351 praefecisset,
2083 1253 2522 1329 immanibus
2555 1278 2640 1329 ac

501 1362 831 1441 barbaris
881 1362 1301 1437 nationibus
1344 1389 1360 1437 ε
1414 1377 1658 1437 tamen
1711 1378 1900 1438 esset
1943 1362 2412 1439 humanitatis
2456 1379 2595 1439 tuae
2615 1416 2638 1449 ‚

502 1476 883 1551 consulere
919 1498 1175 1549 eorum
1206 1472 1643 1560 commodis,
1675 1488 1751 1547 et
1779 1474 2070 1549 utilitati
2104 1474 2464 1573 salutique
2489 1500 2637 1549 ser-

501 1586 675 1659 vire.
722 1588 974 1678 Quum
1016 1607 1189 1655 vero
1235 1584 1303 1657 ei
1336 1585 1590 1681 generi
1624 1582 2008 1659 hominum
2045 1588 2452 1683 mansimus,
2487 1609 2636 1660 non

502 1696 727 1771 modo
770 1696 847 1767 in
890 1720 1043 1793 quo
1080 1698 1233 1793 ipsa
1268 1696 1399 1783 sit,
1442 1694 1571 1767 sed
1603 1697 1816 1769 etiam
1862 1720 1906 1769 a
1940 1720 2094 1794 quo
2129 1694 2222 1769 ad
2259 1698 2438 1771 alios
2483 1720 2640 1793 per·

424 1848 429 1855 ·
496 1808 776 1881 venisse
810 1819 1111 1904 putetur
1138 1804 1554 1879 humanitas
1583 1832 1600 1877 :
1642 1820 1838 1877 certe
1869 1808 1956 1878 iis
1993 1830 2152 1879 eam
2183 1807 2638 1903 potissimum
2739 1855 2744 1859 -

500 1916 823 1993 tribuere
856 1914 1209 1991 debemus
1225 1970 1245 2003 ‚
1274 1942 1315 1989 a
1348 1914 1622 2014 quibus
1645 1916 2077 2015 accepimus.
2105 1920 2274 1991 Non
2301 1917 2494 1991 enim
2520 1941 2637 1989 me

500 2026 644 2101 hoc
671 2027 821 2124 jam
862 2025 1105 2098 dicere
1151 2024 1499 2125 pudebit,
1535 2026 1938 2125 praesertim
1966 2026 2046 2098 in
2081 2050 2166 2101 ea
2201 2029 2384 2115 vita,
2419 2040 2637 2124 atque

498 2140 587 2213 iis
610 2138 833 2213 rebus
866 2138 1083 2235 gestis
1102 2191 1125 2224 ‚
1157 2139 1235 2208 in
1271 2136 1542 2234 quibus
1574 2160 1728 2209 nou
1755 2150 1998 2235 potest
2024 2134 2338 2213 residere
2365 2138 2636 2210 inertia·

500 2263 629 2321 aut
677 2248 983 2321 levitatis
1038 2246 1189 2319 ulla
1237 2248 1598 2348 suspicio,
1646 2270 1782 2319 nos
1823 2271 1948 2337 ea,
1999 2272 2162 2346 quae
2206 2248 2638 2348 consequuti

500 2383 755 2434 sumus
776 2411 795 2446 ,
840 2357 955 2430 his
990 2358 1247 2432 studiis
1288 2371 1365 2433 et
1404 2356 1680 2433 artibus
1715 2381 1888 2432 esse·
1912 2355 2214 2456 adeptos
2235 2411 2254 2446 ,
2295 2382 2458 2456 quae
2493 2360 2636 2432 sint

500 2466 717 2546 nobis
798 2467 1087 2542 Graeciae
1170 2471 1672 2542 monumentis
1742 2467 2286 2565 disciplinisque
2356 2466 2634 2541 tradita.

498 2582 745 2671 Quare
789 2590 1049 2675 praeter
1102 2601 1570 2652 communem
1621 2576 1886 2664 fidem,
1929 2603 2096 2675 quae
2131 2578 2476 2650 omnibus
2509 2577 2632 2650 de-

496 2687 741 2776 betur,
784 2683 1204 2786 praeterea⁶⁷
1248 2713 1383 2760 nos
1418 2689 1536 2760 isti
1571 2689 1958 2761 hominum
1997 2691 2246 2785 generi
2277 2694 2636 2788 praecipue

497 2797 767 2872 debere
807 2797 1160 2884 videmur,
1193 2812 1311 2887 ut,
1346 2823 1662 2898 quorum
1710 2799 2087 2897 praeceptis
2119 2800 2345 2874 simus
2360 2795 2429 2845 ⁶⁸
2469 2823 2634 2872 eru·

496 2909 633 2982 diti
652 2963 673 2996 ,
720 2906 913 3008 apud
968 2931 1093 2983 eos
1136 2912 1377 3007 ipsOS,
1422 2908 1630 3014 quod
1665 2907 1757 2985 ab
1796 2909 1884 2981 iis
1920 2906 2420 2998 didicerimus,
2467 2908 2634 2982 veli·

494 3043 661 3092 mus
697 3041 1147 3117 expromere.

592 3122 834 3214 Atque
896 3113 1016 3186 ille
1078 3114 1377 3215 quidem
1428 3120 1774 3215 princeps
1831 3117 2103 3213 ingenii
2161 3132 2234 3189 et
2289 3115 2636 3188 doctrinae

494 3228 737 3314 Plato,
781 3241 940 3298 tum
986 3222 1305 3323 denique
1348 3223 1509 3297 fore
1547 3223 1793 3296 beatas
1828 3224 2272 3323 respublicas
2313 3225 2592 3324 putavit
2611 3280 2632 3314 ‚

496 3339 556 3412 si
592 3353 718 3410 aut
761 3335 958 3410 docti
998 3359 1081 3408 ac
1132 3338 1493 3434 sapientes
1535 3334 1866 3408 homines
1916 3359 2035 3408 eas
2083 3360 2332 3436 regere
2369 3337 2634 3434 coepis-

495 3463 703 3537 seut,
752 3447 1016 3536 aut'ii,
1069 3449 1199 3543 qui
1248 3461 1628 3544 regerent,
1675 3469 1898 3518 omne
1933 3471 2146 3522 suum
2188 3446 2513 3520 studium
2555 3447 2632 3516 in

497 3558 826 3631 doctrina
881 3579 965 3627 ac
1019 3557 1365 3656 sapientia
1428 3555 1902 3629 collocassent
1925 3553 2016 3625 ⁶9.
2066 3561 2270 3628 Hanc
2322 3557 2632 3653 conjun-

566 3787 655 3838 οε.
680 3787 865 3852 Qus-s
890 3801 983 3835 ,ιω
1006 3785 1281 3836 mm.
1310 3763 1517 3847 met,
1677 3787 1764 3854 ⁶7·
1785 3787 1900 3836 noo
1931 3787 2344 3856 verbumfflgia„
2363 3787 2632 3846 adunant,

494 3868 583 3935 qui
606 3866 840 3932 pecnnia·
862 3865 1097 3931 petebat
1112 3865 1179 3916 ed
1200 3865 1363 3916 ludos.
1609 3864 1970 3931 delendumque
1990 3875 2132 3932 puto.
2156 3868 2382 3918 Ειιιπ.

565 3947 651 3995 66.
678 3947 755 3993 Ue.
777 3947 853 3993 Iu
866 3943 1057 4008 vulgati
1072 3943 1139 3993 ad
1158 3960 1313 3994 unum
1334 3960 1519 3994 onnon·
1679 3946 1768 3996 6⁸.
1793 3948 2058 4011 Praeceptis
2092 3946 2257 3996 sinus.
2288 3948 2392 3996 Alii
2411 3983 2427 4009 ‚
2463 3963 2633 4014 «pn-2-

492 4025 587 4077 Sed
608 4022 833 4074 -eudnt
856 4022 1073 4072 vaedol-
1096 4033 1185 4074 σοι
1207 4039 1343 4083 enne,
1366 4039 1516 4090 qma
1605 4025 1764 4091 oopus
1785 4042 2008 4076 sunus».
2031 4029 2066 4078 J
2071 4063 2086 4076 .
2102 4030 2166 4076 V.
2185 4029 2242 4077 L.

494 4104 819 4160 bau-nimos,
852 4110 985 4148 ⁰⁸⁰·-
1675 4107 1766 4169 69.
1785 4105 2244 4158 who-ameum
2263 4106 2634 4159 celeberrimum
