3019 4681
578 341 715 410 228
1089 333 1094 338 ’
1200 341 1296 406 Μ.
1349 341 1425 408 Τ.
1479 341 2064 412 CICERONIS

572 463 896 532 Asinium
921 456 949 502 ³
987 457 1304 530 delatum
1334 462 1573 532 vivum
1598 463 1675 531 in
1702 485 1961 540 manus
1986 461 2297 532 militum
2330 489 2355 552 ;
2394 466 2453 533 L
2486 485 2705 538 naves.

573 569 840 640 delatas
867 569 942 640 in
971 571 1250 640 Uticam
1283 569 1539 641 reflatu
1571 571 1748 661 hoc;
1783 574 2206 670 Pompeium
2234 596 2389 644 non
2420 598 2689 672 compa·

569 705 728 750 rere
751 734 770 768 ‚
813 703 946 750 nec
985 681 1062 748 in
1101 679 1512 752 Balearibus
1548 683 1847 753 omnino
1884 681 2133 772 fuisse,
2177 699 2259 754 ut
2298 685 2633 757 Paciaecus
2656 688 2687 734 ⁴

564 787 896 860 affirmat.
927 788 1068 861 Sed
1089 803 1344 860 auctor
1371 791 1640 862 nullius
1658 795 1763 862 rei
1788 795 2195 892 quisquam.
2220 793 2460 867 Habes
2477 821 2687 894 ‚quae‚

565 899 740 988 dum
783 914 866 970 tu
911 897 1117 986 abeS‚
1156 899 1444 996 loquuti
1503 915 1698 972 sunt.
1763 902 1949 974 Ludi
2010 905 2285 976 interea
2327 909 2685 976 Praeneste.

568 1008 678 1081 Ibi
721 1012 1036 1096 HirtiuS,
1077 1023 1148 1080 et
1189 1010 1304 1080 isti
1329 1007 1360 1054 ⁵
1395 1036 1669 1082 omnes,
1698 1018 1790 1083 Et
1816 1012 2111 1110 quidem
2150 1012 2301 1085 ludi
2336 1012 2491 1086 dies
2516 1028 2687 1086 octo.

516 1133 537 1136 “
564 1122 744 1211 Quae
784 1117 1054 1190 coenae?
1089 1143 1252 1216 quae
1290 1117 1607 1192 deliciae?
1647 1126 1785 1193 Res
1833 1123 2109 1196 interea
2141 1121 2443 1195 fortasse
2466 1138 2687 1194 trans-

569 1225 774 1301 acta⁶
836 1242 965 1300 est.
1029 1231 1094 1298 Ο
1156 1232 1380 1301 miros
1459 1231 1789 1302 homines
1821 1230 1835 1302 !
1888 1237 1979 1303 At
2031 1230 2293 1304 Balbus
2349 1229 2686 1318 aedificat3

568 1336 820 1432 τίγὰρ7
855 1341 1026 1424 αὐτῷ
1053 1336 1270 1430 μέλειί)
1333 1340 1643 1424 Verum,
1700 1339 1756 1407 si
1810 1340 2068 1434 quaeris
2104 1391 2123 1427 ,
2196 1337 2478 1410 homini
2552 1363 2687 1409 non

569 1455 768 1512 recta
789 1496 808 1527 ‚
835 1439 976 1524 ,sed
1003 1441 1406 1538 voluptaria
1441 1445 1828 1539 quaerenti,
1874 1468 2122 1516 nonne
2161 1437 2503 1530 βεὲίιιινωιι.8
2531 1445 2559 1514 1²
2588 1448 2689 1514 Tu

563 1549 838 1618 interea
861 1545 1154 1616 dormis.
1173 1551 1326 1616 Jam
1357 1547 1859 1644 explicandum
1895 1564 2005 1620 est
2030 1548 2431 1647 πρόὸλημαὶ),
2446 1552 2505 1621 si
2525 1547 2689 1647 quid

559 1672 851 1729 acturus
891 1681 966 1728 es
994 1668 1076 1725 ¹⁰.
1125 1659 1196 1727 Si
1239 1659 1497 1754 quaeris
1546 1661 1725 1756 quid
1779 1675 2067 1758 putem,
2114 1685 2249 1758 ego
2291 1660 2685 1733 fructum¹¹

561 1783 764 1867 puto.
797 1766 938 1839 Sed
975 1766 1152 1864 quid
1185 1769 1450 1839 multa?
1485 1770 1634 1864 jam
1676 1785 1748 1842 te
1783 1770 2083 1860 videbo3
2130 1787 2206 1842 et
2244 1770 2575 1869 quidem,
2612 1786 2691 1841 ut

555 2029 634 2078 liis
661 2027 877 2092 Pompeii
895 2025 1078 2073 bellum
1101 2027 1262 2088 gessit.
1292 2025 1473 2073 Praetor
1489 2027 1585 2074 fuit

560 2123 689 2156 anno
708 2106 804 2168 708
824 2117 872 2153 et
891 2121 1020 2152 anno
1039 2115 1268 2166 sequente
1286 2105 1438 2167 Syriae
1459 2121 1583 2170 prae-

559 2189 728 2236 fectus.
760 2183 905 2241 Eum,
931 2194 1046 2246 post
1071 2183 1252 2228 caedem
1274 2183 1490 2243 Caesaris,
1521 2183 1581 2232 C.

559 2265 752 2318 Cassius
792 2263 846 2310 in
871 2276 979 2308 snas
1003 2269 1164 2324 partes
1190 2259 1439 2325 traduxit3
1465 2277 1585 2308 mox

559 2346 690 2393 falsie
736 2339 1020 2390 criminibus
1065 2339 1394 2387 insimulatum
1444 2344 1580 2390 Sext.

561 2422 822 2485 Pompeius
837 2455 851 2480 ,
875 2418 1044 2482 Magni
1064 2415 1221 2477 filius,
1249 2420 1304 2465 in
1329 2419 1490 2467 Sicilia
1512 2419 1588 2469 in-

560 2502 765 2551 terfecit.
813 2499 1000 2557 Caeear,
1050 2496 1110 2545 de
1155 2496 1292 2546 Bello
1338 2499 1443 2547 Civ.
1487 2500 1587 2559 111,

564 2576 654 2641 153
684 2578 810 2627 vell.
853 2575 1134 2625 Paterculuz
1155 2614 1170 2637 ,
1217 2578 1297 2635 11,
1339 2594 1430 2637 77;
1458 2578 1588 2640 Dio,

558 2660 774 2709 XLVIII
788 2692 802 2716 ‚
821 2666 913 2703 etc.
925 2656 1021 2703 En.

631 2734 682 2786 3.
711 2733 948 2783 Asinium.
968 2732 1028 2781 C.
1047 2734 1273 2781 Asinium
1293 2732 1581 2793 Pollionem,

556 2817 643 2881 qui
673 2816 723 2863 iu
751 2812 948 2865 Caeearie
972 2811 1188 2859 hostium
1201 2798 1372 2859 trianus
1393 2811 1582 2860 delatus

557 2912 659 2943 esse
685 2893 805 2941 falso
831 2907 1024 2940 rumore
1051 2891 1308 2939 ferebatur.
1335 2891 1581 2939 Tribunus

555 2988 684 3023 anno
709 2970 956 3037 superiore
973 2970 1128 3018 fuerat
1146 3004 1162 3029 ,
1184 2982 1235 3019 et
1263 2981 1448 3034 septem
1487 2988 1579 3019 nu-

555 3070 646 3101 nos
671 3062 784 3117 post
823 3049 994 3098 comui
1029 3050 1136 3099 fuit.
1176 3051 1249 3096 De
1275 3050 1372 3097 hoo
1410 3050 1581 3099 confer

555 3131 800 3196 Porphyr.
835 3131 888 3177 in
923 3128 1020 3177 Od.
1056 3132 1230 3178 Horat.
1265 3131 1314 3186 1,
1359 3144 1418 3188 13
1445 3128 1577 3178 Vell.

554 3210 790 3259 Patercul-
818 3211 890 3264 11,
915 3208 1127 3272 μυίαις
1159 3210 1326 3257 Senec-
1367 3208 1506 3257 Suae.
1530 3211 1580 3269 I;

555 3292 730 3353 Quint.
750 3292 805 3348 1,
833 3290 890 3349 ὃς
917 3288 1050 3345 111,
1073 3302 1152 3336 Π.
1181 3288 1274 3335 En.

625 3379 674 3428 4.
705 3368 972 3417 Paciaecus.
996 3367 1120 3425 Alii,
1140 3364 1386 3421 Patietus,
1412 3365 1577 3413 Patie-

553 3466 636 3497 σω
651 3484 665 3505 ,
699 3448 945 3495 Paciecus.
990 3447 1141 3492 Recte
1171 3460 1289 3492 vero
1316 3444 1418 3504 jam
1458 3444 1575 3493 Ald.

549 3528 803 3578 Manutius
835 3525 886 3573 in
931 3522 1156 3573 omnibus
1202 3534 1420 3571 veterum
1454 3523 1578 3572 locis

550 3606 802 3654 Pam‘ceeus
836 3603 1094 3669 legendum
1134 3618 1235 3650 esse
1275 3613 1527 3668 putaverat
1555 3620 1571 3666 ;

551 3698 601 3735 et
624 3686 694 3733 sie
729 3700 818 3732 nos
859 3683 924 3731 ad
962 3683 1154 3731 Divers.
1187 3682 1276 3731 lib.
1295 3684 1393 3741 VI,
1429 3686 1570 3749 epist.

556 3780 576 3810 1
589 3765 634 3811 8.
653 3767 704 3813 J.
723 3765 789 3813 V.
817 3765 870 3811 ί...

619 3842 667 3891 5.
693 3842 788 3891 Isti
809 3857 994 3891 omnes.
1030 3842 1306 3891 Caesafiani.
1329 3844 1569 3895 Coun».

617 3924 667 3971 6.
699 3924 990 3970 Transacea.
1036 3923 1095 3968 In
1123 3911 1309 3971 Africa.
1335 3925 1529 3973 Interea
1550 3957 1569 3985 ‚

547 4002 739 4065 inquit,
783 4001 1114 4066 depugnatum
1157 4002 1360 4051 fort-ue
1405 4015 1477 4052 eet
1518 4004 1570 4051 in

1670 2019 1835 2068 Africa
1850 2055 1865 2080 ‚
1894 2037 1993 2085 quo
2036 2023 2195 2070 Coesar
2230 2038 2391 2070 mense
2435 2021 2691 2071 decembris

1672 2111 1843 2148 contra
1866 2101 2213 2164 Pompeianos,
2246 2102 2477 2166 Scipione
2492 2103 2689 2166 impera-

1672 2189 1829 2226 ratore
1870 2179 2052 2227 bellum
2094 2191 2389 2243 renovante,
2430 2181 2687 2244 trajecerat.

1675 2259 1894 2310 ΜΑπστ.

1749 2355 1794 2400 7.
1808 2335 1865 2387 Τί
1880 2336 1995 2408 γάρ.
2009 2362 2033 2382 α
2043 2337 2177 2403 Quid
2189 2339 2321 2389 enim
2340 2339 2413 2389 iili
2426 2357 2551 2389 curn
2566 2340 2690 2389 est?-

1749 2419 1800 2467 8.
1828 2416 2078 2479 Βεβίωται.
2100 2420 2330 2469 Praeclare
2346 2433 2463 2469 acta
2481 2420 2595 2469 vita
2612 2429 2690 2467 ese.

1677 2498 1801 2545 Nam
1828 2497 1987 2545 vivere
2014 2499 2308 2563 quandoque
2337 2500 2467 2547 valet
2481 2497 2689 2561 jucunde

1678 2576 1857 2623 vivere..
1892 2576 2070 2624 Nonne
2098 2576 2258 2637 vides,
2286 2578 2475 2641 inquit,
2519 2578 2689 2633 Balbo,

1678 2670 1789 2703 curn
1816 2654 2067 2716 voluptate
2093 2654 2242 2703 vitam
2266 2670 2367 2703 esse
2394 2654 2691 2704 traductam?

1672 2728 1738 2779 At
1778 2743 1833 2778 tu
1874 2732 2055 2779 interea
2088 2732 2293 2779 dormis:
2334 2749 2437 2780 non
2480 2734 2687 2797 explicas

1668 2810 1923 2875 quomodo
1944 2808 2203 2857 vivendum
2221 2810 2311 2858 tibi
2337 2813 2416 2859 eit.
2442 2814 2591 2859 Mn«.

1742 2906 1791 2952 9.
1818 2884 2095 2956 Πρόςλημσ..
2121 2890 2348 2954 Quoestt‘o.
2366 2892 2587 2940 Nimium
2608 2888 2686 2936 diu

1668 2969 1869 3031 quaeria,
1906 2978 2073 3015 utrum
2110 2979 2272 3029 recu,
2318 2984 2382 3017 an
2417 2967 2685 3034 voluptaria

1668 3048 1897 3110 sequaris.
1922 3050 2039 3096 Haec
2064 3047 2153 3095 tibi
2174 3050 2377 3111 questio
2411 3040 2513 3109 jani
2538 3046 2685 3113 expli·

1668 3126 1822 3173 canda
1847 3135 1952 3187 eet,
1992 3126 2258 3191 aliquando
2298 3126 2391 3175 tibi
2416 3138 2491 3175 eet
2528 3127 2683 3176 decer·

1668 3206 1881 3255 nendum
1895 3242 1911 3267 ,
1948 3217 2105 3255 utram
2133 3217 2317 3271 partem
2348 3206 2519 3271 eligas.
2550 3208 2684 3255 ΜΑιῐ.

1742 3302 1820 3335 xo.
1844 3286 1901 3333 Sa·
1918 3286 2043 3349 quid
2054 3296 2257 3333 aeturus
2278 3302 2352 3335 es.
2377 3288 2477 3349 Qui
2502 3300 2683 3351 semper

1667 3363 1899 3412 delibet-nt
1926 3376 1974 3412 et
2000 3365 2178 3427 quaerit
2202 3363 2298 3414 hoc
2322 3381 2385 3413 an
2406 3365 2535 3413 illud
2558 3374 2682 3431 agat,

1665 3444 1790 3491 nihil
1819 3460 2048 3508 umquam
2073 3446 2189 3508 agit.
2212 3446 2355 3493 Mur.

1742 3538 1764 3570 1
1780 3539 1801 3570 1
1814 3559 1827 3572 .
1855 3524 2093 3572 Fructum.
2120 3526 2231 3572 Hoc
2248 3534 2346 3582 est,
2362 3522 2679 3587 voluptatum

1665 3610 1715 3649 et
1752 3618 1947 3650 usuram
1985 3602 2375 3651 commodorum.
2412 3604 2527 3649 Frui
2562 3601 2679 3650 enim

1665 3681 1885 3730 absolute
1936 3684 2154 3745 positum
2175 3716 2189 3741 ,
2246 3692 2319 3729 est
2368 3680 2677 3747 pra-sentibus

1664 3760 1934 3809 commodis
1960 3770 2007 3811 et
2025 3762 2358 3825 voluptatibus
2375 3762 2465 3810 uti.
2482 3762 2615 3809 Petet
2624 3770 2678 3806 ex

1660 3840 1865 3904 epistola
1882 3842 1946 3903 qd
1965 3843 2153 3891 Paetum
2164 3875 2179 3901 ,
2192 3841 2279 3890 lib.
2297 3842 2375 3889 11
2388 3875 2405 3901 ,
2422 3842 2565 3906 epi-st.
2590 3855 2643 3899 17
2662 3853 2674 3883 =

1666 3948 1689 3971 ι
1711 3925 1879 3985 Nihil,
1906 3927 2099 3991 inquit,
2134 3927 2281 3976 timeo
2310 3941 2325 3978 ε
2370 3926 2537 3988 fruor,
2568 3925 2674 3973 dnm

1658 4004 1806 4054 licet:
1834 4018 1958 4070 opto
1972 4042 1990 4069 ‚
2011 4018 2067 4055 ut
2091 4022 2281 4073 temper
2324 4007 2521 4057 liceat·-
2540 4007 2673 4055 Mu·
