3019 4681
471 345 616 421 556
1117 348 1216 420 Μ.
1257 348 1338 425 Τ.
1391 349 1959 419 CICERONIS

465 470 634 544 ficio
657 467 1164 541 benivolentiae
1191 468 1611 569 colligendae
1625 525 1645 559 ‚
1665 471 1791 566 qui
1811 493 2051 567 neque
2068 473 2339 566 Cyrum
2362 476 2611 543 Xeno-

463 578 762 678 phontis
781 632 802 667 ,
837 602 1080 675 neque
1116 581 1526 677 Agesilaum
1564 581 1905 653 noverint
1942 606 1960 651 z
2001 604 2319 678 quorum
2350 606 2610 679 regum

469 713 760 760 summo
815 689 893 758 in
951 691 1259 787 imperio
1321 708 1539 762 nemo
1608 714 1953 787 umquam
2010 688 2312 763 verbum
2376 690 2613 763 ullum

469 799 794 896 asperius
835 796 1122 871 audivit.
1163 799 1305 871 Sed
1337 799 1489 872 haec
1521 825 1564 871 a
1594 801 1953 898 principio
1988 797 2119 870 tibi
2146 802 2608 899 praecipienS‚

469 923 826 1005 quantum
864 906 1338 1005 profecerim,
1377 934 1528 980 non
1562 911 1845 1007 ignoro.
1882 911 2096 981 Nunc
2125 924 2363 981 tamen
2404 910 2612 983 dece-

467 1016 654 1118 dens
691 1016 814 1113 (id
847 1016 1047 1112 quod
1085 1017 1264 1088 mihi
1292 1016 1527 1091 facere
1556 1018 1898 1115 videris),
1928 1021 2294 1115 relinque,
2326 1045 2609 1117 quaeso‚

467 1150 690 1223 quam
737 1124 1334 1221 jucundissimam
1387 1132 1815 1200 memoriam
1889 1128 2027 1200 tui.
2106 1132 2608 1201 successorem

470 1234 697 1312 habes
748 1233 1280 1335 perblandum3
1325 1254 1561 1313 cetera
1607 1238 1817 1310 valde
1870 1238 2063 1309 illius
2118 1236 2433 1310 adventu
2482 1252 2613 1309 tua

469 1348 954 1444 requirentur.
985 1350 1068 1419 In
1095 1347 1318 1420 literis
1349 1348 1725 1422 mittendis
1749 1347 1877 1443 (ut
1898 1372 2084 1447 saepe
2110 1346 2201 1419 ad
2231 1363 2300 1419 te
2322 1349 2611 1443 scripsi)

471 1456 778 1527 nimium
815 1471 892 1529 te
931 1455 1374 1530 exorabilem
1393 1469 1457 1503 ²²
1487 1458 1881 1558 praebuisti.
1921 1456 2201 1531 Tolle²³
2240 1459 2613 1545 omnes,.si

471 1580 722 1665 poteS,
763 1568 1090 1665 iniquaS,
1135 1567 1308 1641 tolle
1341 1571 1757 1655 inusitatam,
1804 1567 1979 1640 tolle
2014 1570 2423 1641 contrarias.
2464 1570 2613 1637 Sta-

481 1678 630 1747 tius
665 1676 846 1747 mihi
885 1682 1238 1767 narravit,
1275 1680 1575 1778 scriptas
1602 1677 1691 1750 ad
1725 1694 1795 1750 te
1832 1677 2065 1750 solere
2098 1676 2370 1767 afferri,
2412 1675 2503 1747 ab
2532 1700 2611 1747 se

471 1784 664 1883 legi;
699 1802 807 1875 et,
837 1790 898 1859 si
935 1788 1204 1885 iniquae
1243 1790 1429 1879 sint,
1463 1787 1623 1861 fieri
1650 1803 1723 1861 te
1762 1790 2178 1878 certiorem3
2223 1802 2613 1886 antequam

471 1919 648 1967 vero
691 1899 848 1995 ipse
876 1894 968 1967 ad
1001 1911 1072 1969 te
1103 1902 1415 1970 venisset
1443 1952 1464 1987 ‚
1513 1898 1799 1970 nullum
1838 1898 2199 1971 delectum
2238 1899 2609 1971 literarum

472 2003 690 2079 fuisse
723 2034 744 2096 ;
789 2032 878 2079 ex
913 2030 1003 2078 eo
1039 2032 1192 2080 esse
1227 2010 1597 2080 volumina
1638 2008 2063 2080 selectarum
2104 2008 2567 2105 epistolarum
2588 2060 2612 2094 ,

469 2140 634 2215 quae
661 2118 1098 2217 reprehendi
1123 2120 1464 2192 solerent.
1497 2124 1654 2191 Hoc
1678 2118 1769 2191 de
1792 2142 2056 2216 genere
2087 2116 2269 2189 nihil
2304 2132 2375 2188 te
2414 2140 2613 2187 nunc

471 2226 770 2324 quidem
813 2252 1102 2300 moneo,
1145 2234 1319 2302 Sero
1343 2244 1454 2301 est
1479 2233 1677 2302 enim
1706 2257 1723 2300 ε
1762 2254 1845 2301 ac
1880 2231 2063 2300 scire
2098 2241 2307 2327 potes
2330 2281 2349 2312 ,
2382 2225 2611 2297 multa

475 2361 593 2410 me
631 2343 822 2410 varie
855 2338 1380 2438 diligenterque
1425 2340 1819 2414 monuisse.
1856 2337 2049 2411 Illud
2089 2353 2366 2424 tamen,
2412 2333 2613 2434 quod

471 2445 949 2548 Theopompo
1009 2450 1344 2521 mandavi
1385 2503 1406 2538 ‚
1470 2475 1703 2548 quum
1766 2473 1995 2521 essem
2054 2448 2467 2522 admonitus
2518 2444 2611 2516 ab
2640 2543 2645 2547 ⁵

473 2557 672 2654 ipso,
721 2558 884 2630 vide
919 2583 1052 2656 per
1093 2559 1429 2649 homines
1460 2575 1783 2631 amantes
1818 2560 1961 2647 tui,
1998 2557 2201 2656 quod
2230 2569 2339 2628 est
2370 2554 2609 2641 facile,

471 2680 556 2736 ut
589 2665 742 2738 haec
775 2691 1041 2764 genera
1060 2668 1407 2740 tollantur
1438 2670 1909 2767 epistolarum
1935 2723 1955 2756 ‚
1983 2671 2301 2766 primum
2336 2669 2611 2762 iniqua-

473 2799 636 2846 rum
661 2829 682 2862 ,
715 2775 981 2848 deinde
1022 2783 1583 2869 contrariarum,
1622 2795 1779 2851 tum
1817 2777 2129 2850 absurde
2164 2792 2238 2851 et
2272 2781 2610 2848 inusitate

472 2885 934 2983 scriptarum,
975 2901 1342 2985 postremo
1395 2891 1472 2960 in
1533 2888 1847 2986 aliquem
1908 2886 2607 2958 contumeliosarum.

473 2999 710 3093 Atque
745 3021 882 3095 ego
910 2996 1063 3068 haec
1101 3013 1246 3068 tam
1287 3023 1479 3088 esse,
1516 3023 1734 3096 quam
1772 2997 1991 3068 audio
2014 3050 2035 3082 ,
2076 3019 2225 3067 non
2253 3007 2434 3094 puto
2464 3007 2609 3082 tet,

471 3107 532 3177 si
571 3123 746 3178 sunt
771 3108 1375 3205 occupationibus
1401 3111 1545 3179 tuis
1578 3111 1819 3178 minus
1849 3106 2378 3194 animadversa,
2410 3129 2611 3176 nunc

475 3219 802 3316 perspice
827 3272 848 3304 ‚
899 3233 971 3290 et
1025 3243 1276 3316 purga.
1325 3219 1498 3316 Legi
1538 3217 1952 3316 epistolam,
1990 3241 2211 3314 quam
2241 3218 2397 3313 ipse
2438 3216 2611 3285 scri·

471 3329 696 3423 psisse
726 3325 920 3397 Sulla
945 3326 1441 3398 nomenclator
1478 3325 1714 3399 dictus
1746 3342 1888 3416 est,
1934 3351 2085 3397 non
2118 3321 2611 3424 probandam;

471 3433 612 3532 legi
651 3435 1036 3506 nonnullas
1081 3435 1480 3508 iracundas.

563 3543 708 3624 Sed
744 3559 1070 3643 tempore
1114 3544 1358 3643 ips0²4
1400 3545 1490 3618 de
1536 3546 1875 3646 epistolis.
1922 3547 2107 3624 Nam
2152 3569 2385 3643 quum
2422 3541 2613 3619 hanc

539 3768 626 3801 aa.
645 3755 970 3804 Esar-abilam.
990 3755 1120 3804 Edit.
1137 3765 1300 3814 vetus,
1320 3757 1488 3806 inexo-
1649 3763 1734 3812 ²4·
1774 3759 2005 3821 staupum
2031 3753 2151 3820 ipso.
2178 3755 2469 3819 Opportune
2503 3749 2615 3799 haee

471 3832 690 3881 rabilem.
719 3833 942 3882 Alterum
975 3835 1164 3900 placuit
1185 3837 1414 3886 Manutio
1439 3846 1489 3885 et
1577 3835 1639 3884 de
1665 3835 1885 3901 epistolia
1917 3853 1944 3884 ι
1976 3845 2025 3882 ιο
2055 3833 2223 3899 paullo
2254 3830 2615 3880 consideratius

471 3911 640 3961 lamb.
1576 3913 1863 3963 scribendis.
1880 3916 2033 3961 lau.
2050 3939 2120 3950 --
2136 3911 2269 3959 Male
2296 3909 2494 3973 quidum
2520 3923 2615 3955 vo-

543 3991 630 4040 23.
655 3991 800 4040 Tolle.
821 3995 896 4040 Da
919 4007 1146 4057 operam,
1169 4003 1228 4042 ut
1251 3994 1488 4060 colligan—
1574 3992 1803 4042 luerunt:
1824 4015 1851 4035 ι·
1872 3990 1970 4041 Sed
1988 4005 2205 4056 tempore
2223 3991 2332 4054 ipso
2358 3988 2495 4037 furor
2516 3986 2617 4038 dn-

467 4077 549 4118 tur
565 4081 617 4120 et
631 4071 1011 4136 supp-innuunt.
1039 4073 1192 4121 Mu.
1575 4071 1677 4121 bnt.
1698 4073 1817 4122 Hac
1834 4071 1899 4120 de
1912 4069 2137 4136 epistolis
2150 4091 2193 4120 a.
2220 4070 2313 4118 En.
