3019 4681
617 361 754 447 248
1259 362 1357 428 M.
1407 360 1484 428 T.
1537 361 2105 431 CICERONIS

608 480 899 554 videbis,
928 465 1164 571 Ωιιοᾶ
1179 501 1298 549 me
1334 477 1428 550 ab
1463 476 1607 550 hoc
1648 502 1962 552 moerore
2001 483 2308 551 recreari
2345 484 2488 571 vis,
2528 479 2693 564 facis»,

607 607 690 664 ut
723 593 1011 663 omnia:
1061 587 1221 676 sed,
1272 613 1389 659 me
1441 587 1621 658 mihi
1664 613 1817 660 non
1868 587 2177 660 defuisse
2198 643 2217 678 ‚
2264 603 2349 664 tu
2393 593 2583 662 testis
2614 615 2687 662 eS.

605 699 799 778 Nihil
845 704 1042 773 enim
1097 701 1189 772 de
1243 723 1559 770 moerore
1612 698 2013 770 minuendo
2058 691 2407 798 scriptum
2448 699 2539 772 ab
2574 700 2691 772 ullo

603 827 752 901 est,
806 811 1008 909 quod
1061 837 1197 909 ego
1247 836 1402 882 non
1453 812 1654 882 domi
1696 826 1838 883 tuae
1885 812 2201 910 legerim.
2259 812 2398 883 Sed
2442 835 2691 886 omnem

598 921 1171 994 consolationem
1227 923 1453 994 vincit
1501 921 1737 993 dolor.
1794 924 1989 1011 Quin
2036 923 2251 992 etiam
2300 919 2501 1010 feci‚-
2530 919 2691 1020 quod

596 1030 925 1129 profecto
961 1049 1129 1104 ante
1166 1056 1282 1102 me
1328 1056 1547 1103 nemo
1568 1086 1589 1118 ‚
1628 1046 1712 1103 ut
1748 1032 1901 1129 ipse
1947 1055 2065 1102 me
2106 1057 2239 1130 per
2283 1032 2522 1104 literas
2554 1057 2691 1103 con·

595 1142 882 1214 solarer.
921 1144 1154 1231 Quem
1193 1140 1460 1212 librum
1486 1138 1517 1185 ³
1557 1141 1647 1212 ad
1670 1156 1747 1212 te
1773 1142 2090 1231 mittam,
2128 1144 2187 1212 si
2222 1139 2694 1240 descripserint

595 1250 886 1322 librarii.
942 1249 1243 1324 Affirmo
1299 1250 1431 1323 tibi
1483 1251 1757 1323 nullam
1801 1249 2371 1323 consolationem
2418 1275 2571 1324 esse
2610 1265 2691 1320 ta-

591 1362 761 1434 lem.
798 1366 1018 1434 Totos
1049 1363 1202 1434 dies
1235 1361 1513 1451 scrib03
1550 1387 1705 1433 non
1742 1386 1893 1460 quo
1930 1359 2304 1458 proficiam
2340 1361 2554 1458 quid3
2596 1355 2695 1430 sed

587 1472 938 1570 tantisper
970 1471 1362 1570 impedior,
1404 1496 1558 1543 non
1594 1470 1932 1570 equidem
1971 1473 2140 1542 satis
2188 1470 2215 1558 (
2230 1475 2337 1542 vis
2372 1474 2565 1542 enim
2596 1494 2694 1540 ur-

591 1581 796 1677 get),
856 1581 984 1653 sed
1039 1582 1324 1654 relaxor
1378 1596 1660 1672 tamen,
1712 1581 2103 1677 omniaque
2157 1583 2378 1670 nitor,
2434 1605 2585 1652 non
2626 1577 2695 1649 ad

588 1695 910 1762 animum
931 1746 950 1780 ‚
989 1691 1114 1764 sed
1151 1691 1246 1762 ad
1292 1692 1575 1763 vultum
1612 1693 1848 1790 ipsum
1870 1743 1891 1778 ‚
1939 1691 2003 1760 si
2047 1713 2309 1786 queam
2330 1743 2350 1778 ,
2395 1687 2697 1763 reficien-

589 1799 805 1889 dum3
845 1802 1066 1900 idque
1101 1799 1408 1890 faciens,
1467 1801 1837 1874 interdum
1890 1799 2068 1870 mihi
2114 1823 2417 1898 peccare
2446 1801 2698 1884 videor,

589 1911 958 1984 interdum
1008 1911 1438 2011 peccaturus
1485 1936 1669 1999 esse,
1719 1912 1857 1981 nisi
1904 1909 2179 1980 faciam.
2219 1908 2556 1981 Solitudo
2593 1908 2698 1978 ali·

587 2022 765 2118 quid
808 2022 1134 2118 adjuvat,
1175 2023 1302 2094 sed
1339 2021 1571 2092 multo
1608 2020 1775 2120 plus
1808 2017 2233 2118 proficeret,
2270 2020 2329 2088 si
2360 2033 2445 2088 tu
2480 2033 2699 2090 tamen

515 2191 521 2197 .
583 2131 1004 2204 interesses:
1044 2157 1207 2230 quae
1255 2131 1434 2202 mihi
1484 2156 1631 2202 una
1678 2155 1891 2202 causa
1927 2145 2035 2200 est
2074 2129 2247 2200 hinc
2284 2126 2699 2200 discedendi.

579 2243 762 2312 Nam
787 2295 804 2326 ,
855 2263 990 2339 pro
1030 2239 1269 2328 malis,
1304 2255 1499 2312 recte
1538 2239 1898 2327 habebat3
1949 2263 2394 2338 quamquam
2430 2236 2701 2336 ipsum⁴

579 2347 794 2421 doleo
816 2347 866 2420 ⁵.
902 2352 1068 2423 Non
1117 2357 1314 2424 enim
1349 2352 1496 2447 jam
1537 2352 1616 2423 in
1661 2376 1777 2423 me
1819 2350 2016 2423 idem
2062 2374 2214 2423 esse
2249 2354 2550 2448 poteris.
2588 2354 2701 2420 Pe·

575 2462 855 2533 rierunt
879 2462 1032 2550 illa,
1065 2485 1226 2558 quae
1253 2460 1568 2533 amabas.
1595 2466 1705 2534 De
1730 2464 1931 2534 Bruti
1958 2462 2048 2533 ad
2075 2487 2193 2533 me
2215 2461 2439 2532 literis
2466 2460 2705 2559 scripsi

577 2570 667 2641 ad
706 2584 777 2641 te
822 2585 1079 2643 antea:
1132 2569 1533 2668 prudenter
1588 2573 1902 2669 scriptae3
1954 2570 2081 2643 sed
2121 2569 2347 2659 nihil,
2395 2594 2550 2667 quo
2598 2592 2703 2639 me

576 2679 1017 2777 adjuvarent.
1077 2680 1295 2770 Quod
1350 2681 1441 2752 ad
1492 2696 1565 2752 te
1610 2682 1933 2779 scripsit,
1976 2680 2050 2753 id
2093 2681 2393 2767 vellem,
2436 2695 2522 2751 ut
2564 2682 2705 2777 ipse

571 2789 882 2881 adesset3
919 2808 1114 2864 certe
1156 2791 1465 2890 aliquid,
1512 2792 1857 2889 quoniam
1898 2816 2014 2863 me
2052 2806 2195 2861 tam
2233 2788 2447 2861 valde
2482 2804 2703 2871 amat,

567 2897 959 2994 adjuvaret.
1004 2901 1222 2990 Quod
1258 2902 1318 2972 si
1357 2901 1538 2999 quid
1578 2903 1798 2989 scieS‚
1849 2898 2118 2996 scribas
2156 2898 2247 2970 ad
2282 2923 2400 2970 me
2447 2900 2661 2971 velim
2687 2954 2703 2986 ,

569 3012 879 3082 maxime
935 3026 1220 3101 autem,
1269 3017 1496 3084 Pansa
1553 3008 1915 3109 quandoss.
1971 3014 2080 3081 De
2132 3012 2357 3081 Attica
2386 3064 2407 3096 ‚
2452 3010 2703 3097 dole03

565 3120 785 3193 credo
817 3136 1060 3193 tamen
1096 3125 1394 3194 Cratero
1413 3133 1463 3192 ⁷.
1499 3122 1748 3193 Piliam
1790 3123 1958 3219 angi
1997 3134 2157 3191 veta
2188 3148 2203 3189 :
2249 3120 2417 3191 satis
2452 3121 2704 3193 solitus

565 3255 642 3302 es
677 3255 985 3303 moerere
1018 3255 1154 3328 pro
1192 3231 1556 3318 omnibus.

637 3406 683 3454 3.
704 3404 910 3455 Librum.
932 3405 1286 3466 Cujusexmnt
1298 3407 1590 3470 fragmenta,
1678 3407 1809 3455 enim
1844 3422 1957 3455 eum
1984 3422 2060 3453 me
2082 3440 2097 3465 ‚
2126 3416 2271 3471 quem
2307 3406 2466 3466 solen,
2504 3407 2705 3457 videbis.

563 3494 614 3531 et
643 3498 784 3531 aurea
826 3484 1024 3548 quidem
1043 3520 1058 3546 ,
1083 3494 1225 3532 tomo
1279 3484 1587 3551 Philosophi·
1678 3486 1827 3534 Mne.

569 3576 672 3609 eor.
703 3564 770 3611 11.
1746 3566 1797 3613 6.
1829 3562 2059 3629 Quando.
2088 3560 2243 3612 Roma
2269 3560 2635 3627 proficiscatur,
2655 3565 2705 3611 in

635 3651 682 3697 4.
703 3642 895 3691 Ennest.
923 3644 1052 3702 coni.
1081 3641 1139 3690 id
1161 3643 1332 3708 ipsum.
1358 3646 1391 3692 J
1398 3680 1413 3694 .
1432 3648 1494 3691 V.
1520 3648 1579 3694 L.
1674 3642 1883 3694 Galliam
1926 3644 2087 3692 iturus
2106 3678 2121 3704 ,
2154 3652 2213 3690 ut
2252 3644 2408 3690 Bruto
2452 3643 2708 3693 succedat.

634 3718 682 3767 5.
731 3720 902 3768 Doleo.
951 3721 1146 3787 Cupio,
1181 3724 1345 3787 inquit
1364 3760 1380 3785 ‚
1419 3734 1582 3773 tecum
1669 3726 1819 3773 Inna.

560 3812 678 3844 esse.
706 3797 859 3861 Quod
893 3798 1056 3862 ipsum
1077 3811 1238 3851 umen
1269 3802 1432 3853 doleo.
1463 3802 1583 3851 Non
1744 3823 1791 3867 7.
1832 3804 2048 3855 Cratero.
2068 3803 2199 3853 Vide
2225 3802 2527 3868 superiorem
2555 3802 2704 3868 epist.

1171 3994 2080 4024 κω*-
