3019 4681
479 363 623 447 444
1126 362 1225 428 Μ.
1276 362 1354 429 Τ.
1408 360 1961 429 CICERONIS

475 484 551 554 in
593 480 957 579 provincia
1006 481 1197 565 ires3
1243 478 1371 551 sed
1426 493 1682 551 auctor
1737 502 1885 549 non
1941 502 2137 567 sum,
2184 493 2267 550 ut
2312 494 2386 551 te
2435 479 2611 553 Urbi

472 592 905 664 committas.
931 588 1281 661 Dicebam
1318 615 1436 679 ea,
1467 614 1631 688 quae
1657 589 1792 660 tibi
1826 587 2157 687 profecto
2183 593 2256 661 in
2291 608 2607 665 mentem

470 700 810 790 veniunt,
845 724 977 771 cur
1020 724 1167 770 non
1197 714 1385 770 esset
1425 712 1587 770 tuto
1627 698 1934 771 futurus.
1983 699 2218 771 Multo
2261 698 2430 772 inde
2474 727 2611 773 ser-

472 836 693 883 mone
714 807 1240 908 querebantur‚
1274 824 1497 905 atque
1523 808 1598 879 id
1627 806 1924 906 quidem
1949 811 2230 880 Cassius
2267 812 2574 881 maxime
2591 865 2608 896 ‚

470 922 763 994 amissas
791 920 1200 991 occasiones
1222 946 1244 1009 3
1285 920 1816 1015 Decimumque
1835 918 2188 1016 graviter4
2210 919 2607 992 accusabat.

470 1038 625 1130 Ego
666 1029 1019 1127 negabam
1065 1044 1403 1127 oportere
1431 1030 1833 1127 praeterita3
1875 1028 2313 1101 assentiebar
2348 1044 2610 1101 tamen.

475 1144 871 1242 Quumque
926 1142 1290 1238 ingressus
1349 1164 1578 1211 essem
1639 1138 1920 1228 dicere,
1960 1138 2138 1237 quid
2180 1144 2612 1239 oportuisset

476 1250 653 1349 (nec
680 1275 857 1322 vero
888 1248 1290 1347 quidquam
1317 1251 1526 1337 novi,
1567 1249 1697 1320 sed
1739 1274 1854 1336 ea,
1895 1274 2056 1346 quae
2097 1250 2420 1347 quotidie
2451 1274 2608 1321 om·-

472 1386 605 1433 nes
627 1363 692 1458 )‚
720 1386 855 1432 nec
876 1374 1115 1431 tamen
1143 1360 1349 1431 illum
1379 1360 1621 1429 locum
1660 1360 2084 1454 attingerem
2105 1354 2606 1456 ⁵,quemquam

474 1487 815 1570 praeterea
836 1469 870 1515 ⁶
900 1471 1308 1568 oportuisse
1339 1469 1538 1565 tangi
1557 1522 1575 1555 ,
1615 1466 1736 1539 sed
1767 1482 2093 1539 senatum
2131 1470 2368 1539 vocari
2388 1480 2414 1524 ⁷
2431 1523 2451 1558 ,
2485 1492 2612 1565 po·

475 1582 735 1681 pulum
768 1579 1145 1653 ardentem
1184 1578 1426 1652 studio
1452 1578 1956 1650 vehementius
1984 1572 2310 1650 incitari8
2330 1634 2350 1667 ,
2387 1593 2611 1649 totam

476 1694 917 1791 susciperem
936 1702 967 1749 9
998 1688 1524 1789 rempublicam
1553 1716 1574 1777 ;
1617 1687 1966 1760 exclamat
1981 1701 2103 1759 tua
2123 1697 2186 1731 ¹⁰
2203 1686 2564 1759 familiaris
2593 1715 2608 1757 :

477 1831 511 1869 α
534 1806 690 1874 Hoc
716 1827 893 1874 vero
923 1803 1285 1873 neminem
1318 1824 1668 1899 umquam
1695 1797 1932 1869 audivi
1948 1828 2000 1893 ι).
2025 1802 2180 1897 Ego
2203 1810 2221 1842 ¹
2237 1810 2258 1843 ¹
2284 1798 2610 1897 repressi.

475 2056 649 2096 auctor
666 2062 772 2096 uon
789 2062 895 2096 sum
907 2080 925 2106 ‚
938 2042 995 2095 ut
1010 2062 1143 2095 nunc
1160 2046 1329 2095 urbem
1344 2046 1505 2110 ingre—

480 2124 645 2175 diaria.
674 2128 849 2175 (ἴων.

546 2212 598 2261 4.
624 2204 971 2269 Decimumque
983 2205 1201 2269 graviter
1216 2206 1502 2254 accusabat.

470 2284 720 2333 Manutius
728 2294 1004 2331 accusatum
1022 2294 1184 2348 putat,
1196 2284 1331 2348 quod
1345 2299 1494 2349 quum

469 2373 523 2411 et
550 2363 759 2412 Galliam
790 2363 1093 2429 provinciam
1110 2397 1123 2420 ,
1161 2375 1209 2412 et
1235 2365 1289 2411 in
1314 2380 1369 2412 ea
1398 2373 1495 2411 tres

468 2440 685 2506 legiones
731 2442 931 2490 baberet
947 2475 965 2501 ,
1009 2442 1199 2490 otiosus
1240 2442 1367 2490 nihil
1400 2458 1495 2507 pro

468 2519 716 2584 republica
737 2521 1005 2569 moliretur.
1033 2523 1214 2568 Verum
1234 2521 1495 2569 accusandi

470 2615 613 2646 causa
646 2599 770 2659 fuit,
805 2598 938 2663 quod
956 2633 971 2656 ,
1000 2609 1057 2646 ut
1096 2610 1254 2647 narrat
1284 2600 1497 2648 Velleius

468 2679 751 2727 Pater-culus
762 2681 839 2737 11,
864 2679 893 2724 5
898 2680 948 2737 8,
960 2678 1125 2726 Cassio
1142 2693 1501 2743 repugnaverat

470 2758 687 2806 censenti
705 2757 1082 2805 interimendum
1100 2774 1204 2806 esse
1222 2759 1367 2807 simul
1385 2775 1497 2807 cum

469 2837 657 2886 cesare
683 2836 969 2886 Antonium.
1002 2838 1165 2901 Atque
1197 2837 1383 2886 idcirco
1412 2856 1497 2886 ne-

470 2915 616 2981 gabat
638 2915 842 2980 Cicero,
860 2927 1088 2980 oportere
1103 2917 1345 2980 preterita
1362 2917 1499 2964 refri-

417 3029 423 3034 -
473 2995 588 3043 cari.
598 2996 844 3043 Mouo.-
856 2994 1135 3044 Middleton
1150 2997 1201 3043 in
1211 2996 1498 3058 praefatione

470 3073 673 3138 anglica·-
700 3073 1115 3138 interpretationis
1135 3074 1276 3137 epist.
1297 3072 1359 3119 ad
1379 3073 1501 3120 Bru-

471 3163 576 3202 tum
594 3164 761 3202 mouet
773 3163 951 3202 temere
959 3153 1199 3200 Velleium
1214 3169 1243 3200 a
1254 3151 1498 3215 Mongalt.

467 3232 697 3282 advocari
711 3267 725 3290 ‚
752 3232 841 3296 qui
861 3231 1038 3280 diserte
1056 3243 1225 3279 contra
1254 3231 1362 3290 ejus
1384 3231 1497 3294 opi-

466 3312 665 3360 nionem
714 3312 835 3360 facit
852 3344 868 3371 ,
918 3310 973 3358 in
1030 3327 1131 3374 quo
1184 3309 1501 3356 consentiunt.

465 3391 715 3440 Plutarch.
740 3401 789 3441 et
814 3389 1090 3454 appianus.
1122 3391 1305 3436 Damus
1330 3385 1495 3436 locum

468 3470 669 3520 velleii:
683 3491 707 3512 α
718 3467 893 3518 consul
902 3469 1164 3526 Antonius,
1182 3483 1327 3530 quem
1346 3481 1497 3528 quum

470 3549 613 3596 simul
628 3547 1003 3596 interimendum
1014 3547 1279 3595 censuisset
1288 3545 1497 3603 Cassius,

468 3636 905 3689 testamentumque
934 3626 1137 3673 CaesarIs
1168 3612 1462 3672 abolendum
1478 3657 1495 3681 ,

466 3708 647 3755 Brutus
676 3714 1054 3767 repugnaverat,
1089 3703 1344 3762 dictitans,
1373 3702 1495 3750 nihil

466 3783 679 3847 ampliue
702 3783 893 3832 civibus
918 3795 1095 3848 praeter
1121 3785 1317 3847 tyrauffl
1328 3813 1483 3832 .....

466 3861 730 3928 petendum
753 3877 857 3910 esse
882 3863 1167 3926 sanguinem
1184 3883 1230 3912 a.
1252 3860 1495 3925 Mongnlt.

463 3951 624 3989 autem
663 3955 843 3988 errasse
878 3941 1074 3989 videtur
1112 3955 1225 3988 cum
1264 3941 1413 3990 Bosio
1448 3950 1496 3987 et

466 4021 672 4083 Popma.
690 4018 789 4068 Sed
808 4022 860 4070 J.
881 4023 950 4068 V.
978 4021 1035 4068 1..
1060 4029 1204 4083 putat
1224 4034 1327 4067 non
1344 4035 1497 4068 unum

472 4107 657 4146 tantum
680 4113 743 4146 ex
764 4097 1031 4159 conjuratis
1054 4097 1277 4146 Antonio
1302 4113 1499 4162 parcere

1593 2046 1832 2108 voluisse,
1855 2056 1906 2094 et
1923 2046 2090 2095 Cassio
2111 2046 2206 2109 ipsi
2229 2046 2322 2093 hoc
2343 2045 2579 2109 placuisse
2599 2061 2612 2093 ε

1591 2140 1704 2173 nam
1724 2125 1822 2173 hoc
1843 2125 1917 2173 illi
1933 2125 2106 2175 Cicero
2125 2122 2324 2187 oblique
2342 2124 2536 2187 obiicit,
2553 2124 2614 2173 sd

1591 2203 1703 2253 niv.
1730 2206 1830 2251 ΧΠ
1849 2240 1864 2265 ,
1896 2213 1926 2261 4
1953 2219 1966 2251 =
1997 2203 2227 2254 «Vellem
2247 2203 2410 2254 idibus
2434 2202 2616 2251 martiis

1592 2298 1670 2330 me
1687 2281 1749 2329 ad
1768 2298 1955 2346 coeqam
1978 2282 2248 2330 invitasses.
2283 2281 2614 2347 Reliquiarum

1583 2363 1708 2411 nihil
1737 2363 1918 2412 fuisset.
1938 2363 2082 2411 Nunc
2113 2379 2190 2410 me
2205 2361 2426 2426 reliquiae
2441 2370 2611 2410 vestrae

1586 2454 1814 2490 exercent
1835 2466 1878 2493 ο.
1913 2447 2023 2492 Hoc
2045 2443 2188 2492 etiam
2207 2443 2386 2490 mirum
2413 2443 2616 2492 Cicero-

1591 2537 1702 2568 nem
1723 2521 1983 2570 nescivisse
2006 2523 2082 2568 cui
2103 2525 2256 2570 Bruto
2269 2521 2398 2569 salus
2413 2521 2618 2570 Antonii

1587 2598 1878 2650 deberetur:
1907 2595 2063 2648 Τῶνδ*
2087 2601 2244 2654 αἰτξαν
2289 2603 2383 2649 τῶν
2405 2598 2616 2666 Βροὺτων

1585 2683 1658 2736 τίς
1682 2671 1832 2743 rixam
1859 2695 1946 2728 cur
1963 2691 2124 2730 autem
2151 2682 2342 2730 Cassius
2359 2681 2614 2727 Decimum

1587 2771 1835 2809 accusaret
1849 2794 1863 2816 ,
1903 2759 1990 2806 vix
2029 2758 2223 2808 definiri
2271 2769 2436 2824 potest
2475 2771 2488 2806 ε
2529 2756 2615 2804 sed

1587 2854 1737 2904 quum
1767 2853 1842 2884 res
1862 2836 1985 2884 male
2007 2838 2274 2898 conjuratis
2295 2838 2514 2885 cessisset
2529 2870 2544 2895 ,
2565 2852 2614 2882 se

1587 2927 1760 2965 mutuo
1789 2916 2114 2964 accusabant:
2143 2937 2167 2959 «ι
2191 2915 2350 2964 multo
2371 2915 2490 2963 inde
2511 2931 2614 2962 ser·

1587 3011 1733 3043 mone
1751 2993 2080 3058 querebantur
2097 3016 2138 3042 ιο.
2168 2995 2262 3044 En.

1660 3071 1712 3120 5.
1739 3070 1819 3121 Al.
1839 3071 2100 3136 attingere.
2126 3074 2258 3122 J.v.
2278 3076 2338 3121 L.

1659 3153 1708 3200 6.
1757 3151 2064 3214 Quemquam
2098 3163 2360 3214 praterea.
2409 3151 2468 3198 ld
2513 3163 2584 3199 est
2602 3186 2617 3210 ‚

1586 3230 1860 3279 Antonium
1877 3241 2056 3293 praeter
2069 3231 2324 3288 Cesaram
2339 3230 2616 3292 oportuisse

1587 3309 1768 3358 occidi.
1793 3311 1962 3357 Lusa.

1663 3407 1714 3450 7.
1742 3389 1824 3437 ΔΙ.
1853 3404 2056 3436 vocare.
2089 3391 2142 3438 J.
2164 3390 2228 3436 V.
2251 3391 2305 3437 1..

1661 3470 1714 3518 8.
1740 3467 1822 3516 Al.
1845 3466 2072 3516 incitare.
2097 3469 2148 3516 J.
2167 3470 2227 3513 V.
2255 3467 2312 3514 L.

1659 3563 1710 3609 9.
1736 3545 1816 3593 Al.
1842 3545 2097 3609 suscipere.
2131 3550 2274 3594 Forte
2297 3545 2442 3593 etiam
2463 3544 2620 3608 legen·

1587 3624 1702 3672 dum
1749 3623 1942 3689 suscipi.
1981 3623 2134 3686 Quod
2169 3624 2221 3672 in
2255 3621 2620 3686 interpretando

1587 3703 1854 3766 sequimur.
1883 3703 1932 3750 J.
1957 3703 2019 3749 V.
2043 3703 2097 3750 L.

1663 3795 1746 3830 ιο.
1775 3783 1882 3828 Tua
1889 3777 2186 3842 familiares.
2210 3777 2430 3827 Servilia.
2449 3777 2611 3825 Coae.

1663 3877 1684 3906 1
1699 3876 1748 3908 1.
1787 3861 1892 3924 Ego
1923 3858 2140 3923 repressi.
2171 3857 2294 3915 Vel,
2327 3871 2419 3920 ego
2447 3857 2615 3904 Cicero

1585 3939 1792 4004 repressi
1829 3937 2082 3986 Serviliam
2127 3938 2196 3986 ita
2231 3935 2580 3985 exclamantem
2598 3949 2614 3982 ε

1584 4017 1690 4077 vel,
1722 4032 1816 4082 ego
1843 4016 2043 4066 Servilia
2075 4015 2283 4080 repressi
2311 4015 2510 4062 Brutum
2527 4045 2542 4069 ,
2565 4021 2614 4060 et

1588 4095 1810 4148 Cassium
1829 4094 1880 4144 id
1897 4131 1912 4156 ,
1940 4093 2076 4159 quod
2093 4094 2218 4144 dieis
2237 4093 2412 4146 Cicero
2427 4123 2442 4152 ,
2461 4091 2626 4140 facere.
