3019 4681
565 343 710 431 614
1220 346 1318 414 M.
1368 346 1447 414 T.
1493 345 2051 415 CICERONIS

561 469 767 541 mitia
802 469 878 539 in
919 490 1244 539 mensem
1290 481 1474 565 sept.
1518 468 1786 563 rejecta
1828 482 2017 539 sunt.
2062 466 2312 537 Scauri
2348 466 2743 561 judicium

567 576 810 646 statim
843 572 1332 647 exercebitur:
1364 575 1483 645 cui
1524 598 1659 645 nos
1696 598 1848 646 non
1890 573 2271 647 deerimus,
2308 569 2747 659 Συνδείπνους

568 686 939 776 Σοφοκλέους
963 692 1026 769 ⁷,
1057 706 1502 779 quamquam
1530 697 1663 754 ate
1690 697 1922 755 actam
1954 679 2289 752 fabellam
2319 680 2531 753 video
2560 707 2745 753 esse

559 790 855 881 festive,
893 792 1098 863 nullo
1125 791 1348 863 modo
1387 791 1713 889 probavi.
2368 818 2371 823 ·

658 901 895 973 Venio
959 915 1155 971 nunc
1206 899 1294 971 ad
1340 901 1459 990 id,
1505 900 1708 999 quod
1750 903 1996 973 nescio
2044 926 2141 973 an
2186 904 2505 1001 primum
2556 926 2741 973 esse

564 1010 922 1082 debuerit.
963 1014 1027 1081 Ο
1071 1010 1434 1107 jucundas
1475 1013 1655 1083 mihi
1698 1028 1856 1084 tuas
1900 1010 1991 1084 de
2030 1014 2401 1083 Britannia
2432 1010 2742 1085 literas!

563 1122 933 1194 Timebam
996 1125 1371 1193 Oceanum
1406 1177 1426 1210 ‚
1487 1123 1832 1196 timebam
1880 1124 2053 1194 litus
2092 1124 2363 1195 insulae.
2403 1123 2743 1221 Reliqua

564 1242 720 1302 non
758 1231 1094 1331 equidem
1139 1248 1568 1323 contemn03
1600 1234 1725 1305 sed
1755 1234 1918 1332 plus
1942 1234 2219 1306 habent
2246 1250 2487 1305 tamen
2516 1236 2738 1332 spei,

567 1366 787 1439 quam
827 1344 1138 1431 timoris,
1184 1343 1558 1441 magisque
1588 1370 1747 1416 sum
1784 1344 2133 1415 sollicitus
2179 1346 2741 1442 exspectatione

573 1472 692 1535 ea,
740 1471 961 1545 quam
995 1464 1218 1521 metu.
1255 1453 1355 1521 Te
1387 1476 1562 1523 vero
1598 1448 1919 1523 ὑπόθεσιν3
1958 1448 2317 1523 scribendi
2356 1452 2739 1548 egregiam

570 1558 842 1631 habere
887 1560 1120 1634 vide0.
1167 1564 1370 1653 Quos
1424 1577 1507 1633 tu
1542 1566 1757 1649 situs»,
1799 1587 1981 1660 quas
2026 1576 2321 1633 naturas
2362 1586 2613 1633 rerum
2656 1574 2737 1632 et

573 1670 948 1753 locorum,
1009 1698 1195 1771 quos
1235 1697 1478 1745 mores
1508 1727 1529 1761 ‚
1591 1697 1773 1770 quas
1832 1686 2125 1770 gentes»,
2178 1696 2361 1769 quas
2395 1696 2733 1769 pugnas,

573 1804 795 1877 quem
830 1806 1003 1853 vero
1049 1786 1284 1881 ipsum
1332 1783 1841 1880 imperatorem
1887 1781 2111 1853 habes
2135 1784 2163 1853 Ξ)
2190 1787 2343 1879 Ego
2388 1797 2458 1854 te
2494 1782 2737 1853 liben-

573 1903 722 1978 ter,
754 1904 839 1960 ut
875 1915 1118 1989 rogas,
1148 1889 1418 1989 quibus
1443 1889 1665 1964 rebus
1693 1893 1799 1964 vis
1818 1946 1839 1980 ‚
1867 1890 2268 1988 adjuvab03
2304 1908 2380 1964 et
2405 1890 2539 1964 tibi
2572 1918 2735 1963 ver-

577 2019 736 2086 sus,
780 2021 965 2094 quos
1001 2022 1243 2095 rogaS,
1291 2004 1508 2095 γλαῦκ’
1546 2001 1627 2081 εἰς
1670 1992 1965 2081 Αθήναςὶ)
2010 2001 2311 2071 mittam.
2360 1998 2501 2071 Sed
2540 1999 2733 2071 heus

572 2120 699 2194 tn,
744 2104 957 2177 celari
1001 2108 1250 2178 videor
1281 2132 1322 2178 a
1353 2123 1422 2179 te
1467 2134 1482 2177 :
1520 2107 2108 2204 quomodonam‚
2163 2110 2264 2180 mi
2316 2109 2576 2198 frater,
2634 2108 2733 2181 de

577 2218 844 2289 nostris
875 2217 1204 2289 versibus
1223 2218 1693 2289 CaesarPNam
1722 2224 2042 2317 primum
2069 2218 2338 2291 librum
2366 2220 2735 2319 selegisse

582 2329 870 2425 scripsit
900 2328 988 2400 ad
1019 2355 1135 2402 me
1156 2346 1357 2418 ante;
1379 2345 1450 2402 et
1477 2332 1713 2428 prima
1738 2331 1842 2402 sic
1862 2386 1881 2420 ,
1908 2345 1993 2401 ut
2008 2346 2253 2430 neget,
2274 2357 2351 2403 se
2380 2358 2475 2404 ne
2502 2356 2731 2430 graeca

651 2542 703 2587 7.
730 2519 1038 2582 Συνδιὶπνους
1064 2525 1364 2592 Σοφοκλέους.
1398 2529 1500 2590 Qui
1526 2527 1605 2576 di-

576 2616 766 2662 cantur,
777 2619 879 2652 non
903 2607 1134 2654 convenit
1154 2606 1281 2653 inter
1301 2609 1603 2669 interpretes.

579 2685 680 2733 Alii
735 2684 947 2732 fabulam
999 2685 1260 2749 Sophoclis
1311 2680 1607 2744 συνδείπνους

577 2765 760 2812 dictam
788 2764 1095 2826 intelligunt,
1131 2780 1158 2810 a
1185 2765 1372 2827 Quinto
1395 2782 1606 2816 conver·

581 2859 682 2892 sam
706 2843 858 2890 latine
875 2857 890 2904 ;
909 2843 1217 2907 improbante
1247 2845 1462 2893 Manutio
1481 2881 1494 2904 ,
1520 2847 1609 2914 qui

583 2935 727 2987 negat
753 2940 856 2970 eam
880 2925 1166 2972 Ciceronem
1191 2936 1290 2972 tsm
1319 2926 1496 2974 rustice
1519 2927 1609 2974 im-

583 3004 904 3068 probaturum
933 3005 1096 3053 fuisse.
1135 3005 1231 3053 Sed
1255 3006 1308 3052 iu
1345 3008 1513 3070 primis
1538 3024 1613 3055 re-

585 3094 772 3148 pugnat
798 3085 1000 3132 verbum
1031 3095 1228 3143 actam5
1251 3085 1389 3148 qnod
1413 3087 1612 3146 indicat,

582 3163 702 3213 huic
721 3163 896 3212 fabula
914 3199 931 3224 ,
951 3165 1012 3212 de
1027 3179 1126 3228 qus
1149 3164 1345 3222 dicitur,
1373 3167 1613 3228 Quintum

586 3243 878 3293 interfuisse.
901 3245 1073 3308 Itsque
1097 3245 1351 3293 Manutius
1380 3255 1521 3309 putat
1540 3262 1617 3294 cs-

586 3324 768 3386 piends
795 3325 942 3372 verba
969 3341 1071 3372 esse
1099 3324 1160 3372 de
1195 3324 1425 3373 convivio
1444 3361 1460 3385 ,
1509 3341 1618 3388 per-

587 3419 734 3466 quam
753 3404 900 3452 simili
919 3404 1154 3452 convivio
1178 3403 1230 3450 in
1265 3403 1428 3452 fabula
1453 3403 1619 3467 sliqus

591 3483 874 3548 Sophoclis,
903 3483 984 3531 cui
1010 3482 1284 3531 interfuerit
1309 3483 1621 3544 Quintus,et

587 3563 640 3610 in
665 3578 768 3627 qno
795 3563 918 3628 quid
941 3562 1036 3610 sibi
1053 3562 1303 3619 acciderit,
1319 3579 1621 3612 commemo-

589 3643 708 3690 rarit
728 3644 882 3691 fratri.
905 3643 1002 3692 Sed
1026 3641 1310 3704 huiusmodi
1337 3643 1621 3690 convivium

591 3725 696 3769 non
721 3735 890 3786 aptum
919 3722 1111 3770 videtur
1134 3721 1420 3786 Sophocleae
1440 3733 1619 3785 tragoe-

593 3799 707 3848 dioe.
731 3803 860 3850 Mihi
885 3801 936 3848 in
963 3811 1176 3850 mentem
1205 3811 1438 3848 venerunt
1469 3803 1619 3865 Σοφο-

587 3877 711 3935 mic
737 3880 973 3936 miniani,
1001 3880 1158 3943 Epist.
1185 3881 1262 3936 11,
1305 3881 1390 3928 ιδ.
1427 3877 1615 3927 Laudi-

592 3956 722 4006 coeni
735 3992 752 4016 ,
799 3959 1025 4022 parasiti,
1072 3959 1156 4021 qui
1199 3957 1405 4006 coenula
1449 3973 1616 4015 cause,

591 4039 816 4102 quamvis
849 4036 1080 4100 indignos
1113 4037 1348 4101 landant,
1370 4048 1420 4086 et
1457 4037 1523 4084 ab
1557 4037 1619 4084 iis

593 4127 696 4168 acts
741 4129 792 4168 et
833 4115 963 4165 diets
1007 4117 1172 4167 omnis
1213 4121 1366 4180 συφῖος
1401 4115 1533 4166 diets
1569 4126 1618 4165 et

1695 2539 1799 2576 acts
1828 2527 2057 2577 clamant.
2102 2531 2265 2578 Fuisse
2300 2545 2418 2593 ergo
2451 2529 2649 2578 videtur
2674 2531 2729 2577 in

1696 2612 1959 2666 convivio,
1998 2609 2051 2655 in
2088 2625 2245 2672 eoque
2274 2608 2503 2657 habuisse
2547 2603 2735 2658 συνδεί-

1695 2703 1835 2742 πνους
1873 2687 2131 2752 parasitos,
2170 2699 2255 2736 sut
2290 2688 2561 2752 pussiticis
2596 2697 2729 2736 certe

1696 2767 1931 2815 moribus.
1960 2769 2067 2814 Hos
2102 2767 2540 2830 quemadmodum,
2578 2783 2727 2831 qnam

1698 2845 1861 2910 lepide
1894 2857 1947 2894 et
1984 2846 2155 2894 festive
2180 2847 2400 2905 vexarit,
2428 2860 2727 2894 commemo-

1698 2937 1887 2973 nverst
1918 2925 2067 2972 freti-i.
2098 2927 2271 2988 ltaque
2305 2924 2557 2974 fatendum
2596 2941 2724 2982 ase,

1696 3003 1991 3070 respondet,
2026 3003 2191 3068 lepide
2218 3003 2279 3050 ab
2322 3019 2385 3051 eo
2416 3014 2575 3052 actem
2600 3003 2729 3052 illa-

1700 3083 1909 3132 t‘sbulnm
1946 3081 2255 3148 (frequentes
2290 3083 2423 3130 enim
2462 3093 2731 3132 occurrunt

1700 3163 1754 3208 in
1798 3162 2097 3211 comicorum
2136 3161 2317 3210 fab-:tis
2348 3162 2599 3228 parasiti),
2642 3161 2725 3211 sed

1704 3258 1811 3290 rem
1852 3242 1947 3289 sibi
1991 3242 2315 3290 nihilominus
2347 3257 2453 3290 non
2500 3241 2699 3307 probari
2716 3277 2735 3302 ,

1702 3321 1829 3369 velle
1846 3337 1899 3368 se
1914 3355 1929 3379 ,
1955 3321 2139 3368 fectum
2158 3335 2259 3368 non
2290 3338 2395 3370 esse
2415 3334 2502 3370 ent
2521 3321 2731 3377 dictum,

1702 3400 1843 3464 qnod
1892 3400 2074 3448 factum
2120 3401 2405 3466 dictumque
2448 3400 2731 3466 scripsisset.

1706 3481 1923 3528 Euam.

1783 3559 1831 3607 8.
1856 3547 2094 3607 Ῡπόθεσιν.
2120 3559 2493 3622 Argumentum.

1780 3648 1845 3701 9.·
1866 3641 2044 3688 Γλαῦκ’
2073 3637 2135 3694 εἰς
2177 3631 2379 3695 Αθήνας.
2420 3642 2587 3702 Quum
2632 3641 2731 3704 ipse

1708 3733 1875 3766 versus
1908 3719 2094 3781 optime
2122 3717 2283 3766 facins.
2313 3719 2448 3766 Infrs
2474 3718 2627 3777 dixit,
2656 3733 2731 3764 en-

1704 3797 1818 3845 dem
1843 3797 2104 3845 sententia:
2146 3799 2427 3859 «Quoniam
2448 3799 2545 3861 ipsi
2571 3799 2731 3845 fontes

1702 3878 1802 3938 jam
1822 3877 1996 3925 sitiunt
2009 3899 2055 3925 n.
2075 3877 2393 3925 Proverbium
2415 3877 2477 3924 iis
2504 3877 2565 3925 de
2590 3877 2733 3924 rebus

1704 3967 2022 4021 usurpatum,
2066 3971 2185 4020 quas
2227 3955 2292 4002 sd
2328 3973 2440 4015 eos,
2466 3957 2554 4021 qui
2578 3957 2731 4004 shun-

1704 4035 1853 4098 dant,
1895 4035 2155 4084 mittimus.
2212 4036 2406 4085 Noctua
2448 4036 2583 4082 enim
2620 4049 2733 4082 suo-s

1705 4129 1932 4193 nummos
1944 4114 2263 4164 Athenienses
2282 4113 2560 4178 signabunt.
2582 4114 2729 4164 Uu-
