3019 4681
567 318 1089 392 EPISTOLAE
1140 316 1283 387 AD
1330 311 2101 406 AITTIGUMJIII,
2159 339 2261 384 ια.
2367 313 2506 388 315

374 443 669 518 conium
724 439 1065 518 deferam.
1126 440 1347 532 Quod
1388 441 1479 512 ad
1533 463 1651 512 me
1702 439 1791 512 de
1832 443 2160 511 Varrone
2213 436 2467 510 scribis
2487 492 2509 522 ,

372 557 513 628 scis
550 578 665 624 me
700 568 867 624 ante
912 552 1317 632 orationes..
1358 565 1481 622 aut
1531 550 1804 648 aliquid
1841 549 1915 621 id
1949 574 2176 647 genus
2213 549 2507 620 solitum

372 662 693 736 scribere
716 716 737 750 ,
788 676 872 733 ut
931 664 1333 731 Varronem
1392 683 1750 759 nusquam
1813 681 2100 758 possem
2157 660 2502 730 intexere.

373 777 627 842 Postea
656 782 899 839 autem
926 791 1147 864 quam
1178 766 1327 838 haec
1350 767 1542 864 coepi
1567 761 2086 866 φιλολογώτερα3,
2107 753 2260 859 Jam
2276 768 2504 838 Varro

301 867 309 875 “
372 876 550 946 mihi
598 873 1145 945 denuntiaverat
1191 897 1524 970 maguam
1563 897 1731 944 sane
1776 886 1848 944 et
1891 897 2178 968 gravem
2221 877 2504 966 προσφώ-

370 986 608 1060 νησιν4.
642 983 1019 1053 Biennium
1055 981 1429 1077 praeteriit',
1462 997 1693 1078 quum
1722 977 1840 1048 ille
1871 971 2357 1059 Καλλιππίδης5
2391 1000 2500 1048 as-

376 1090 583 1162 siduo
626 1113 845 1162 cursu
886 1087 1215 1162 cubitum
1256 1089 1544 1160 nullum
1582 1087 2028 1188 processerit.
2075 1089 2226 1184 Ego
2263 1099 2505 1157 autem

368 1221 487 1268 me
524 1194 863 1295 parabam
902 1194 994 1265 ad
1034 1194 1146 1283 id,
1198 1193 1397 1294 quod
1443 1193 1563 1265 ille
1611 1192 1790 1262 mihi
1833 1192 2168 1278 misisset,
2205 1205 2288 1261 ut
2335 1198 2503 1280 αὐτῷ

371 1318 463 1396 τῷ
506 1307 749 1400 μέτρῳ,
792 1302 896 1372 καὶ
931 1306 1111 1372 λώϊον
1136 1296 1191 1387 ⁶,
1248 1303 1308 1370 si
1360 1297 1584 1370 modo
1640 1297 2035 1396 potuissem
2078 1324 2094 1366 ε
2145 1320 2314 1366 nam
2363 1295 2505 1366 hoc

371 1410 586 1479 etiam
639 1406 993 1479 Hesiodus
1052 1404 1431 1494 adscribit,
1491 1405 1622 1476 αἴκε
1649 1417 1676 1462 7
1741 1399 1981 1481 δύνηαι.
2038 1403 2250 1474 Nunc
2309 1400 2503 1472 illam

370 1517 505 1611 περὶ
547 1523 739 1585 τελῶν
780 1507 1062 1594 σύνταξιν
1078 1506 1133 1601 ⁸,
1184 1535 1355 1582 sane
1408 1509 1589 1582 mihi
1646 1505 2021 1607 probatam
2044 1562 2064 1598 ,
2110 1512 2334 1579 Bruto
2357 1561 2378 1596 ,
2420 1521 2506 1576 ut
2539 1589 2544 1592 ¹

351 1623 503 1694 tibi
546 1621 858 1722 placuit,
910 1619 1474 1720 despondimus;
1511 1621 1732 1718 idque
1778 1632 1862 1689 tu
1910 1643 2077 1691 eum
2119 1643 2269 1689 non
2307 1618 2504 1689 nolle

370 1727 548 1798 mihi
608 1727 969 1825 scripsisti.
1030 1729 1220 1824 Ergo
1276 1725 1471 1797 illam
1531 1721 1995 1822 ἀκαδημικὴνθ,
2045 1723 2124 1795 in
2163 1749 2310 1820 qua
2359 1722 2498 1793 ho·-

370 1837 601 1908 mines
620 1889 639 1920 ,
665 1836 950 1909 nobiles
972 1836 1077 1908 illi
1108 1835 1406 1934 quidem
1426 1891 1445 1923 ,
1482 1835 1610 1908 sed
1640 1835 1844 1908 nullo
1870 1835 2092 1908 modo
2119 1832 2501 1933 philologi,

368 1948 583 2018 nimis
632 1962 839 2020 acute
899 1947 1334 2042 loquuntur,
1386 1945 1477 2017 ad
1524 1948 1928 2018 Varronem
1963 1942 2496 2016 transferamus.

366 2056 654 2124 Etenim
697 2068 865 2124 sunt
914 2045 1243 2150 Αντιόχεια
1263 2063 1353 2140 ¹0,
1393 2077 1558 2150 quae
1604 2054 1737 2124 iste
1785 2048 1989 2122 valde
2027 2048 2309 2148 probat.
2362 2051 2496 2120 Ca-

366 2163 525 2233 tulo
579 2178 652 2235 et
700 2160 1009 2234 Lucullo
1064 2160 1235 2234 alibi
1292 2187 1778 2261 reponemus;
1828 2164 1927 2234 ita
1975 2176 2261 2249 tamen,
2308 2162 2368 2230 si
2414 2174 2498 2231 tu

367 2273 590 2347 hoc¹1
632 2274 894 2372 probas
926 2300 943 2344 z
983 2271 1219 2372 deque
1258 2297 1346 2345 eo
1382 2272 1563 2344 mihi
1596 2271 1944 2345 rescribas
1969 2270 2205 2345 velim.

461 2389 571 2457 De
634 2385 1017 2456 Brinniana
1075 2387 1411 2457 auctione
1458 2388 1704 2482 accepi
1758 2410 1799 2455 a
1847 2386 2181 2455 Vestorio
2215 2382 2493 2454 literas:

366 2497 507 2583 ait,
539 2495 692 2565 sine
726 2492 869 2565 ulla
902 2495 1391 2565 controversia
1422 2519 1577 2566 rem
1615 2492 1706 2565 ad
1740 2519 1857 2565 me
1883 2505 1941 2537 ¹²
1981 2515 2132 2567 esse
2165 2491 2498 2565 collatam

439 2648 493 2696 3.
512 2642 888 2714 Φιλολογῶτιρα..
912 2644 1207 2695 Eruditiora.
1470 2646 1529 2695 iu
1553 2656 1660 2697 not.
1689 2646 1838 2711 (pag.
1871 2642 1994 2707 173,
2023 2646 2107 2695 ed.
2144 2646 2274 2693 1805
2302 2645 2323 2709 )
2348 2643 2497 2693 alium

438 2735 490 2784 4.
536 2722 882 2793 Προσφώνησιν.
924 2724 1058 2772 Libri
1098 2723 1386 2773 destinatio-

362 2820 502 2863 nem,
535 2802 921 2865 dedicationem,
956 2815 1015 2851 ut
1054 2820 1185 2851 nunc
1221 2804 1387 2869 loqui-

364 2898 474 2935 mm·
488 2918 503 2945 ,
545 2882 781 2947 expressit
820 2896 983 2948 graeco
1025 2882 1178 2933 verbo
1191 2917 1209 2945 ,
1250 2882 1389 2948 quod

364 2960 517 3011 latino
546 2972 649 3011 nou
676 2963 859 3025 potuit.
888 2964 1039 3011 mu.

440 3044 487 3091 6.
500 3036 855 3099 Καλλιππίδης.
882 3042 1177 3107 Callippides
1198 3040 1290 3088 fuit
1306 3040 1394 3089 ali-

366 3124 476 3186 quis
512 3124 563 3171 in
598 3123 758 3173 stadio
788 3138 987 3185 cursorg
1024 3122 1135 3171 vide
1166 3124 1387 3171 Groecam

364 3202 571 3251 Anthol.
596 3202 677 3253 tit.
706 3202 769 3261 cic
793 3199 1031 3273 ἀγωνιςὰς
1056 3200 1144 3251 lib.
1166 3204 1237 3252 11.
1264 3202 1384 3253 Cas·

364 3306 437 3317 -—-·
458 3282 587 3330 Huic
612 3283 928 3348 explicationi
951 3284 1081 3331 favet
1108 3282 1309 3331 Sueton.
1332 3282 1387 3329 in

364 3358 526 3408 Tiber.
560 3377 603 3410 c.
632 3364 699 3410 38
713 3395 731 3418 ‚
762 3363 847 3426 qni
872 3362 1123 3411 Tiberium
1152 3371 1387 3410 memorat

364 3439 549 3487 dictum
579 3458 681 3489 esse
706 3436 1087 3506 Callippidem,u
1107 3456 1250 3505 quem
1277 3456 1387 3492 cur-

363 3518 508 3567 sitare
535 3535 591 3567 ac
616 3534 679 3567 ne
710 3520 863 3568 cubiti
888 3521 1085 3585 quidem
1112 3536 1387 3569 mensuram

363 3599 594 3663 progredi
638 3600 900 3665 proverbio
954 3614 1114 3665 graeco
1156 3610 1385 3647 notatum

362 3688 435 3724 est
453 3700 495 3725 ι.
527 3680 752 3726 Erasmus
777 3688 936 3726 autem
970 3679 1024 3725 in
1060 3676 1243 3741 adagiis
1272 3692 1384 3724 cum

361 3756 589 3804 Manutio
624 3759 703 3821 agi
735 3767 874 3822 putat
896 3756 957 3805 de
994 3772 1053 3803 eo
1076 3756 1383 3821 Callippide,

361 3848 507 3895 quem
534 3835 819 3883 Aristoteles
843 3846 892 3883 et
913 3834 1200 3883 Plutarchus
1224 3834 1383 3882 nomi-

361 3924 503 3971 mut,
531 3916 681 3962 mimo
704 3926 753 3962 et
768 3924 966 3963 auctore
987 3912 1189 3978 tragico.
1210 3914 1385 3962 Xeno·

360 3991 523 4055 phou,
550 3993 604 4041 in
620 3998 830 4061 Συμποσ.
852 4011 898 4043 c.
922 3994 1181 4053 3,mimum
1201 3992 1381 4058 Callip-

1473 2735 1620 2789 atque
1645 2725 1778 2773 hunc
1804 2740 1906 2775 esee
1933 2736 2088 2789 putat.
2117 2726 2240 2774 Hoec
2266 2725 2320 2773 J.
2335 2726 2401 2772 V.
2434 2727 2492 2773 L.

1474 2804 1529 2852 in
1550 2804 1698 2853 notis.
1723 2802 1817 2853 En.

1551 2884 1604 2932 6.
1631 2881 1770 2951 Αὐτῷ
1797 2886 1868 2950 τῷ
1886 2882 2074 2952 μέτρῳ,
2097 2878 2182 2933 καὶ
2205 2879 2363 2931 λώϊον.
2392 2882 2500 2931 Ea·
2570 2904 2584 2914 ·

1479 2962 1592 3011 dem
1615 2978 1840 3011 mensura
1865 2974 1916 3011 ee
1934 2960 2272 3011 cumulatiore.
2299 2962 2498 3013 Hesiod.

1556 3060 1605 3105 7.
1633 3039 1746 3090 Αἶκι
1764 3036 1952 3097 δύνηαι.
1970 3042 2031 3090 Si
2047 3040 2191 3089 modo
2201 3039 2376 3107 possis.

1555 3122 1606 3169 8.
1638 3116 1756 3188 Περὶ
1784 3124 1932 3171 τελῶν
1960 3116 2191 3179 σύνταξιν.
2224 3116 2500 3187 Definibus

1474 3200 1717 3249 ὕουσι-σω
1737 3210 1785 3248 et
1803 3200 2066 3259 Momm,
2093 3216 2230 3265 opus.

1546 3296 1596 3345 9.
1650 3266 1980 3347 Ᾰκαδημικῆν.
2039 3270 2222 3343 supple
2263 3272 2491 3334 σύνταξιν.

1473 3359 1826 3409 Academicum
1867 3358 2322 3408 commentationem
2342 3392 2358 3417 ,
2407 3372 2492 3404 eeu

1471 3436 1626 3489 libros
1659 3440 1808 3500 duos,
1841 3456 2050 3505 quorum
2083 3440 2220 3504 prior
2257 3436 2452 3487 Catulus
2475 3472 2494 3496 ,

1470 3520 1716 3583 posterior
1741 3520 1969 3567 Lucullus
1991 3518 2260 3567 dicebatur.

1549 3615 1632 3647 xo.
1655 3586 1918 3664 Ᾱντιόχιια..
1945 3600 2059 3647 Hoc
2077 3607 2151 3645 eet
2165 3634 2180 3659 ,
2207 3594 2490 3644 sententiam

1470 3678 1706 3726 Antiochi
1733 3678 1792 3725 de
1811 3678 2074 3727 Academia
2093 3674 2495 3739 complectuntur.

1552 3774 1634 3805 11.
1665 3758 1762 3805 Alii
1792 3757 1976 3805 habent
2001 3757 2123 3815 hos,-
2149 3764 2345 3821 prestat
2372 3769 2490 3803 vero

1472 3836 1620 3885 lectio
1643 3837 1865 3885 Manutii.
1891 3838 1940 3887 J.
1959 3840 2025 3886 V.
2049 3839 2104 3885 1..

1550 3932 1573 3963 1
1583 3932 1629 3965 a.
1643 3918 1759 3964 Rem
1773 3916 1846 3964 ad
1855 3933 1946 3964 me.
1957 3915 2262 3965 eoheredum
2271 3914 2490 3963 omnium

1470 3996 1708 4044 sententia
1727 3995 2008 4060 magistrum
2028 3996 2266 4046 auctionis
2289 4011 2367 4045 me
2387 4010 2492 4044 esse

360 4070 527 4141 pidem
544 4074 789 4136 nominat,
809 4076 1025 4141 quemV.
1045 4074 1106 4123 C.
1122 4072 1388 4125 Schneider
1474 4076 1812 4125 constitutum.
1841 4076 1982 4125 Mur.
2245 4090 2252 4119 1
