3019 4681
606 392 1141 464 EPISTOLAE
1190 393 1329 461 AD
1379 391 1894 476 ATTICUM,
1936 393 2105 479 XV,
2164 414 2274 487 19.
2391 389 2540 489 459

398 513 655 604 rebus,
680 529 756 587 et
790 512 1120 612 quaedam
1140 566 1161 603 ,
1193 537 1357 611 quae
1382 512 1475 587 ad
1503 537 1622 585 me
1655 514 2066 613 pertineant
2085 522 2137 585 ⁷.
2165 519 2354 587 Tuas
2380 515 2540 588 lite-

399 650 515 699 ras
548 639 912 723 exspecto.
951 622 1172 712 Vide,
1209 649 1460 722 quaeso
1481 677 1502 713 ,
1534 649 1630 696 ne
1675 622 1855 721 quid
1887 639 2160 697 temere
2196 622 2343 697 fiat.
2383 630 2541 699 Sta-

400 737 544 807 tius
579 734 864 833 scripsit
888 732 979 807 ad
1006 757 1125 805 me
1146 786 1167 822 ,
1205 734 1596 833 loquutum
1643 758 1890 807 secum
1923 759 2077 808 esse
2119 738 2208 827 Q.
2246 739 2536 808 Cicero-

400 868 571 917 nem
601 845 813 917 valde
834 860 1363 935 asseveranter,
1406 870 1484 917 se
1517 844 1670 917 haec
1701 842 1892 917 ferre
1927 870 2081 917 non
2108 869 2356 944 posse3
2385 870 2541 917 cer-

399 970 557 1027 tum
588 954 727 1029 sibi
772 979 959 1043 esse,
1002 955 1094 1027 ad
1147 960 1454 1029 Brutum
1504 970 1580 1029 et
1633 958 1956 1030 Cassium
2009 958 2335 1029 transire.
2385 962 2544 1029 Hoc

264 1134 273 1146 ,
400 1068 772 1140 enimvero
804 1090 1005 1139 nunc
1040 1066 1318 1139 discere
1352 1091 1534 1139 aveo
1573 1092 1590 1137 :
1633 1065 1778 1139 hoc
1821 1090 1996 1163 ege,
2042 1065 2224 1163 quid
2261 1066 2394 1155 sit,
2430 1067 2544 1137 in·

400 1178 777 1276 terpretari
810 1202 967 1249 non
995 1201 1319 1277 possum.
1360 1182 1602 1249 Potest
1627 1175 1902 1276 aliquid
1923 1178 2148 1249 iratus
2179 1177 2542 1265 Antoni03

400 1302 641 1385 potest
692 1287 989 1387 gloriam
1027 1312 1293 1361 novam
1330 1312 1661 1385 quaerere
1700 1314 1721 1375 ;
1789 1301 2034 1387 potest
2097 1300 2336 1359 totum
2388 1310 2544 1359 esse

399 1389 793 1491 σχεδίασμα3
830 1420 845 1463 :
888 1409 958 1465 et
988 1394 1337 1467 nimirum
1373 1394 1471 1465 ita
1498 1408 1630 1467 est.
1671 1394 1809 1466 Sed
1855 1388 2209 1467 tamen'et
2244 1418 2380 1492 ego
2415 1418 2542 1467 ve-

399 1528 608 1592 reor,
638 1518 715 1576 et
744 1518 949 1603 pater
978 1504 1457 1579 conturbatus
1475 1518 1605 1577 est.
1632 1506 1780 1580 Scit
1814 1507 2010 1577 enim
2030 1559 2051 1593 ,
2090 1530 2253 1603 quae
2290 1505 2432 1578 ille·
2449 1504 2544 1577 de

405 1608 546 1681 hoc
582 1636 599 1679 :
636 1634 921 1683 mecum
962 1606 1260 1707 quidem
1294 1610 1564 1708 ἄφαταθ
1595 1607 1792 1682 olim.
1828 1611 2082 1699 Plane,
2120 1609 2304 1708 quid
2336 1610 2546 1699 velit,

403 1720 671 1792 nescio.
706 1718 1177 1793 A‘Dolabella
1199 1720 1540 1793 mandata
1557 1719 1850 1793 habebo
1876 1776 1896 1811 ‚
1937 1745 2103 1819 quae
2131 1721 2326 1795 mihi
2349 1712 2546 1793 vide·

400 1826 721 1921 buntur,
757 1830 831 1903 id
863 1846 971 1905 est
994 1887 1015 1921 ‚
1052 1831 1253 1904 nihil.
1297 1832 1437 1905 Dic
1472 1830 1692 1922 mihi,
1724 1835 1804 1905 C.
1828 1832 2188 1905 Antonius
2223 1830 2547 1903 voluitne

400 1937 558 2013 fieri
624 1940 1059 2041 septemvir?
1106 1940 1241 2015 fuit
1285 1957 1483 2016 certe
1538 1941 1804 2041 dignus
1823 1952 1912 2015 ¹⁰.
1964 1946 2074 2014 De
2107 1940 2548 2038 Menedemo

401 2066 551 2142 est,
604 2066 690 2123 ut
720 2052 994 2126 scribis.
1032 2055 1272 2127 Facies
1314 2055 1562 2127 omnia
1603 2052 1787 2127 mihi
1821 2068 2018 2129 nota.

475 2246 525 2294 ⁷·
545 2230 629 2280 Al.
654 2231 965 2297 pertinerent.
991 2234 1025 2283 J
1029 2268 1043 2282 .
1056 2237 1123 2284 V.
1145 2238 1206 2284 L.
1589 2250 1670 2285 ιο.
1708 2233 1824 2283 Fm'e
1862 2246 1992 2284 certe
2043 2232 2242 2303 dignus.
2297 2232 2549 2283 Antonius
2594 2296 2603 2307 ι

476 2312 527 2361 8.
563 2305 863 2382 Σχιὸἵασμα.
902 2314 1131 2366 subitum
1162 2314 1421 2365 eonsilium
1508 2314 1662 2364 hono
1689 2330 1898 2380 nequam
1923 2313 2101 2380 dignus
2135 2324 2209 2364 est
2243 2314 2330 2378 qui
2366 2314 2420 2362 in
2433 2310 2444 2319 ⁸
2461 2328 2541 2363 ιο-

402 2402 449 2440 et
474 2393 865 2444 tumultuarium.
1511 2395 1738 2446 cientem
1776 2394 1974 2444 illorum
2008 2393 2264 2444 hominum
2290 2391 2546 2459 improbo·

472 2487 523 2536 9.
545 2457 739 2538 Ᾰφαταε
767 2475 883 2523 Non
901 2473 1115 2523 dicenda
1132 2491 1322 2524 meeum
1344 2475 1426 2523 lo·
1512 2493 1622 2525 rum
1643 2511 1660 2536 ,
1713 2476 1804 2541 qui
1854 2475 2036 2524 nivium
2090 2490 2233 2540 agnos
2283 2473 2508 2524 divident
2527 2509 2551 2537 ,

400 2561 583 2616 quutus
606 2565 680 2602 eut
699 2554 821 2603 olim
841 2558 905 2620 Q.
926 2565 1080 2621 pater.
1100 2556 1244 2605 Mu«.
1512 2557 1830 2606 adsciscatur.
1855 2556 2032 2605 Gur.

1055 2913 1657 2994 EPISTOLA
1709 2915 1897 2993 XX.

404 3083 493 3138 De
518 3080 791 3158 periculis
816 3079 1153 3160 reipublicae
1184 3079 1259 3140 ab
1287 3082 1547 3140 Antonio
1574 3081 2050 3156 imminentibus3
2093 3097 2152 3142 et
2187 3083 2264 3142 de
2301 3083 2419 3142 suis
2444 3102 2545 3140 ra-

484 3175 740 3236 tionibus
780 3176 1173 3256 expediendis.
1204 3178 1321 3257 (In
1360 3177 1725 3251 Tusculano,
1755 3197 1912 3238 anno
1948 3182 2022 3240 U.
2065 3181 2132 3240 C.
2166 3197 2316 3256 709,
2349 3196 2548 3240 mense

504 3293 661 3332 umo.

475 3293 501 3350 J
682 3271 704 3354 )
1072 3371 1384 3437 CICERO
1443 3373 1768 3439 ATTICO
1825 3373 1891 3439 S.

500 3525 637 3592 Est
682 3521 943 3618 gratias
985 3525 1355 3612 Vecten03
1398 3521 1583 3594 nihil
1627 3524 1818 3595 enim
1863 3522 2106 3622 potuit
2131 3520 2545 3595 humanius,

403 3630 791 3704 Dolabellae
817 3631 1157 3706 mandata
1191 3635 1335 3705 sint
1369 3631 1717 3730 quaelibet
1754 3661 1771 3701 ε
1814 3631 1997 3703 mihi
2030 3629 2304 3728 aliquid
2329 3641 2350 3674 ¹
2377 3684 2398 3720 ,
2434 3631 2549 3720 vel

402 3743 604 3842 quod
640 3744 853 3818 Niciae
872 3755 903 3788 ²
938 3747 1297 3816 nuntiem.
1332 3745 1514 3834 Quis
1539 3743 1734 3816 enim
1753 3741 1908 3814 haec
1923 3797 1942 3830 ‚
1965 3756 2048 3812 ut
2069 3739 2322 3812 scribis
2337 3795 2356 3828 ‚
2381 3756 2552 3814 ante

478 3931 523 3964 1.
552 3915 684 3964 Mihi
704 3915 915 3980 aliquid.
933 3917 1157 3968 Muretus
1172 3915 1429 3981 probabat,
1518 3916 1622 3963 xlx
1655 3911 1882 3978 pluribus
1907 3913 2024 3977 egit.
2061 3912 2224 3974 Huius
2251 3911 2397 3960 etiam
2421 3913 2554 3962 inter

403 4019 427 4036 u
442 3995 592 4044 modo
619 3995 830 4060 aliquid,
855 3996 937 4044 vel
960 3995 1095 4061 quod
1110 4030 1125 4056 ,
1152 4007 1247 4044 ete·
1260 4017 1304 4046 a.
1518 3993 1856 4060 grammaticos
1899 3992 2046 4042 vitam
2081 3991 2250 4041 scribit
2285 3993 2548 4041 §amonius

476 4090 527 4123 α.
548 4073 721 4125 Nicia.
748 4075 983 4140 Intelligit
996 4075 1221 4125 Curtium
1236 4074 1429 4124 Niciam
1517 4074 1855 4141 Tranquillus,
1883 4089 1972 4122 seu
2003 4074 2304 4140 quicunque
2336 4071 2434 4120 fuit
2455 4072 2541 4136 qui

407 4147 621 4204 nobilem
664 4155 1029 4218 grammaticum
1044 4193 1061 4220 ,
1099 4155 1161 4204 de
1204 4171 1307 4220 quo
1333 4153 1424 4206 lib.
1515 4156 1734 4208 libellum
1749 4155 1890 4205 illum
1909 4151 2218 4218 conseripsit.
2230 4151 2452 4201 Ducebat
2468 4167 2548 4199 au·
