3019 4681
609 373 1126 445 EPISTOLAE
1175 371 1316 441 AD
1363 372 1455 463 Q.
1501 370 2023 459 FRATREM,
2058 372 2129 457 1,
2180 394 2247 441 2.
2352 366 2494 449 553

360 520 654 571 movere
697 493 1012 582 solebat,
1049 516 1282 589 quum
1306 491 1727 580 audiebam,
1762 493 1967 566 illum
2001 490 2167 591 plus
2201 492 2395 591 apud
2422 507 2503 565 te

363 632 574 706 posse
591 660 614 695 ‚
662 629 884 703 quam
931 603 1236 700 gravitas
1287 604 1492 676 istius
1532 605 1757 676 aetatis
1784 658 1805 691 ‚
1864 618 1939 675 et
1993 604 2279 701 imperii
2326 626 2505 701 pru-2

363 719 610 791 dentia
649 714 1080 813 postularet,
1119 737 1338 810 quam
1393 715 1665 787 multos
1714 713 1907 785 enim
1956 736 2244 803 mecum
2278 714 2505 809 egisse

363 842 576 927 putas
591 880 613 915 ,
637 842 724 897 ut
747 846 824 897 se
857 825 1082 926 Statio
1109 823 1741 897 commendarem?
1761 822 2239 921 quammulta
2260 836 2503 893 autem

363 936 607 1030 ipsum
635 935 870 1026 ἀφελῶς
889 933 920 983 4
965 954 1254 1007 mecum
1294 930 1373 1005 in
1404 953 1739 1001 sermone
1774 933 1877 1001 ita
1902 928 2330 1028 protulisse,
2366 957 2401 993 α
2426 928 2505 1000 id

365 1038 594 1113 mihi⁵
629 1066 780 1113 non
817 1040 1132 1138 placuit;
1168 1042 1459 1128 monui,
1485 1041 1715 1129 suasi,
1756 1038 2127 1112 deterrui?
2152 1069 2185 1105 n
2216 1037 2505 1131 Quibus

367 1152 444 1223 in
487 1150 712 1227 rebus
769 1152 1048 1225 etiamsi
1083 1148 1390 1223 fidelitas
1427 1176 1708 1223 summa
1757 1164 1869 1223 est
1918 1148 2167 1249 (quod
2211 1172 2509 1247 prorsus

368 1259 630 1347 credo,
665 1262 1019 1357 quoniam
1064 1273 1146 1331 tu
1185 1262 1286 1332 ita
1319 1258 1688 1357 judicas),
1724 1275 1971 1333 tamen
2024 1261 2298 1358 species
2353 1262 2511 1357 ipsa.

370 1384 522 1441 tam
549 1374 846 1468 gratiosi
870 1367 1142 1459 liberti,
1176 1383 1302 1442 aut
1327 1371 1559 1459 servi,
1596 1370 2015 1469 dignitatem
2044 1367 2317 1442 habere
2350 1368 2513 1439 nul-

368 1478 514 1550 lam
553 1492 816 1577 potest.
860 1484 1098 1577 Atque
1131 1478 1275 1552 hoc
1311 1481 1414 1551 sic
1456 1479 1725 1552 habeto
1754 1481 1977 1577 (nihil
2012 1481 2207 1552 enim
2242 1504 2375 1551 nec
2402 1493 2511 1551 te-

369 1612 568 1661 mere
610 1588 850 1662 dicere
869 1644 890 1677 ,
954 1614 1092 1662 nec
1131 1604 1368 1663 astute
1415 1590 1718 1663 reticere
1756 1587 2087 1684 debeo),
2137 1592 2513 1661 materiam

372 1723 666 1778 omnem
699 1723 1119 1775 sermonum
1140 1724 1434 1787 eorum,
1465 1700 1595 1797 qui
1623 1698 1719 1773 de
1754 1714 1827 1773 te
1859 1698 2236 1773 detrahere
2250 1697 2513 1785 velint,

373 1812 682 1883 Statium
727 1810 1050 1900 dedisse;
1102 1825 1176 1883 et
1215 1824 1428 1885 antea
1473 1823 1759 1883 tantum
1808 1807 2109 1906 intelligi
2150 1807 2468 1904 potuisse
2488 1858 2513 1893 ‚

370 1918 639 1992 iratos⁴5
668 1936 808 1997 tuae
837 1921 1200 1994 severitati
1218 1944 1374 1995 esse
1400 1918 1831 2007 nonnullos3
1870 1918 2011 1991 hoc
2032 1917 2513 2003 manumisso,

377 2029 610 2118 iratis,
644 2028 846 2128 quod
886 2030 1400 2128 loquerentur,
1441 2054 1595 2101 non
1634 2028 1968 2107 defuisse.

470 2142 686 2213 Nunc
715 2139 1178 2275 respondebo
1195 2140 1288 2212 ad
1316 2164 1435 2213 eas
1461 2141 1835 2239 epistolas,
1868 2162 2047 2239 quas
2074 2136 2251 2209 mihi
2279 2132 2517 2208 reddi-

373 2248 484 2321 dit
531 2255 614 2321 L.
661 2254 928 2323 szius
971 2252 1188 2349 (cui,
1227 2253 1575 2349 quoniam
1632 2252 1731 2323 ita
1786 2265 1857 2323 te
1904 2249 2091 2321 velle
2138 2247 2463 2344 intelligo
2492 2298 2519 2330 ,

373 2359 582 2432 nullo
622 2360 786 2432 loco
828 2359 1128 2459 deero),
1181 2385 1494 2459 quarum
1530 2363 1752 2434 altera
1794 2372 1903 2434 est
1940 2362 2031 2433 de
2073 2357 2467 2432 Blandenio
2485 2367 2517 2412 ⁷

377 2470 744 2559 Zeuxide,
792 2495 1011 2568 quem
1047 2469 1300 2544 scribis
1351 2474 1831 2544 certissimum
1884 2470 2336 2544 matricidam
2383 2465 2521 2539 tibi

377 2605 422 2652 a
453 2606 574 2654 me
605 2582 862 2653 intime
885 2581 1400 2654 commendari.
1433 2585 1595 2673 Qua
1622 2581 1715 2654 de
1743 2607 1855 2670 re,
1889 2597 1963 2655 et
1981 2581 2073 2653 de
2091 2581 2233 2651 hoc
2255 2602 2523 2677 genere

377 2703 574 2779 tot0,
611 2715 707 2762 ne
741 2689 932 2762 forte
979 2714 1096 2761 me
1131 2691 1208 2762 in
1245 2695 1533 2764 Graecos
1566 2706 1711 2764 tam
1749 2689 2213 2764 ambitiosum
2249 2688 2521 2760 factum

380 2822 534 2870 esse
565 2801 859 2886 mirere,
899 2823 1130 2898 pauca
1185 2817 1565 2898 cognosce.
1617 2806 1771 2899 Ego
1818 2827 2051 2898 quum
2100 2803 2519 2870 Graecorum

383 2905 715 3005 querelas
757 2911 1064 2980 nimium
1099 2909 1336 2981 valere
1371 2911 1709 2982 sentirem
1739 2965 1759 3000 ,
1798 2926 2100 3010 propter
2133 2909 2521 2980 hominum

380 3019 669 3116 ingenia
705 3017 794 3090 ad
819 3018 1216 3092 fallendum
1239 3035 1517 3117 parata,
1544 3044 2049 3117 quoscumque
2083 3018 2173 3090 (le
2200 3033 2273 3090 te
2310 3017 2521 3114 queri

382 3127 667 3213 audivi,
733 3153 1198 3226 quacumque
1258 3133 1464 3228 potui
1520 3133 1800 3201 ratione
1844 3130 2137 3225 placavi.
2198 3129 2523 3197 Primum

383 3236 948 3336 Dionysipolitas
967 3237 998 3283 ⁸
1024 3292 1044 3324 ‚
1083 3245 1213 3337 qui
1255 3255 1459 3312 erant
1488 3240 1955 3311 inimicissimi
1984 3240 2127 3308 mei
2149 3247 2181 3294 9
2199 3292 2220 3324 ‚
2264 3236 2481 3307 lenivi
2503 3261 2525 3305 z

382 3371 702 3444 quorum
715 3350 1118 3448 principem
1135 3351 1612 3450 Hermippum
1639 3361 1702 3395 ¹⁰
1734 3371 1886 3420 non
1922 3348 2158 3418 solum
2189 3369 2532 3416 sermone

455 3557 510 3607 4.
539 3533 748 3614 Ᾰφιλῶς.
773 3551 933 3610 Τιιιο,
961 3566 1147 3600 secure.
1401 3524 1414 3536 δ
1565 3550 1615 3600 8.
1648 3546 2048 3612 Dionysipolieas.
2078 3547 2275 3612 opinor
2300 3545 2524 3594 scriben-

455 3627 510 3675 5.
542 3627 614 3674 ld
649 3627 786 3678 milti.
821 3629 982 3678 Verba
1027 3640 1170 3688 snut,
1208 3643 1318 3692 quae
1355 3629 1409 3677 in
1496 3628 1613 3676 dnm
1628 3661 1645 3688 ‚
1712 3626 2132 3690 De'onysopolt’tas.
2180 3628 2243 3673 In
2284 3624 2533 3674 veteribus

383 3721 610 3756 sermono
637 3723 750 3756 enm
771 3707 943 3757 Mum
968 3707 1246 3774 proferebat
1264 3707 1412 3756 liber-
1497 3708 1629 3756 enim
1673 3705 2046 3755 numismatibus
2092 3703 2235 3752 video
2278 3703 2487 3753 incisum
2506 3739 2525 3765 ‚

393 3795 474 3834 tus
489 3785 2055 3836 isse.A10m0n0ArrnN.
2082 3785 2329 3834 Uno-:ws-

457 3865 514 3914 ὅ.
540 3865 718 3912 Ir.aeos
741 3863 1313 3916 vidndssttiemnlih.
1335 3866 1413 3930 11,
1574 3881 1625 3928 9.
1674 3863 1789 3912 Mei.
1834 3865 1977 3911 Forte
2016 3862 2261 3924 abundat,
2306 3862 2431 3921 mei,
2472 3871 2527 3910 et

388 3941 584 4008 epistol.
617 3943 697 3993 18.
1501 3941 1921 4001 abundiendum,
1951 3942 2039 3993 eni.
2060 3943 2205 3994 Mu.
2391 3969 2407 3983 =

465 4039 516 4084 7.
567 4020 814 4070 Blaudeni
793 4039 866 4071 ιο.
909 4025 988 4072 Ex
1029 4023 1152 4073 urbe
1191 4023 1414 4082 maudo,
1580 4037 1661 4071 xo.
1680 4018 2013 4086 Hominum.
2049 4025 2129 4073 De
2140 4039 2273 4090 quo,
2288 4033 2413 4078 orat.
2428 4033 2528 4085 pm

390 4115 502 4164 qua
519 4111 594 4150 est
615 4099 671 4148 in
687 4099 913 4164 Phrygia.
940 4103 1086 4152 Mu.
1503 4101 1700 4150 Flacco.
