3019 4681
471 368 614 439 680
775 367 1311 437 EPISTOLAE
1361 367 1551 436 CIC.
1604 367 1734 435 ET
1782 367 2136 452 BRUTI,
2176 361 2301 436 ⁸15.

475 489 668 562 diem
711 489 913 560 Bruti
952 511 1223 558 nomen
1263 485 1813 558 adscriberetur.
1850 489 1936 556 In
1980 509 2217 583 eoque
2258 509 2415 558 sum
2453 511 2605 560 ma·-

410 651 416 656 —
465 601 711 698 jorum
749 597 1159 695 exemplum
1201 611 1592 693 sequutus,
1628 597 1757 693 qui
1794 595 1993 666 hunc
2036 594 2393 666 honorem
2436 621 2602 666 mu-

471 710 628 782 lieri
679 711 1028 780 Larentiae
1051 704 1114 752 ¹3
1172 706 1584 777 tribuerunt
1606 760 1623 792 ‚
1671 709 1785 777 cui
1816 703 1877 760 ¹⁴
1924 729 2054 775 vos
2091 703 2470 801 pontifices
2514 705 2605 776 ad

473 845 668 891 aram
705 819 800 888 in
865 816 1176 889 Velabro
1225 815 1460 888 facere
1507 815 1752 886 soletis
1781 810 1867 882 ¹⁵.
1927 813 2145 902 Quod
2196 839 2331 911 ego
2376 839 2599 913 quum

474 927 733 1000 dabam
765 933 1024 1014 Brut0‚
1057 941 1304 997 notam
1339 949 1492 996 esse
1523 926 1598 994 in
1626 922 1823 995 fastis
1848 924 2257 1018 gratissimae
2292 927 2605 998 victoriae

473 1041 983 1136 sempiternam
1019 1036 1370 1108 volebam.
1409 1041 1645 1132 Atque
1685 1033 1809 1104 illo
1842 1033 1957 1104 die
1986 1036 2331 1130 cognovi,
2358 1035 2603 1134 paullo

473 1149 719 1246 plures
767 1148 844 1218 in
903 1161 1156 1218 senatu
1205 1146 1582 1216 malivolos
1630 1166 1783 1214 esse
1810 1197 1829 1229 ,
1849 1175 1860 1182 -
1882 1167 2099 1239 quam
2146 1159 2411 1239 gratos,
2464 1149 2607 1216 Eos

474 1282 608 1354 per
655 1259 851 1355 ipsos
901 1256 1096 1344 dies,
1145 1255 1374 1327 effudi
1415 1254 1522 1350 (si
1566 1256 1663 1325 ita
1714 1252 1865 1347 vis)
1910 1253 2229 1325 honores
2281 1256 2353 1325 in
2408 1279 2605 1326 mor·-

473 1383 678 1455 ωοε,
711 1369 1014 1438 Hirtium
1046 1383 1114 1438 et
1145 1372 1482 1454 Pansam,
1522 1365 1857 1461 Aquilam
1900 1366 2161 1435 etiam:
2200 1365 2404 1463 quod
2442 1367 2607 1464 quis

474 1477 942 1575 reprehendit
963 1533 984 1566 ‚
1041 1479 1179 1550 nisi
1218 1480 1384 1574 qui,
1429 1475 1763 1574 deposito
1808 1490 2052 1564 metu,
2096 1478 2441 1574 praeteriti
2474 1502 2601 1576 pe·

473 1588 683 1659 riculi
728 1586 946 1659 fuerit
991 1588 1314 1660 oblitus?
1355 1585 1764 1664 Accedebat
1811 1583 1903 1656 ad
1950 1583 2283 1658 beneficii
2327 1611 2605 1660 memo.-

475 1698 652 1770 riam
697 1715 968 1796 gratam
995 1701 1178 1771 ratio
1226 1699 1382 1784 illa,
1412 1722 1572 1794 quae
1620 1697 1835 1767 etiam
1875 1700 2179 1793 posteris
2205 1713 2389 1770 esset
2416 1698 2605 1769 salu-

474 1810 688 1879 taris:
735 1824 1010 1882 exstare
1055 1809 1248 1880 enim
1297 1807 1629 1878 volebam
1677 1808 1751 1876 in
1798 1805 2327 1879 crudelissimos
2365 1807 2607 1882 hostes

473 1934 948 1990 monumenta
1000 1918 1149 1990 odii
1203 1916 1477 2015 publici
1528 1917 1983 2015 sempiterna.
2038 1919 2377 2016 Suspicor
2431 1919 2607 1991 illud

475 2029 718 2100 minus
765 2026 901 2100 tibi
944 2027 1282 2127 probari,
1327 2026 1528 2125 quod
1566 2025 1659 2098 ab
1698 2029 1839 2098 tuis
1874 2025 2382 2115 familiaribu3‚
2422 2031 2608 2127 opti-

480 2140 616 2209 mis
659 2139 797 2209 illis
840 2139 1138 2236 quidem
1177 2141 1388 2225 viris,
1415 2136 1542 2210 sed
1581 2139 1659 2207 in
1693 2135 2064 2234 republica
2084 2136 2423 2228 rudibus,
2454 2164 2607 2212 non

477 2247 927 2347 probabatur
949 2246 1036 2336 ¹⁶,
1085 2249 1322 2347 quod,
1361 2262 1444 2319 ut
1463 2249 1708 2321 ovanti
1726 2249 2027 2319 introire
2051 2253 2305 2321 Caesari
2328 2250 2605 2340 liceret,

474 2358 935 2431 decreverim.
975 2366 1126 2458 Ego
1163 2354 1402 2432 au'tem
1435 2358 1602 2455 (sed
1634 2384 1798 2429 erro
1827 2359 2165 2449 fortasse3
2205 2385 2337 2432 nec
2362 2375 2607 2434 tamen

474 2470 534 2539 is
569 2493 766 2553 sum,
811 2486 896 2541 ut
937 2495 1096 2541 mea
1133 2494 1246 2541 me
1285 2471 1593 2545 maxime
1627 2467 2033 2565 delectem)
2074 2469 2255 2540 nihil
2292 2469 2471 2542 mihi
2506 2474 2608 2541 vi-

475 2576 652 2648 deor
678 2576 822 2648 hoc
855 2577 1050 2649 bello
1089 2581 1388 2651 sensisse
1427 2577 1875 2675 prudentius
1914 2584 2062 2651 Cur
2098 2596 2336 2653 autem
2370 2584 2469 2653 ita
2500 2584 2610 2669 sit,

477 2685 950 2781 aperiendum
977 2697 1038 2744 ¹⁷
1105 2714 1255 2759 non
1321 2701 1431 2759 est
1449 2740 1480 2773 ‚.
1532 2712 1623 2757 ne
1686 2693 1911 2784 magis
1964 2687 2206 2761 videar
2262 2692 2607 2788 providus

479 2790 698 2865 fuisse
719 2848 738 2883 ,
783 2819 1000 2893 quam
1039 2813 1304 2893 gratus.
1343 2802 1498 2867 Hoc
1534 2796 1769 2891 ipsum
1792 2852 1813 2886 ‚
1842 2800 2169 2873 nimium.
2207 2804 2449 2892 Quare
2476 2803 2608 2875 alia

475 2902 865 2975 videamus.
906 2911 993 2977 D.
1021 2912 1245 2979 Bruto
1279 2906 1564 2978 decrevi
1585 2903 1934 2994 honores,
1972 2910 2256 2981 decrevi
2293 2918 2369 2984 L.
2401 2914 2609 2985 Plan·

551 3054 632 3103 13.
652 3057 915 3106 Larentia.
933 3058 1058 3121 Quae
1077 3059 1268 3123 populo
1291 3074 1494 3107 romano

474 3135 1494 3196 .gros‚'runoem‚s‹2murium‚1.ineerinm‚

479 3222 530 3259 et
554 3211 795 3260 sonnium
825 3215 1021 3279 reliquit
1043 3230 1056 3263 τ
1095 3232 1158 3263 ex
1179 3232 1279 3281 quo
1305 3228 1381 3267 est
1408 3234 1492 3265 an-

476 3290 588 3337 nuis
609 3292 1026 3353 parentationibm
1046 3293 1304 3343 honorata.
1317 3299 1496 3356 Varro,

478 3366 686 3415 Ovidius
699 3402 714 3427 ,
751 3370 1034 3421 Macrobius
1047 3408 1062 3433 ,
1104 3375 1296 3423 Satum.
1332 3375 1419 3423 lib.
1453 3378 1494 3423 1.

479 3446 628 3495 Mun.

555 3533 635 3580 ¹4·
664 3524 766 3573 cai.
789 3526 926 3577 Vict.
945 3541 994 3578 et
1011 3532 1148 3579 Mau.
1175 3533 1332 3595 cujus.

555 3602 633 3649 15.
669 3602 803 3653 Edd.
841 3620 918 3668 pr.
957 3606 1149 3655 addunt
1181 3609 1494 3677 sacraficium.

559 4083 577 4117 ι
591 4084 637 4131 7.
670 4029 994 4137 horiendum
1011 4090 1110 4133 ῃοη
1137 4092 1226 4129 est.
1264 4082 1400 4143 Quid
1427 4054 1497 4131 si-

1585 3056 1785 3120 guificat
1802 3061 1827 3106 Ρ
1849 3060 1947 3108 hoc
1967 3062 2177 3124 opium-3
2206 3062 2320 3111 ideo
2350 3082 2401 3112 se
2422 3066 2475 3114 id
2502 3082 2609 3115 sen·

1583 3139 1703 3185 sisse
1716 3172 1731 3197 ,
1756 3154 1859 3186 non
1888 3151 1987 3188 tam
2016 3152 2073 3187 ut
2105 3156 2200 3205 pro
2224 3140 2467 3193 beneflcio
2504 3160 2609 3209 gra-

1584 3216 1701 3265 tiam
1724 3218 1952 3277 referret,
1992 3236 2136 3283 quam
2174 3231 2231 3269 ut
2271 3222 2601 3284 Octavianus,

1584 3296 1827 3345 ovationis
1873 3298 2062 3346 honore
2102 3298 2297 3348 illectus
2313 3336 2326 3359 ,
2350 3302 2404 3349 in
2438 3302 2607 3353 urbem

1584 3376 1764 3425 rediret
1780 3412 1795 3437 ,
1816 3378 2073 3441 statimque
2085 3412 2103 3435 ,
2128 3390 2187 3426 ut
2224 3395 2331 3427 mos
2354 3392 2486 3439 erat,
2514 3382 2609 3429 im·

1582 3455 1769 3519 perium
1800 3455 2063 3520 deponeret
2090 3472 2105 3506 :
2150 3458 2312 3523 itaque
2339 3461 2445 3520 ejus
2476 3476 2609 3509 exer-

1584 3535 1711 3583 eitus
1745 3535 1808 3582 ad
1844 3534 1990 3583 alium
2046 3538 2461 3588 transferrentur:
2498 3554 2609 3603 qne

1588 3614 1758 3663 fuisset
1770 3616 1891 3679 reip.
1906 3632 2089 3663 summa
2104 3617 2291 3667 enutio.
2316 3618 2607 3669 Timendum

1588 3694 1716 3741 em'm
1732 3704 1848 3754 erat,
1865 3694 1921 3741 id
1940 3694 2075 3757 quod
2094 3697 2271 3755 evenit,
2299 3714 2359 3745 ne
2376 3698 2609 3745 Octavia·

1479 3796 1501 3807 -
1588 3788 1710 3829 nus,
1738 3790 1889 3837 quum
1914 3774 2153 3821 exercitus
2174 3777 2228 3823 in
2255 3791 2341 3825 sua
2367 3786 2607 3841 potestate

1587 3850 1785 3899 haberet
1795 3886 1812 3911 ‚
1828 3851 1893 3899 nd
1912 3854 2297 3916 persequendum
2314 3856 2465 3920 patris
2478 3872 2611 3903 mor-

1483 3962 1498 3976 .
1589 3939 1687 3977 tem
1712 3930 1924 3980 animum
1940 3944 2263 3983 converteret.
2290 3938 2401 3983 Hoe
2422 3944 2495 3981 est
2512 3947 2611 3996 rut

1586 4008 1788 4072 opinor,
1834 4012 1889 4057 in
1926 4026 2029 4073 quo
2053 4028 2103 4058 se
2138 4012 2311 4062 Cicero
2346 4013 2609 4076 providum

1586 4085 1732 4135 fuis-0
1750 4086 2007 4151 significat.
2042 4090 2184 4141 Man.
