3019 4681
724 366 1260 440 EPISTOLAE
1311 375 1448 443 AD
1500 379 2008 468 ATTICUM,
2054 389 2154 472 X,
2206 393 2273 474 4.
2436 395 2555 466 ι3ῑ

433 487 744 556 maxime
787 487 988 584 quod
1036 489 1322 564 lictores
1355 494 1720 570 haberem.
1759 504 2110 577 Laudavit
2154 514 2561 590 consilium.

430 597 626 689 Quid
677 599 898 695 ergo?
945 600 1289 696 inquam:
1339 626 1511 676 nam
1565 610 1743 680 mihi
1790 634 2041 686 cursus
2086 620 2165 688 in
2218 624 2565 696 Graeciam

431 731 562 803 per
592 722 788 778 tuam
818 711 1260 806 provinciam
1292 727 1434 802 est3
1477 721 1821 814 quoniam
1860 723 1953 794 ad
1987 749 2184 800 mare
2218 755 2564 828 superum

431 817 690 890 milites
735 833 922 889 sunt.
971 819 1168 909 Quid
1215 821 1757 930 mthQinquit,
1804 837 2167 930 optatius?
2208 843 2360 913 Hoc
2404 843 2567 916 loco

429 927 656 998 multa
713 927 1250 1026 perliberaliter.
1317 939 1505 1032 Ergo
1540 929 1713 1010 'hoc
1784 941 2083 1038 quidem
2146 963 2257 1020 est
2320 953 2566 1049 profe-

427 1050 623 1106 ctum
646 1038 738 1124 ⁴⁰,
775 1051 859 1107 ut
902 1033 1052 1110 non
1095 1039 1316 1114 modo
1359 1057 1559 1134 tut0,
1602 1073 1857 1120 verum
1902 1055 2116 1126 etiam
2162 1059 2397 1155 palam
2442 1089 2564 1135 na·
2661 1121 2665 1124 -

425 1147 848 1243 vigaremus.
871 1149 1175 1246 Reliqua
1210 1154 1286 1222 in
1317 1168 1689 1250 posterum
1716 1157 1908 1230 diem
1938 1159 2250 1236 distulit:
2280 1194 2369 1239 ex
2396 1175 2563 1268 qui-

425 1253 564 1328 bus
601 1254 910 1330 scribam
937 1259 1030 1330 ad
1063 1274 1172 1349 te,
1209 1266 1270 1332 si
1308 1265 1487 1361 quid
1522 1267 1663 1344 erit
1689 1272 1992 1366 epistola
2022 1271 2345 1373 dignum.
2380 1286 2563 1355 Sunt

423 1381 666 1438 autem
686 1421 706 1452 ‚
750 1392 912 1465 quae
948 1371 1302 1467 praeterii:
1333 1375 1937 1474 interregnumne
1978 1399 2161 1456 esset
2200 1392 2561 1486 exspectass

424 1491 664 1565 turus;
709 1483 910 1568 an41,
955 1481 1336 1578 quomodo
1373 1484 1677 1558 dixerim
1696 1491 1810 1560 4²?
1842 1491 1951 1563 Ad
1988 1517 2065 1564 se
2105 1495 2227 1568 ille
2265 1501 2564 1595 quidem

419 1584 688 1660 deferri
743 1589 1206 1662 consulatum
1231 1645 1252 1679 ‚
1307 1594 1436 1666 sed
1489 1619 1567 1668 se
1609 1597 1803 1672 nolle
1855 1603 1933 1672 in
1977 1606 2390 1700 proximum
2432 1636 2560 1682 an-

418 1721 618 1767 num.
663 1702 752 1770 Et
791 1699 926 1770 alia
962 1715 1164 1791 sunt,
1205 1726 1365 1799 quae
1395 1709 1796 1802 exquiram.
1828 1710 2124 1782 Jurabat
2142 1711 2209 1765 4³
2252 1715 2339 1786 ad
2368 1743 2562 1790 sum·

486 1969 571 2017 4ο.
595 1958 989 2025 Estpnffeetum,
1011 1961 1108 2009 hoc
1125 1963 1321 2026 quidem
1341 1979 1440 2010 ser-

411 2055 557 2089 mons
571 2073 588 2100 ,
599 2055 744 2105 quem
760 2056 874 2088 cum
891 2040 1105 2101 Curione
1121 2041 1286 2106 habui.
1306 2042 1438 2090 Olim

410 2136 584 2168 ver-um
612 2119 855 2183 profecto.
893 2119 1042 2168 Male.
1069 2119 1283 2168 Primum
1309 2124 1438 2170 euim

409 2213 474 2248 σι
488 2197 768 2263 profectum
788 2198 973 2248 factum
996 2199 1240 2262 suspicor,
1266 2201 1435 2268 profe-

407 2289 488 2326 cto
501 2313 518 2335 ‚
560 2277 736 2326 deiude
772 2277 838 2324 ad
865 2274 1088 2344 profecto
1131 2277 1350 2328 additum
1373 2298 1437 2330 ex

407 2360 606 2423 iugenio
631 2374 821 2406 vet-mn.
845 2358 987 2404 Mu.

481 2445 565 2493 41.
603 2440 688 2487 An
698 2464 854 2485 .....
898 2438 1092 2484 Poterat
1118 2436 1298 2486 addere
1315 2453 1329 2487 :
1349 2442 1432 2489 Au

399 2518 624 2577 jussurus
647 2514 918 2563 consularia
955 2515 1150 2563 comitia
1173 2532 1202 2563 a
1223 2528 1431 2581 praetore

403 2596 610 2645 baberi?
637 2598 720 2645 An
741 2592 845 2643 fleri
881 2610 1118 2659 augurum
1151 2596 1394 2647 decretum
1415 2636 1430 2661 ,

403 2690 504 2739 quo
534 2674 611 2722 vel
629 2674 854 2723 consules
871 2689 1032 2723 creare
1053 2686 1234 2737 [ιι-εισι·
1253 2679 1425 2740 possit,

403 2755 482 2803 vel
500 2754 786 2803 dictatorem
806 2754 964 2802 dicere
977 2786 994 2813 ,
1012 2754 1098 2818 qui
1115 2754 1290 2803 deiude
1307 2772 1426 2805 cou-

400 2834 528 2883 sules
570 2834 735 2883 creet?
780 2835 1001 2902 l’oterat,
1046 2835 1246 2898 iuquam
1261 2870 1277 2892 ,
1320 2836 1424 2885 haec

399 2912 578 2961 addere
603 2924 654 2963 et
671 2912 860 2961 similia.
879 2916 1062 2961 Verum
1090 2914 1278 2974 omisit,
1312 2932 1423 2979 quae

399 2992 764 3057 scripseratjaiu
788 3003 899 3041 aute
917 2996 1023 3053 11,
1045 3009 1078 3056 9
1097 3004 1146 3043 et
1171 2994 1254 3041 15.
1273 2995 1421 3043 Hunc

395 3070 560 3119 locum
607 3070 856 3121 difficilem
893 3087 1032 3131 saue,
1067 3084 1116 3119 et
1155 3071 1211 3119 iu
1251 3075 1422 3123 ceteris

395 3150 696 3199 editionibus
737 3152 862 3199 male
908 3151 1214 3211 distinctum,
1262 3153 1334 3201 aio
1371 3162 1420 3201 et

395 3230 644 3282 Manutius
667 3241 718 3279 et
743 3230 1042 3293 Mougaltius
1069 3230 1298 3279 videntur
1327 3248 1418 3281 ex·-

393 3308 596 3373 plicare.
617 3311 768 3358 Omv.
789 3334 854 3343 —-
872 3310 1062 3359 Ernest.
1088 3326 1151 3357 ex
1173 3308 1288 3359 edd.
1314 3311 1416 3375 pri·

325 3434 332 3441 ,
393 3402 580 3437 marum
623 3390 865 3453 vestigiis,
893 3390 998 3437 haee
1027 3390 1094 3437 ita
1121 3390 1410 3440 coustituit:

392 3488 417 3510 κ
433 3470 544 3525 An,
561 3484 662 3531 quo
685 3469 838 3517 modo
881 3468 1058 3515 dixerit
1082 3468 1164 3517 ille
1189 3470 1411 3532 quidem,

390 3544 455 3593 ad
479 3562 532 3594 ae
550 3547 724 3595 deferri
743 3548 1098 3596 consulatum».
1125 3548 1178 3598 J.
1200 3552 1267 3597 V.
1293 3552 1350 3599 L.

461 3634 546 3682 4²-
566 3625 804 3673 Dixerim.
841 3626 1062 3673 Muretus
1100 3638 1150 3674 et
1184 3628 1408 3675 Graevius

388 3703 584 3753 mallent
601 3702 798 3753 diberit.
827 3703 1064 3768 Eqmdem
1085 3705 1156 3752 sic
1189 3704 1286 3768 legi
1305 3722 1404 3754 uon

387 3783 574 3831 mallem
599 3784 750 3832 modo
763 3819 780 3844 ,
799 3784 884 3833 sed
906 3798 1104 3847 prorsus
1119 3800 1316 3835 necesse
1331 3800 1406 3833 ar·

384 3858 558 3919 bitror,
577 3862 798 3913 adbibita
815 3879 896 3923 ea,
913 3876 1060 3925 quam
1091 3876 1405 3927 represeuto,

381 3938 789 4004 interpunctione.
831 3943 974 3997 Cras,
1007 3941 1169 4006 iuquit
1195 3942 1368 3991 Cicero
1385 3978 1401 4003 ,

381 4020 632 4081 aquil-am
676 4021 776 4069 hoc
817 4036 1016 4085 quoque
1041 4034 1054 4067 :
1087 4038 1184 4085 quo
1225 4024 1370 4071 modo
1385 4056 1401 4083 ‚

383 4096 561 4158 quibus
587 4099 768 4158 verbis,
795 4115 891 4164 qua
917 4111 1078 4150 mente
1097 4100 1280 4149 dit-erit
1297 4104 1400 4151 Cas·

1530 1981 1630 2024 sar,
1644 1977 1739 2016 etc.
1756 1973 1972 2016 Fortasse
1981 1971 2195 2035 aliquem
2208 1974 2427 2025 offendet
2440 1995 2559 2042 pro-

1528 2047 1741 2094 nominis
1776 2048 2022 2108 trajectio,
2041 2066 2176 2114 «quo
2204 2055 2355 2103 modo
2380 2057 2555 2107 dixerit

1526 2124 1591 2172 ad
1607 2125 1757 2174 seille
1772 2129 2024 2191 quidemn.
2044 2133 2113 2180 At
2129 2149 2232 2181 nou
2248 2135 2555 2188 abhorruisse

1524 2202 1586 2251 ab
1624 2205 1866 2266 ejusmodi
1913 2213 2277 2260 constructione
2303 2217 2553 2279 Tullium,

1523 2282 1747 2347 pluribus
1768 2287 2001 2351 exemplis
2038 2289 2335 2342 demonstrat
2352 2297 2551 2347 criticus

1521 2362 1693 2424 prime
1718 2366 1905 2426 elassis,
1941 2368 2153 2417 Thomas
2182 2372 2516 2436 Wopkensius
2534 2414 2548 2435 ,

1521 2442 1650 2488 Lect.
1675 2444 1885 2511 Tulliau.
1914 2450 1968 2507 1,
2002 2466 2029 2510 7
2061 2458 2193 2511 et93
2222 2453 2300 2511 11,
2327 2468 2376 2501 2.
2394 2456 2545 2504 Ouv.

1518 2546 1589 2556 —-
1602 2520 1699 2570 sed
1724 2524 1845 2571 nihil
1880 2528 2167 2577 mutandum
2185 2529 2257 2591 si,
2278 2543 2392 2595 post
2404 2534 2547 2582 dixe-

1516 2598 1631 2659 rim,
1665 2600 1951 2666 distinguas.
1982 2608 2073 2653 En.

1586 2680 1671 2739 43.
1692 2682 1916 2732 Jumbac.
1943 2686 2063 2733 Hoec
2090 2697 2162 2734 est
2186 2691 2421 2739 sententia
2442 2694 2537 2743 hu-

1504 2756 1588 2816 jus
1608 2757 1732 2807 loci:
1746 2762 1815 2808 Ut
1834 2778 1935 2810 uuo
1952 2762 2103 2813 verbo
2122 2765 2277 2815 dicam
2289 2802 2303 2827 ,
2316 2769 2536 2831 jurabat,

1512 2836 1648 2898 quod
1672 2838 1816 2886 facile
1834 2851 1883 2889 et
1899 2844 2003 2889 sine
2022 2843 2119 2890 ulla
2144 2847 2277 2908 gravi
2298 2864 2438 2897 causa
2455 2868 2539 2899 so-

1507 2912 1577 2961 let
1612 2916 1795 2974 facere,
1837 2920 2073 2969 Caesarem
2112 2923 2233 2970 mihi
2247 2958 2262 2985 ,
2299 2939 2531 2991 quantum

1505 3004 1638 3042 certa
1664 2998 1939 3058 conjectura
1964 3002 2151 3064 assequi
2177 3015 2226 3052 et
2242 3008 2405 3055 auimo
2422 3025 2531 3071 pos-

1503 3074 1571 3123 sit
1594 3076 1875 3139 providere,
1900 3068 2237 3128 amicissimum
2263 3100 2377 3132 esse.
2398 3086 2533 3147 Quid

1506 3153 1635 3201 enim
1649 3187 1667 3215 ‚
1694 3154 1877 3219 inquit,
1891 3157 1963 3205 sic
1978 3158 2139 3221 pergit
2158 3161 2323 3215 Curio,
2341 3162 2533 3227 scripsit

1503 3232 1580 3279 ad
1599 3248 1676 3280 me
1697 3236 1955 3283 Dolabella
1968 3242 1995 3283 ι’
2015 3236 2111 3284 hoc
2134 3248 2234 3297 est,
2255 3240 2375 3302 quid
2391 3242 2523 3291 aliud

1502 3312 1698 3375 scripsit
1722 3313 1977 3363 Dolabella
2014 3316 2076 3362 ad
2108 3332 2187 3363 me
2226 3318 2485 3368 Curionem
2504 3358 2521 3382 ‚

1501 3391 1623 3454 quid
1641 3393 1778 3441 aliud
1804 3393 1977 3442 volunt
2003 3394 2270 3443 Dolabellae
2286 3396 2439 3448 literne
2457 3400 2520 3450 ad

1497 3486 1578 3518 me
1612 3471 1765 3529 datae,
1785 3490 1931 3537 quam
1956 3475 2191 3523 caesarem
2220 3476 2312 3524 tibi
2347 3476 2523 3532 debere

1499 3566 1601 3597 esse
1624 3552 1999 3601 amicissimum?
2024 3553 2149 3601 Dico
2166 3588 2181 3613 ,
2195 3556 2381 3605 scilicet
2422 3575 2515 3623 ego

1497 3629 1669 3677 Cicero
1679 3662 1695 3689 ‚
1712 3630 1869 3693 quid?
1886 3629 2200 3697 Affirmabant,
2214 3633 2317 3681 scil·
2334 3637 2487 3687 Curio
2501 3676 2515 3699 ‚

1492 3722 1603 3753 eum
1626 3707 1851 3755 nimirum
1870 3707 2200 3772 Dolabellam,
2227 3734 2252 3754 ιι
2265 3716 2511 3779 scripsisse

1491 3784 1628 3848 quod
1655 3802 1731 3833 me
1766 3799 1963 3850 cuperet
2002 3788 2065 3835 ad
2091 3790 2273 3839 Urbem
2318 3796 2510 3857 venire,

1487 3864 1626 3911 illum
1648 3886 1674 3906 ο
1716 3864 1989 3930 (Caesarem
2020 3866 2039 3929 )
2084 3872 2258 3932 gratias
2312 3873 2507 3937 quidem

1489 3944 1719 3993 maximas
1766 3960 1905 4008 agere
1944 3943 2209 3997 Dolabell'ae
2230 3984 2247 4007 ,
2286 3966 2382 4014 pro
2415 3968 2474 3999 eo
2499 3989 2515 4011 ‚

1487 4022 1625 4087 quod
1652 4040 1729 4071 me
1760 4038 1960 4088 cuperet
1996 4028 2059 4075 ad
2092 4028 2271 4075 Urbem
2310 4030 2473 4077 venire
2502 4070 2516 4091 ,

1489 4102 1623 4165 quod
1650 4118 1726 4151 ms
1759 4104 1983 4155 incitaret
2008 4107 2071 4154 ad
2098 4106 2427 4171 redeundum,
2464 4120 2515 4157 et

2198 4216 2265 4283 9.
