3019 4681
510 448 645 522 190
1142 413 1247 490 Μ.
1296 421 1373 488 Τ.
1428 421 1990 491 CICERONIS

600 548 957 639 Quintum
996 539 1229 614 filium
1266 542 1409 614 vidi
1454 545 1586 640 qui
1625 544 1817 614 Sami
1853 541 2184 629 vidisset,
2218 555 2497 639 patrem
2535 544 2641 613 Si-

500 681 732 756 cyone
763 683 779 726 :
826 677 1141 752 quorum
1208 651 1652 751 deprecatiox
1681 667 1788 723 est
1841 651 2086 723 facilis.
2149 654 2442 722 Utinam
2500 652 2640 738 illi,

501 768 629 865 qui
666 767 868 865 prius
898 763 1103 834 illum
1132 761 1446 834 viderint
1466 759 1556 852 ²3,
1595 787 1714 834 me
1745 763 1942 860 apud
1982 787 2150 833 eum
2183 763 2406 834 velint
2443 761 2642 858 adju·

496 894 659 949 tum
704 891 989 947 tantum
1010 928 1031 961 ,
1069 887 1429 969 quantum
1466 897 1601 971 ego
1641 873 1804 944 illos
1841 871 2100 944 vellem
2121 925 2140 960 ‚
2173 871 2231 941 si
2269 871 2448 968 quid
2479 895 2642 970 pos-

502 984 689 1058 sem!
728 981 949 1075 Quod
982 1006 1231 1080 rogaS‚
1276 998 1361 1053 ut
1402 985 1481 1053 in
1513 982 1784 1054 bonam
1829 996 2108 1081 partem
2151 984 2536 1080 accipiam,
2581 984 2642 1053 si

500 1120 651 1194 qua
688 1097 834 1165 sint
870 1094 950 1162 in
988 1095 1131 1163 tuis
1176 1091 1439 1182 literis,
1476 1117 1640 1190 quae
1675 1117 1794 1164 me
1828 1090 2212 1165 mordeant
2244 1123 2260 1165 :
2299 1097 2436 1189 eg'o
2467 1117 2641 1164 vero

502 1208 581 1278 in
628 1206 1016 1303 optimam3
1064 1217 1281 1299 teque
1321 1227 1540 1300 rog0,
1575 1218 1661 1274 ut
1702 1219 1988 1302 aperte,
2027 1200 2644 1300 quemadmodum

502 1315 716 1402 faciS,
751 1312 1019 1386 scribas
1054 1312 1145 1384 ad
1178 1337 1295 1382 me
1326 1314 1598 1402 omnia,
1647 1313 1868 1410 idque
1896 1312 2109 1386 facias
2142 1337 2359 1410 quam
2405 1314 2644 1410 saepis·

504 1429 703 1498 sime.
730 1425 930 1497 Vale.
960 1449 1083 1494 x1v
1112 1421 1248 1494 kal.
1274 1423 1556 1518 januar.

574 1603 661 1650 23.
706 1597 946 1647 Viderint.
992 1599 1125 1648 Male
1151 1597 1235 1646 alii
1256 1597 1487 1646 viderent
1511 1616 1530 1646 .-
1617 1599 1903 1664 potentialis
1928 1597 2010 1646 hic
2047 1555 2291 1663 pnomtur,
2328 1615 2470 1646 causa
2509 1598 2644 1646 nulla

502 1680 720 1728 nondum
740 1680 871 1727 enim
891 1679 1126 1728 Caesarem
1138 1677 1380 1726 viderant.
1398 1679 1534 1728 Con·
1618 1687 1708 1726 est.
1744 1677 1919 1726 GMw.
1938 1703 2009 1713 -
2027 1677 2124 1725 Sed
2147 1675 2328 1725 habat
2355 1675 2505 1725 codd.
2540 1691 2643 1740 reg.

502 1759 879 1810 nam—Malim
897 1773 989 1824 ego
1002 1791 1019 1818 ,
1032 1756 1283 1806 videbunt.
1297 1757 1423 1806 Nam
1442 1773 1532 1805 cur
1617 1755 1858 1806 viderint.
1883 1759 1935 1806 J.
1952 1759 2020 1806 V.
2041 1759 2100 1806 L.

502 1919 1530 1943 mmmmmmmm

1903 1917 2232 1954 m·
2455 1917 2642 1940 §mm

1116 2086 1730 2168 EPISTOLA
1767 2087 2035 2196 vm.

494 2243 655 2303 Petit
700 2257 766 2302 ut
808 2263 870 2302 se
902 2241 1173 2300 adversus
1206 2259 1332 2314 eos,
1365 2241 1468 2320 qui
1502 2261 1566 2301 se
1597 2242 1754 2322 apud
1787 2247 2074 2302 Caesarem
2109 2259 2410 2317 accusent,
2449 2243 2649 2304 defen·

582 2342 701 2407 dat.
746 2346 821 2416 Q.
862 2339 1053 2399 fratris
1096 2339 1357 2419 iniquam
1402 2360 1540 2419 erga
1573 2360 1635 2399 se
1675 2339 2050 2408 acerbitatem
2107 2344 2392 2421 queritur.
2425 2343 2643 2423 (Brun-

582 2438 739 2509 disii,
774 2456 928 2496 anno
959 2441 1034 2496 U.
1064 2440 1131 2496 C.
1163 2438 1309 2509 705,
1331 2454 1528 2494 mense
1563 2436 1712 2511 dec.)

1185 2585 1497 2650 CICERO
1542 2586 1870 2651 ATTICO
1917 2587 1982 2655 S.

604 2721 930 2808 QUAM-is
989 2718 1181 2789 curis
1220 2716 1517 2807 afficiar,
1563 2722 1696 2790 etsi
1748 2719 2080 2818 profecto
2127 2722 2362 2811 vides»,
2405 2741 2648 2797 tamen

506 2852 907 2927 cognosces
968 2852 1062 2899 ex
1117 2832 1347 2926 Lepta
1400 2842 1473 2899 et
1528 2828 1868 2902 Trebatio
1904 2842 1953 2902 ¹.
2005 2837 2354 2907 Maximas
2399 2860 2652 2934 poenas

508 2939 753 3039 pendo
804 2940 1227 3010 temeritatis
1286 2964 1505 3023 meae;
1558 2964 1781 3036 quam
1831 2956 1916 3011 tu
1968 2943 2428 3039 prudentiam
2476 2946 2654 3018 mihi

504 3050 733 3122 videri
766 3051 875 3121 vis
903 3076 919 3118 :
954 3073 1199 3145 neque
1234 3064 1304 3119 te
1332 3049 1702 3138 deterre0‚
1733 3076 1883 3147 quo
1913 3054 2155 3124 minus
2185 3052 2257 3124 id
2286 3055 2610 3152 disputes
2631 3110 2652 3143 ‚

505 3161 923 3258 scribasque
985 3157 1077 3230 ad
1127 3182 1245 3229 me
1306 3184 1528 3256 quam
1588 3162 1996 3259 saepissime.
2053 3165 2407 3236 Nonnihil
2457 3169 2650 3237 enim

506 3296 621 3343 me
644 3272 887 3343 levant
914 3284 1055 3340 tuae
1086 3269 1309 3339 literae
1332 3268 1475 3341 hoc
1502 3284 1852 3367 tempore.
1889 3278 2022 3344 Per
2048 3298 2174 3344 eos
2191 3328 2210 3361 ‚
2249 3276 2377 3372 qui
2407 3292 2654 3347 nostra

508 3406 723 3454 causa
756 3379 1053 3468 volunt,
1106 3378 1497 3475 valentque
1547 3378 1744 3479 apud
1813 3382 2061 3471 illum,
2112 3382 2654 3482 diligentissime

512 3488 907 3563 contendas
948 3511 1136 3585 opus
1178 3502 1324 3576 est,
1358 3513 1486 3585 per
1514 3488 1818 3561 Balbum
1858 3508 1931 3563 et
1966 3497 2292 3591 Oppium
2322 3499 2655 3583 maxime,
2705 3534 2710 3539 ·

508 3619 595 3672 ut
636 3601 731 3672 de
767 3624 887 3671 me
926 3598 1243 3671 scribant
1280 3622 1501 3695 quam
1531 3600 2090 3699 diligentissime.
2124 3610 2659 3705 oppugnamur

513 3713 783 3799 enim²‚
826 3724 911 3779 ut
959 3708 1221 3799 audie,
1266 3723 1339 3780 et
1376 3712 1855 3808 praesentibus
1892 3715 2372 3812 quibusdam,
2417 3735 2491 3791 et
2529 3745 2661 3818 per

592 3910 636 3941 x.
660 3894 743 3939 Ex
777 3894 926 3955 Lepta
954 3904 1003 3939 et
1031 3890 1270 3943 Trebatio.
1311 3894 1545 3957 Quicum
1632 3887 1858 3937 malevoli
1884 3890 2108 3955 quidam,
2132 3894 2218 3959 qni
2245 3895 2420 3959 partim
2449 3912 2662 3959 praesen-

514 3972 764 4023 Brundisii
789 3984 1141 4034 convenerant,
1166 3989 1224 4020 ac
1244 3972 1419 4021 deinde
1442 3974 1546 4021 Ro·
1632 3980 1731 4016 tem
1753 3986 1830 4017 me
1849 3972 1982 4035 apud
2010 3974 2248 4022 Caeurem
2276 3974 2661 4036 calumnientur,
2685 3952 2700 3972 x

513 4070 641 4102 mam
660 4050 869 4118 profecti
894 4064 1048 4101 erant.
1074 4056 1171 4103 En.
1633 4049 1810 4112 partim
1855 4050 2007 4102 literis
2049 4070 2158 4103 eum
2185 4054 2307 4103 mihi
2339 4055 2520 4103 iratum
2545 4056 2659 4105 red-

584 4150 635 4182 2.
682 4134 1031 4198 oppugnamur
1068 4130 1211 4181 enim.
1250 4134 1374 4181 Sunt
1411 4133 1541 4181 cuim
1634 4128 1765 4179 dant.
1789 4134 1877 4179 En.
