3019 4681
1841 209 1882 220 .-

612 385 1128 469 EPISTOLAE
1173 367 1313 454 AD
1360 384 2077 469 ATTICUM,X11‚
2127 385 2242 477 47·
2365 381 2502 476 293

376 531 669 582 necesse
721 511 857 580 erit
897 536 913 577 :
967 530 1137 606 ergo
1193 505 1269 576 id
1323 504 1622 601 quidem
1647 559 1667 592 ‚
1728 517 1814 574 ut
1867 505 2154 601 poteriS.
2200 509 2309 574 De
2335 509 2509 574 Mu-

382 619 586 692 stella
609 671 631 706 ‚
671 631 755 688 ut
790 616 1041 689 scribis
1073 643 1090 685 ε
1132 617 1267 687 etsi
1300 637 1645 712 maguum
1691 635 1878 712 opus
1915 627 2024 684 est
2044 613 2097 686 4.
2139 618 2244 684 Eo
2286 615 2511 712 magis

382 727 683 801 delabor
718 727 811 798 ad
841 727 1189 798 Clodiam.
1226 727 1688 822 Quamquam
1719 725 1796 795 in
1831 738 2146 821 utroque
2182 722 2515 795 Faberia-

382 860 562 908 num
606 860 876 907 nomen
916 833 1442 934 explorandum
1475 848 1628 905 est:
1660 832 1752 904 de
1793 858 1986 933 quo,
2027 834 2210 924 nihil
2243 859 2512 906 nocue-

384 949 520 1035 rit,
567 947 627 1017 si
670 945 944 1043 aliquid
988 970 1159 1017 cum
1201 941 1425 1015 Balbo
1461 945 1604 1015 eris
1635 943 2027 1041 loquutus3
2063 959 2137 1016 et
2179 945 2514 1041 quidem,

384 1071 470 1128 ut
515 1081 631 1128 res
668 1071 816 1144 est,
866 1079 1107 1128 emere
1148 1079 1283 1126 nos
1318 1053 1502 1126 velle
1525 1108 1546 1140 ,
1591 1077 1728 1124 nec
1763 1078 1974 1150 posse
2005 1054 2159 1125 sine
2196 1056 2333 1124 isto
2379 1079 2514 1126 no-

388 1171 615 1256 mine,
659 1191 797 1238 nec
831 1165 1099 1239 audere
1128 1166 1402 1237 incerta
1418 1161 1469 1234 ⁵.
1509 1163 1651 1234 Sed
1678 1163 1972 1260 quando
1999 1155 2251 1236 Clodia
2275 1171 2518 1236 Romoe

387 1274 629 1348 futura
681 1289 830 1373 est,
892 1289 965 1347 et
1021 1278 1193 1373 quia
1235 1277 1417 1344 tanti
1473 1297 1629 1344 rem
1685 1275 2026 1361 aestimaS,
2085 1300 2173 1347 eo
2225 1298 2522 1374 prorsus

388 1399 685 1482 specto:
724 1409 873 1457 non
910 1387 1092 1482 quin
1123 1380 1305 1454 illud
1338 1381 1624 1468 malim,
1668 1382 1794 1464 sed
1827 1399 1900 1456 et
1936 1409 2196 1482 magna
2235 1411 2348 1457 res
2377 1400 2522 1471 est,

390 1510 465 1567 et
512 1492 803 1566 difficile
854 1509 1215 1566 certamen
1274 1514 1442 1564 cum
1496 1491 1766 1590 cupido
1781 1489 1838 1582 ⁶,
1896 1519 2064 1564 cum
2117 1495 2478 1596 locuplete
2502 1551 2521 1584 ‚

391 1628 559 1676 cum
612 1603 880 1676 herede
914 1631 935 1674 ε
985 1605 1119 1676 etsi
1172 1602 1263 1674 de
1312 1593 1709 1698 cupiditate
1765 1605 2037 1680 nemini
2087 1607 2524 1694 concedam3

392 1717 645 1786 ceteris
686 1714 908 1787 rebus
941 1714 1319 1786 inferiores
1357 1735 1626 1783 sumus·
1671 1712 1810 1790 Sed
1843 1713 1994 1786 haec
2022 1739 2283 1787 coram.
2319 1719 2527 1788 Hirtii

282 1871 294 1878 -
390 1824 699 1914 librum,
734 1841 818 1897 ut
856 1823 1063 1913 facis,
1097 1822 1409 1919 divulga.
1444 1825 1554 1892 De
1586 1820 1971 1894 Philotimo
1995 1877 2015 1911 ‚
2053 1823 2247 1896 idem
2277 1841 2348 1896 et
2385 1819 2524 1922 ego

396 1933 816 2006 arbitrabar.
864 1941 1185 2008 Domum
1241 1948 1443 2004 tuam
1482 1931 1711 2029 pluris
1738 1942 1765 1987 ⁷
1807 1932 2018 2004 video
2062 1931 2378 2006 futuram
2420 1939 2526 2006 vi-

394 2045 558 2117 cino
601 2044 1416 2117 Caesare.·Tahellarium
1462 2065 1708 2128 meum
1739 2040 1959 2113 hodie
1995 2058 2522 2141 exspectamus:

396 2179 533 2226 nos
572 2155 661 2226 de
696 2155 870 2226 Pilia
906 2169 979 2227 et
1012 2156 1249 2228 Attica
1284 2152 1628 2224 certiores
1664 2150 1891 2223 faciet.

395 2299 616 2349 Μαι-
626 2299 816 2365 Nempe
833 2299 885 2348 in
900 2300 1013 2349 loeo
1035 2297 1248 2365 quodam
1265 2298 1418 2345 inter-
1581 2313 1630 2358 7.
1654 2293 1830 2347 Pluris.
1853 2295 2014 2345 Video
2035 2297 2140 2347 fore
2160 2309 2216 2347 ut
2234 2297 2386 2363 pluris
2404 2299 2530 2349 nsti-

397 2379 560 2429 medio
587 2394 945 2443 congressurus.
968 2380 1064 2430 En.
1504 2386 1680 2425 matur.
1703 2378 1737 2425 J
1739 2388 1910 2425 ocatur
1945 2392 2006 2425 ex
2031 2378 2415 2443 amphibologia.
2436 2380 2530 2429 Vi-

471 2466 519 2515 4.
536 2461 774 2524 Magnum
787 2475 905 2523 opus
928 2470 1017 2508 est.
1033 2459 1103 2506 Ut
1123 2456 1421 2522 Scapulanos
1507 2456 1616 2503 cina
1637 2457 1806 2507 Attico
1819 2467 1922 2506 erat
1945 2467 2100 2506 statua
2116 2459 2315 2508 Caesaris
2332 2460 2386 2508 in
2405 2470 2529 2509 tem-

397 2535 569 2585 horto·
586 2537 845 2586 habeamus
868 2553 883 2587 ε
904 2554 1048 2602 supra
1064 2554 1144 2602 ep.
1166 2539 1248 2597 37.
1269 2538 1418 2585 ΜΔΕ.
1505 2535 1592 2599 plo
1630 2536 1826 2599 Quirini
1858 2551 1873 2585 :
1910 2536 1997 2585 sed
2040 2537 2205 2585 vicino
2245 2540 2432 2588 Caesm
2457 2539 2529 2589 sic

470 2615 521 2667 ἃ
561 2617 642 2665 Sic
665 2618 742 2665 ed.
776 2633 853 2682 pr.
880 2617 1121 2675 'Victorii3
1142 2624 1416 2681 postrema,
1504 2624 1698 2678 poterat
1725 2614 1958 2679 intelligi,
1997 2617 2136 2681 quasi
2161 2617 2266 2682 ipse
2293 2620 2453 2668 Caesar
2475 2620 2528 2666 in

400 2710 457 2743 n
474 2694 676 2746 ineerta.
698 2696 799 2744 Alii
816 2697 984 2761 legunt
1000 2695 1185 2743 incerto
1199 2729 1216 2755 ,
1237 2695 1422 2743 seilicet
1506 2694 1683 2743 vicini·
1700 2695 1856 2743 Attici
1874 2695 2076 2743 domum
2096 2697 2287 2745 emisset
2300 2733 2316 2757 ,
2333 2697 2469 2762 quod
2489 2696 2532 2745 si

399 2774 615 2824 nomine.
636 2777 690 2825 J.
707 2777 771 2827 V.
792 2778 849 2825 L.
1511 2772 1678 2821 suisset
1691 2809 1706 2832 ,
1723 2773 1790 2821 ob
1807 2776 2038 2836 majorem
2078 2774 2405 2825 celebritatem
2431 2777 2532 2826 loci

474 2854 523 2903 6.
538 2855 656 2904 Cum
680 2855 873 2920 cupido.
895 2856 1019 2904 Cum
1035 2854 1246 2903 Othone.
1258 2854 1419 2919 Epist.
1506 2850 1616 2901 fleri
1641 2864 1860 2919 poterat,
1883 2864 1939 2902 ut
1981 2854 2156 2903 domm
2189 2855 2342 2904 Attici
2377 2856 2533 2921 pluris

402 2933 473 2996 39
486 2966 503 2993 ‚
523 2942 606 2991 41.
1392 2961 1397 2965 ·
1509 2944 1650 2983 esset.
1675 2932 1792 2981 Seu.

1438 3088 1625 3109 m

1903 3086 2351 3107 mmmm
2357 3086 2538 3107 mm

917 3242 1557 3323 EPISTOLA
1613 3235 2030 3322 XLVIII.

409 3400 624 3463 Scribit
653 3423 715 3463 se
739 3404 994 3462 Atticum
1020 3402 1081 3461 in
1108 3403 1438 3463 Tusculano
1469 3414 1822 3480 exspectare.
1862 3400 1884 3481 (
1896 3404 1966 3461 In
1988 3401 2318 3460 Tusculano
2337 3442 2355 3473 ,
2384 3419 2537 3459 anno

1066 3506 1140 3561 U.
1173 3504 1235 3560 C.
1268 3502 1414 3575 708,
1452 3519 1646 3558 mense
1671 3498 1893 3577 junio.)

1088 3600 1423 3704 elcERo‘
1448 3636 1774 3703 ATrlco
1818 3637 1882 3701 s.

514 3772 719 3839 Dom
756 3782 828 3839 te
852 3765 1164 3839 libenter
1194 3788 1383 3851 esse,
1416 3762 1624 3837 facile
1653 3764 1896 3835 credo.
1930 3762 2069 3845 Sed
2095 3764 2302 3837 velim
2343 3770 2543 3850 scire,

420 3875 600 3973 quid
636 3874 767 3947 tibi
800 3890 1058 3962 restet,
1097 3889 1221 3946 aut
1256 3874 1499 3970 jamne
1531 3872 1946 3945 confeceris.
1989 3878 2140 3972 Ego
2179 3888 2252 3946 te
2291 3875 2366 3948 in
2412 3877 2550 3949 Tu·
2650 3934 2658 3945 .
2750 3859 2754 3870 ⁸

418 3985 721 4056 sculano
758 3998 1095 4086 exspecto
1119 4040 1138 4074 ,
1182 4009 1418 4082 eoque
1458 3985 1684 4083 magis
1711 4038 1730 4071 ‚
1783 3982 1984 4090 quod
2023 3986 2272 4057 Tironi
2309 3989 2548 4057 statim

422 4108 495 4167 te
545 4110 935 4202 venturum
986 4097 1369 4195 scripsisti,
1423 4110 1497 4167 et
1534 4092 1912 4183 addidisti,
1963 4110 2032 4172 te
2078 4111 2332 4194 putare
2371 4120 2558 4195 opus
