3019 4681
498 333 641 415 214
1138 335 1237 406 M.
1288 337 1365 406 Τ.
1420 336 1976 408 CICERONIS

496 455 677 527 mini
712 477 1024 552 negare:
1060 456 1312 554 quod
1292 483 1530 557 lpsum
1563 471 1673 529 est
1694 454 2186 555 suspectum-⁷⁹,
2205 459 2582 530 notionem
2600 458 2635 506 ⁶

296 519 301 529 ¹
393 629 402 637 .
497 566 655 660 ejus
672 561 964 636 differri.
993 569 1095 637 M.
1108 567 1416 660 Gallius,
1446 571 1530 659 Q.
1559 574 1632 639 F.
1653 567 2010 666 mancipia
2027 566 2364 638 Sallustio
2385 568 2628 642 reddi·-

498 676 626 748 dit.
660 682 767 748 1³⁷
804 679 1032 762 venit,
1076 692 1159 748 ut
1204 679 1524 777 legiones
1557 681 1635 749 in
1672 679 1980 751 Siciliam
2019 676 2466 749 traduceret:
2509 673 2630 750 et⁸

494 789 833 883 protinus
853 789 1168 858 iturum
1193 793 1540 861 Caesarem
1575 793 1822 860 Patris.
1854 788 2071 880 Quod
2103 789 2161 859 si
2189 787 2428 876 faciet,
2459 813 2629 885 ege,

495 895 696 994 quod
760 912 928 969 ante
982 897 1275 978 mallem
1296 953 1316 988 ,
1372 900 1618 997 aliquo
1681 901 1983 998 propius
2037 898 2392 970 accedam.
2440 902 2628 970 Tuas

490 1007 735 1079 literas
762 1008 854 1079 ad
897 1033 1057 1096 effi,
1100 1009 1368 1107 quibus
1408 1035 1449 1082 a
1494 1024 1566 1081 te
1598 1011 1930 1108 proxime
1959 1007 2341 1080 consilium
2365 1009 2586 1106 petivi
2609 1063 2629 1097 ‚

464 1117 967 1200 ,vehementer
998 1133 1361 1219 exspecto.
1387 1118 1586 1192 Vale.
1605 1143 1746 1188 ‘xvi
1770 1116 1912 1189 kal.
1947 1130 2128 1215 sept.

564 1305 617 1353 5.
661 1306 956 1370 Suspectum.
1004 1306 1054 1353 Si
1096 1321 1228 1355 nunc
1272 1306 1516 1371 aliquihuo

491 1385 769 1446 ignosceret
804 1400 945 1434 causa
974 1401 1143 1434 eorum
1170 1385 1363 1452 cognita
1384 1422 1400 1448 ,
1422 1386 1485 1434 iis
1500 1422 1516 1446 ,

492 1461 673 1526 quibus
708 1463 1004 1528 ignovisset,
1042 1463 1167 1514 nihil
1206 1464 1414 1530 amplius
1454 1464 1517 1514 ti-

490 1542 725 1590 mendum
760 1549 901 1592 emet.
938 1545 1101 1608 Quum
1138 1559 1257 1593 vero
1286 1543 1517 1594 omnibus

488 1619 713 1683 ignoscat
740 1621 989 1684 incognita
1026 1639 1168 1672 canu
1182 1657 1199 1682 ‚
1234 1634 1516 1690 suspectum

489 1699 686 1746 videtur
736 1716 855 1750 esse.
899 1703 1025 1750 Nam
1072 1703 1275 1750 omnino
1320 1717 1514 1750 oausam

491 1793 676 1836 eorum,
690 1779 775 1842 qui
802 1794 913 1826 cum
938 1780 1173 1845 Pompeio
1197 1782 1423 1841 fuerunt,
1450 1781 1516 1832 il-

487 1855 591 1904 lum
610 1857 889 1921 diligentius
906 1859 1170 1923 aliquando
1206 1861 1516 1925 cogniturum

490 1935 747 1984 verisimile
774 1947 864 1986 est.
890 1937 982 1986 En.

1676 1303 1728 1354 6.
1751 1303 1843 1352 Ms
1863 1303 2052 1362 Ursini,
2074 1302 2420 1368 cognitionem.
2439 1305 2557 1353 LV.
2575 1305 2630 1354 1..

1679 1401 1730 1446 -J,
1756 1384 1819 1432 Is.
1845 1382 2036 1446 Nempe
2055 1382 2272 1440 Gallius,
2307 1383 2394 1446 qui
2419 1382 2472 1430 iu
2495 1399 2632 1432 exer-

1603 1463 1707 1511 citu
1727 1462 1930 1511 Caesaris
1953 1461 2178 1510 tribunus
2201 1473 2323 1512 erat.
2361 1463 2453 1512 En.

1675 1545 1725 1595 8.
1763 1543 1988 1592 Correxit
2013 1541 2214 1593 Lallom.
2247 1558 2274 1592 e
2296 1542 2421 1590 MSS
2455 1541 2630 1608 regiis,

1605 1637 1704 1672 eos.
1723 1624 1772 1672 J.
1792 1622 1856 1670 V.
1881 1621 1938 1667 1..

1675 1717 1725 1764 9.
1753 1703 1965 1748 Itur-um.
2001 1698 2210 1748 Nuntiat
2240 1698 2525 1759 Sallustius,
2553 1698 2633 1746 vel

1603 1779 1896 1835 arbitrantur
1917 1778 2156 1828 homiues.
2183 1778 2348 1830 Coun.
2375 1803 2445 1814 —
2472 1779 2633 1830 eamr

1605 1868 1726 1906 tune
1761 1859 1811 1906 in
1844 1858 1960 1905 Asin
1984 1867 2115 1918 erat,
2145 1857 2280 1905 unde
2314 1855 2367 1904 iu
2395 1857 2631 1906 Groeciam

1605 1938 1779 1988 iturus.
1807 1939 1905 1989 Bo.

1113 2312 1712 2395 EPISTOLA
1764 2315 2013 2399 XXI.

466 2481 581 2550 'De
620 2494 693 2562 Q.
729 2490 924 2547 fratris
962 2490 1238 2569 epistola;
1284 2489 1359 2547 de
1394 2489 1682 2549 Terentiae
1727 2502 2096 2563 testamentm
2142 2490 2216 2549 de
2249 2490 2490 2549 Caesaris
2517 2489 2630 2548 ad-

566 2598 773 2657 ventu3
801 2585 1051 2662 denique
1071 2594 1133 2643 se
1154 2584 1299 2645 nihil
1327 2596 1428 2641 aut
1452 2584 1645 2643 facere
1661 2604 1726 2643 se
1752 2584 1991 2663 dignum
2007 2629 2024 2657 ,
2041 2598 2144 2645 aut
2163 2586 2435 2644 simulare
2461 2604 2630 2675 posse

570 2682 853 2762 queritur.
889 2678 1430 2762 (Brundisii‚anno
1464 2684 1540 2740 U.
1575 2684 1639 2739 C.
1673 2680 1820 2753 726,
1853 2701 2049 2741 mense
2079 2680 2333 2761 sextili.)

1159 2846 1473 2912 CICERO
1518 2846 1843 2913 ATTICO
1885 2846 1954 2919 S.

583 3000 842 3067 Accm’l
885 3020 957 3065 v1
993 2993 1135 3065 kal.
1174 3008 1355 3091 sept.
1390 2993 1634 3067 literas
1659 3016 1700 3063 a
1728 3006 1836 3079 te,
1889 2990 2057 3064 data
2099 3018 2202 3063 xn
2241 2990 2376 3063 kal.
2425 2992 2628 3063 dolo-

488 3128 828 3205 remque,
856 3128 1075 3201 quem
1102 3128 1189 3175 ex
1213 3104 1467 3201 Quinti
1494 3100 1760 3173 scelere
1780 3100 1928 3200 jam
1953 3098 2240 3201 pridem
2255 3116 2632 3199 acceptum

485 3215 634 3309 jam
666 3214 1066 3309 abjeceram
1086 3268 1106 3300 ‚
1139 3214 1325 3285 lecta
1354 3212 1511 3307 ejus
1539 3210 1886 3311 epistola¹
1921 3212 2419 3309 gravissimum
2455 3212 2632 3311 cepi.

488 3330 595 3394 Tu
627 3326 759 3396 etsi
798 3350 949 3395 non
986 3324 1288 3423 potuisti
1328 3321 1479 3393 ullo
1523 3322 1745 3392 modo
1794 3318 2029 3391 facere
2053 3376 2073 3409 ‚
2113 3336 2197 3392 ut
2233 3320 2411 3391 mihi
2440 3320 2633 3393 illam

492 3434 872 3532 epistolam
900 3460 1045 3504 non
1075 3434 1432 3521 mitteres;
1472 3446 1711 3507 tamen
1737 3431 2060 3518 mallem,
2095 3456 2248 3503 non
2288 3456 2441 3503 esse
2471 3431 2636 3501 mis—

492 3568 666 3614 sam.
707 3544 815 3615 Ad
854 3568 936 3615 ea
971 3558 1217 3614 autem
1241 3597 1261 3631 ‚
1304 3568 1465 3639 quae
1503 3542 1756 3615 scribis
1793 3542 1883 3614 de
1932 3557 2403 3631 testamento,
2441 3542 2636 3613 vide-

393 3642 399 3649 ’
486 3652 639 3737 bis.
668 3652 875 3750 quid,
910 3667 983 3725 et
1007 3678 1159 3751 quo
1178 3652 1422 3725 modu.
1442 3656 1553 3725 De
1583 3654 1902 3727 nummis
1929 3666 2001 3725 et
2017 3652 2179 3725 illa²
2199 3654 2300 3723 s'ic
2315 3652 2602 3748 scripsit
2617 3705 2640 3739 „

488 3778 574 3836 ut
602 3788 737 3861 ego
771 3763 865 3834 ad
900 3780 972 3835 te
1006 3779 1260 3854 antea3
1312 3779 1385 3835 et
1412 3788 1582 3851 n03‚
1619 3768 1678 3835 si
1707 3762 1890 3863 quid
1924 3788 2112 3863 opus
2148 3764 2316 3852 erit,
2347 3777 2637 3835 utemur

565 3960 613 3993 x.
656 3946 804 3991 Lecta
839 3943 941 4008 ejus
978 3922 1197 4009 epistola.
1240 3944 1286 3993 A
1321 3944 1512 4008 Quinto
1601 3942 1809 3991 miserat.
1849 3942 1962 3991 Soh.
1996 3942 2120 3991 male
2158 3941 2387 4006 intelligit
2427 3941 2488 3989 de
2524 3942 2633 4005 epi-

489 4022 555 4071 ad
586 4024 820 4073 Caesarem
846 4024 1053 4087 scripta,
1080 4041 1227 4088 quum
1260 4024 1311 4071 in
1338 4021 1512 4071 eodem
1602 4020 1728 4070 stola
1751 4022 1928 4085 Quinti
1956 4022 2021 4070 ad
2042 4022 2116 4070 M.
2140 4021 2354 4070 fratrem.
2379 4022 2470 4067 En.

488 4100 723 4152 fasciculo
742 4102 934 4151 Atticus
953 4118 1039 4167 per
1057 4103 1194 4151 Balbi
1212 4102 1513 4151 tabellarium
1675 4116 1723 4150 2.
1750 4101 1865 4149 ma.
1888 4102 2133 4150 Terentia.
2151 4100 2297 4151 Cous.
2317 4116 2396 4163 ep.
2416 4106 2503 4157 2⁴·
2533 4100 2630 4151 En..
