3019 4681
443 435 1001 510 EPISTOLAE
1050 437 1197 505 AD
1247 437 2010 529 ATT1cUM,x1v‚
2061 441 2166 514 13.
2274 443 2416 544 399

263 559 560 660 publica
588 575 661 631 te
682 557 865 630 mihi
887 560 989 629 ita
1014 556 1587 649 commendavit,
1619 576 1704 632 ut
1727 564 2075 635 cariorem
2105 565 2412 641 habeam

264 674 661 744 neminem.
693 671 950 743 Literae
972 691 1145 739 vero
1174 682 1348 757 tuae,
1387 682 1666 767 quum²
1707 676 2190 750 amantissime
2211 733 2234 768 ‚
2262 693 2420 751 tum

266 779 1017 855 honorificentissime
1042 779 1360 877 scriptae,
1404 783 1520 850 sic'
1536 805 1654 851 me
1683 779 2119 876 affecerunt,
2164 803 2244 859 ut
2267 813 2424 861 non

270 893 436 966 dare
466 892 611 964 tibi
630 889 1068 964 beneficium
1094 886 1377 960 viderer
1399 944 1417 978 ,
1445 889 1568 961 sed
1604 891 1930 991 accipere
1961 918 2002 965 a
2039 910 2144 984 te,
2163 897 2262 968 ita
2289 922 2422 996 pe-

266 1019 506 1092 tente,
568 1018 653 1074 ut
695 1003 1070 1072 inimicum
1124 1023 1415 1088 meum,
1459 1004 1944 1074 necessarium
2005 1018 2254 1094 tuum,
2299 1031 2420 1081 me

266 1114 495 1186 invito
533 1137 817 1185 servare
852 1111 1085 1183 noll-es
1105 1166 1125 1198 ,
1184 1135 1419 1209 quum
1467 1109 1541 1182 id
1593 1113 1798 1184 nullo
1851 1121 2142 1212 negotio
2187 1115 2422 1191 facere

268 1249 537 1322 posses.
568 1227 720 1322 Ego
749 1246 924 1295 vero
951 1221 1085 1293 tibi
1121 1223 1337 1308 istuc,
1362 1223 1465 1291 mi
1492 1225 1800 1310 Antoni,
1830 1229 2166 1312 remitto;
2202 1243 2422 1328 atque

268 1337 403 1420 ita,
438 1349 530 1406 ut
571 1359 689 1405 me
733 1359 773 1405 a
825 1348 940 1422 te,
988 1357 1221 1430 quum
1264 1331 1377 1402 his
1430 1332 1673 1405 verbis
1709 1337 2116 1434 scripseriS,
2161 1337 2423 1412 libera-

268 1443 531 1516 lissime
563 1461 784 1542 atque
804 1440 1536 1514 honorificentissime
1565 1457 1949 1516 tractatum
1981 1451 2421 1524 existimem:

268 1554 491 1654 idque
519 1580 750 1653 quum
775 1567 1009 1626 totum
1031 1608 1050 1641 ,
1086 1578 1395 1651 quoquo
1418 1552 1644 1625 modo
1674 1579 1750 1626 se
1783 1582 1898 1628 res
1926 1557 2261 1648 haberet,
2291 1559 2423 1633 tibi

270 1663 591 1736 dandum
626 1679 995 1761 putarem,
1032 1677 1187 1734 tum
1226 1663 1323 1733 do
1348 1667 1562 1735 etiam
1583 1663 2014 1738 humanitati
2049 1683 2121 1740 et
2151 1686 2423 1741 naturae

268 1799 465 1848 meae.
505 1775 705 1847 Nihil
746 1777 941 1848 enim
979 1799 1328 1871 umquam
1362 1799 1515 1861 non
1551 1772 1775 1847 modo
1805 1776 2147 1849 acerbum
2182 1781 2259 1849 in
2301 1805 2420 1852 me

269 1883 400 1958 fuit
431 1941 453 1973 ,
502 1884 633 1957 sed
678 1909 774 1957 ne
832 1884 1077 1984 paullo
1138 1882 1439 1980 quidem
1507 1886 1782 1957 tristius
1814 1940 1833 1973 ,
1885 1903 2011 1958 aut
2065 1893 2422 1980 severim,

271 2021 487 2094 quam
530 1998 916 2068 necessitas
955 1993 1371 2091 reipublicae
1400 1996 1814 2093 postulavit.
1847 1995 2181 2085 Accedit,
2207 2014 2292 2070 ut
2320 2026 2416 2072 ne

269 2108 343 2177 in
365 2109 607 2205 ipsum
636 2104 931 2203 quidem
955 2103 1293 2177 Clodium
1322 2129 1564 2176 meum
1607 2107 1888 2206 insigne
1914 2109 2166 2180 odium
2205 2109 2422 2182 fuerit

270 2240 657 2314 umquam3
691 2239 1123 2313 semperque
1160 2219 1261 2285 ita
1296 2218 1554 2303 statui,
1587 2241 1740 2287 non
1775 2242 1932 2290 esse
1958 2218 2420 2292 insectandos

272 2328 730 2399 inimicorum
782 2328 1051 2398 amicos
1076 2380 1099 2412 ,
1146 2325 1546 2422 praesertim
1598 2324 2060 2416 humiliores;
2123 2354 2259 2401 nec
2309 2330 2422 2402 his

272 2437 607 2533 praesidiis
629 2449 916 2508 nosmet
944 2438 1141 2533 ipsos
1170 2459 1324 2507 esse
1357 2433 1800 2533 spoliandos.
1839 2440 2024 2509 Nam
2055 2436 2145 2508 de
2185 2462 2417 2537 puero

271 2547 518 2620 Clodio
584 2562 744 2622 tuas
784 2560 1027 2645 partes
1086 2569 1241 2617 esse
1289 2543 1642 2634 arbitror,
1711 2560 1792 2617 ut
1838 2548 1994 2643 ejus
2044 2550 2364 2619 animum
2394 2604 2414 2636 ,

272 2670 635 2743 tenerum,
692 2654 1315 2754 quemadmodum
1390 2654 1644 2726 scribis
1673 2711 1693 2744 ,
1757 2656 1867 2727 his
1937 2658 2413 2756 opinionibus

272 2766 590 2857 imbuas,
642 2782 724 2838 ut
776 2792 872 2839 ne
931 2791 1115 2863 quas
1166 2766 1578 2837 inimicitias
1630 2766 1947 2839 residere
2002 2769 2080 2837 in
2133 2765 2417 2842 familiis

272 2880 527 2949 nostris
589 2875 1003 2948 arbitretur.
1057 2874 1421 2956 Contendi
1476 2900 1641 2947 cum
1704 2882 1779 2948 P.
1833 2876 2138 2967 Clodio,
2180 2905 2412 2978 quum

274 3011 401 3083 ego
433 2985 799 3087 publicam
840 3010 1129 3057 causam
1155 3038 1176 3073 ,
1224 2983 1342 3053 ille
1382 3008 1584 3055 suam
1628 2984 2070 3059 defenderet.
2117 2994 2414 3065 Nostras

276 3101 695 3169 certationes
744 3092 1156 3193 respublica
1215 3091 1656 3189 dijudicavit.
1717 3095 1790 3166 Si
1843 3098 2114 3168 viveret
2152 3153 2172 3188 ,
2238 3102 2419 3172 mihi

277 3232 429 3277 cum
476 3208 604 3279 illo
657 3205 856 3277 nulla
906 3205 1280 3278 contentio
1322 3206 1473 3299 jam
1519 3221 1866 3300 maneret.
1921 3209 2194 3297 Quare,
2229 3236 2416 3307 quo-

278 3319 455 3391 niam
492 3319 714 3393 hoca
756 3342 877 3388 me
913 3320 1015 3388 sic
1043 3318 1263 3414 pem,
1300 3328 1416 3403 ut,
1455 3340 1618 3412 quae
1648 3331 1772 3387 tua
1803 3332 2120 3414 potestas
2152 3335 2296 3409 est,
2333 3346 2417 3394 ea

276 3453 479 3531 neges
529 3443 605 3501 te
642 3452 759 3500 me
794 3429 1025 3498 invito
1050 3450 1400 3514 usurum;
1443 3450 1678 3523 puero
1707 3452 2006 3526 quoque
2048 3427 2192 3501 hoc
2228 3456 2266 3503 a
2298 3457 2414 3505 me

280 3538 547 3627 dabis³,
595 3540 655 3611 si
686 3538 824 3610 tibi
866 3536 1275 3610 videbitur-⁴
1323 3561 1338 3605 ε
1386 3562 1542 3608 non
1588 3564 1740 3635 quo
1790 3553 1918 3609 aut
1954 3554 2121 3611 aetas
2161 3556 2410 3614 nostra

278 3648 358 3721 ab
402 3651 592 3723 illius
648 3664 857 3721 aetate
910 3648 1317 3747 quidquam
1357 3643 1623 3720 debeat
1653 3636 1973 3747 ⁸periculi
2029 3653 2418 3750 suspicari,

338 3810 385 3843 a.
409 3796 483 3843 Al.
503 3806 625 3843 tum.
666 3796 699 3844 J
703 3828 717 3841 .
735 3796 800 3845 V.
826 3794 883 3841 L.
1378 3807 1441 3839 ex
1459 3790 1668 3841 duorum
1682 3794 1807 3842 MSS
1820 3792 2151 3844 Palatium-um
2166 3793 2263 3845 fide
2276 3796 2418 3847 addit

341 3876 391 3921 3.
412 3876 517 3921 Hoc
534 3890 570 3921 a
590 3890 669 3921 me
680 3872 834 3923 dabis.
857 3870 1052 3921 Scilicet
1073 3870 1147 3919 mi
1160 3870 1291 3921 dioc·
1377 3870 1469 3919 alia
1498 3874 1532 3922 J
1536 3874 1678 3919 unius
1691 3907 1706 3931 ,
1736 3888 1845 3935 quae
1867 3873 1920 3920 in
1946 3874 2059 3921 edd.
2088 3876 2315 3924 omnihus
2329 3877 2415 3927 de-

278 3949 361 3998 boc
386 3968 459 4000 me
478 3953 550 4001 illi
578 3952 709 4001 dare.
747 3954 950 4018 Sumpta
968 3950 1160 3999 locutio
1187 3966 1216 3998 e
1240 3966 1293 3999 re
1378 3962 1523 4010 sunt,
1553 3971 1576 3993 ι
1599 3961 1654 3998 ut
1699 3950 1917 4000 animum
1959 3954 2066 4019 ejus
2107 3956 2419 4005 conciliatum

282 4033 533 4091 pecuniaria
561 4034 617 4080 in
659 4047 752 4096 qua
796 4032 1002 4081 dicimus
1026 4030 1090 4078 ab
1125 4030 1294 4095 aliquo
1379 4029 1498 4078 mihi
1521 4028 1758 4089 κάδω-ς
1786 4048 1896 4095 quae
1921 4032 2258 4099 interpretatio
2287 4035 2420 4085 vide·

285 4106 385 4157 dare
400 4147 413 4167 ,
436 4112 643 4159 solvere.
667 4112 763 4160 En.
1382 4120 1492 4171 tur,
1515 4119 1564 4158 et
1589 4108 1787 4174 quidem
1815 4110 1952 4161 falsa.
1987 4110 2246 4163 Schiitzius
2273 4114 2422 4179 plane

343 4198 387 4247 4.
408 4194 521 4240 Post
542 4192 651 4239 hee
669 4192 811 4240 verba
828 4228 845 4252 ,
866 4192 908 4241 sc’
929 4192 1017 4240 cibe·
1031 4189 1291 4249 videbitur,
1390 4188 1517 4237 hanc
1564 4186 1792 4252 neglexit.
1813 4190 1863 4240 J.
1880 4193 1944 4239 V.
1967 4194 2022 4241 L.
