3019 4681
480 357 617 431 522
670 360 769 429 M.
808 361 889 429 T.
935 360 1109 431 CIC.
1154 360 1430 433 EPIST.
1470 360 1600 429 AD
1643 358 2092 445 A‘I'I'ICUM,
2121 360 2310 446 XVI,
2359 357 2466 431 16.

1506 561 1584 627 F.

1112 751 1432 819 CICERO
1472 751 1850 818 CAPITON
1851 752 1884 816 1
1926 752 1991 817 S.

480 919 701 976 Iterum
733 925 903 995 rogat
931 912 1277 995 Capitonem
1316 924 1386 972 nt
1414 932 1645 975 causam
1669 911 2116 973 Buthrotiorum
2147 912 2310 993 apud
2341 914 2620 973 Plancum

1445 1010 1628 1090 juvet.

574 1176 743 1245 Non·
776 1170 1037 1243 dubito
1050 1225 1073 1261 ‚
1100 1171 1285 1269 quin
1312 1172 1574 1243 mirere
1591 1225 1611 1260 ,
1637 1184 1858 1268 atque
1886 1170 2104 1243 etiam
2137 1170 2620 1257 stomachere‚

480 1279 684 1377 quod
715 1294 958 1352 tecum
984 1280 1079 1353 de
1114 1280 1368 1356 eadem
1402 1304 1481 1353 re
1515 1304 1721 1378 agam
1754 1280 2034 1379 saepius.
2065 1282 2394 1353 Hominis
2425 1280 2623 1352 fami-

476 1391 873 1479 liarissimi,
898 1404 972 1463 et
1000 1389 1178 1462 mihi
1208 1389 1556 1463 omnibus
1582 1389 1808 1463 rebus
1833 1390 2439 1487 conjunctissimi,
2468 1416 2622 1490 per-

480 1525 739 1599 magna
772 1526 890 1574 res
924 1504 1198 1600 agitur,
1244 1503 1483 1575 Attici.
1530 1504 1858 1600 Cognovi
1909 1524 2046 1599 ego
2100 1516 2227 1573 tua
2269 1500 2506 1573 studia
2543 1502 2618 1571 in

481 1612 792 1704 amieos,
839 1615 1056 1685 etiam
1111 1615 1189 1685 in
1235 1628 1309 1685 te
1364 1615 1815 1692 amicorum..
1843 1610 2163 1683 Multum
2223 1626 2432 1709 potes
2487 1635 2622 1683 nos

480 1722 679 1821 apud
711 1723 1057 1796 Plancum
1089 1724 1363 1820 juvare.
1403 1725 1590 1795 Novi
1617 1720 2142 1793 humanitatem
2171 1735 2405 1809 tuam3
2441 1721 2620 1807 scic,

482 1858 703 1932 quam
752 1834 847 1907 sis
906 1835 1155 1906 amicis
1191 1832 1584 1929 jucundus.
1628 1834 1863 1903 Nemo
1912 1853 2051 1902 nos
2103 1832 2180 1901 in
2235 1828 2370 1901 hac
2411 1853 2620 1900 causa

478 1942 647 2041 plus
670 1943 924 2039 juvare
950 1958 1235 2043 potest,
1275 1967 1497 2042 quam
1536 1956 1638 2013 tu.
1692 1944 1782 2013 Et
1818 1966 1934 2013 res
1968 1942 2069 2011 ita
2107 1954 2222 2013 est
2261 1936 2500 2027 firma,
2542 1953 2623 2010 ut

478 2051 701 2125 debet
729 2078 883 2127 esse
904 2110 925 2144 ‚
965 2078 1187 2152 quam
1207 2052 1544 2133 consules
1564 2052 1657 2124 de
1691 2050 1971 2123 consilii
2001 2052 2356 2123 sententia
2384 2050 2622 2121 decre-

480 2179 781 2253 verunt,
813 2190 1045 2263 quum
1087 2179 1161 2238 et
1195 2165 1386 2264 lege,
1432 2181 1507 2237 et
1549 2161 2181 2235 senatusconsulto
2226 2185 2619 2261 cognosce-

483 2289 673 2348 rent.
706 2278 977 2349 Tamen
1009 2276 1253 2348 omnia
1278 2280 1515 2374 posita
1548 2287 1890 2374 putamus
1917 2273 1993 2343 in
2021 2270 2265 2344 Planci
2301 2272 2410 2342 tui
2441 2268 2621 2342 libe-

480 2385 794 2471 ralitate;
855 2411 1078 2484 quem
1125 2385 1426 2485 quidem
1470 2383 1906 2457 arbitramur
1946 2408 2180 2482 quum
2217 2380 2437 2454 officii
2480 2383 2622 2467 sui,

483 2509 560 2565 et
596 2495 1014 2594 reipublicae
1043 2522 1258 2570 causa
1290 2497 1667 2570 decretum
1702 2497 2087 2569 consulum
2118 2491 2622 2593 comprobatu-

481 2629 685 2694 rum,
726 2621 885 2678 tum
914 2605 1228 2680 libenter
1264 2623 1514 2680 nostra
1546 2631 1759 2680 causa
1796 2632 1950 2680 esse
1985 2604 2373 2676 facturum.
2402 2601 2620 2698 Adju-

482 2713 684 2786 vabis
725 2716 980 2814 igitur,
1012 2721 1111 2788 mi
1141 2720 1397 2817 Capito
1438 2747 1455 2788 ε
1504 2715 1707 2816 quod
1741 2732 1827 2788 ut
1871 2715 2120 2804 facia,
2155 2714 2622 2787 vehementer

486 2825 700 2919 etiam
728 2841 946 2924 atque
984 2829 1198 2900 etiam
1228 2853 1432 2929 rogo.
1468 2909 1473 2916 ¹
