3019 4681
476 401 620 500 690
784 395 1324 470 EPISTOLAE
1373 396 1569 466 CIC.
1614 393 1747 462 ET
1788 391 2141 480 BRUTI,
2200 413 2310 488 ¹7·

477 525 754 624 optimo
782 521 1024 593 animo
1045 573 1064 606 ‚
1101 521 1248 589 scio
1281 543 1297 586 τ
1331 513 1511 613 quid
1538 518 1733 586 enim
1756 513 1939 586 mihi
1972 513 2417 614 exploratius
2452 535 2608 596 esse

477 647 748 732 potest,
771 651 990 728 quam
1017 628 1208 699 illius
1237 629 1520 697 animus
1540 626 1617 695 in
1645 623 2223 722 rempublicam?
2245 624 2387 698 Sed
2418 650 2610 724 quae·

429 809 438 821 ,
479 743 642 815 dam
669 742 848 812 mihi
877 739 1192 824 videtur,
1211 736 1388 836 quid
1419 735 1698 808 dicam?
1718 737 2047 833 imperite
2068 745 2120 825 ¹,
2144 738 2259 808 vir
2280 740 2610 808 omnium

478 853 1112 952 prudentissimum
1159 871 1252 919 an
1291 845 1667 919 ambitiose
1706 843 1957 916 fecisse
1978 899 1998 935 ,
2040 847 2169 943 qui
2208 845 2610 918 valentissi-

477 985 680 1034 mum
723 962 1126 1032 Antonium
1177 961 1547 1056 suscipere
1596 977 1735 1056 pro
1783 956 2153 1055 republica
2192 980 2345 1030 non
2392 956 2613 1029 dubi-

481 1075 649 1146 tarit
675 1069 1088 1144 inimicum?
1109 1063 1389 1153 nesc'i0,
1417 1065 1599 1166 quid
1625 1066 1935 1139 scribam
1961 1065 2097 1138 tibi
2116 1121 2135 1156 ‚
2168 1068 2311 1138 nisi
2340 1089 2609 1138 unum:

483 1183 692 1282 pueri
727 1195 800 1252 et
843 1177 1312 1278 cupiditatem
1332 1233 1352 1267 ,
1387 1193 1463 1249 et
1501 1173 1867 1249 licentiam
1915 1177 2159 1275 potius
2203 1199 2353 1250 esse
2391 1179 2617 1248 irrita·

486 1309 670 1378 tam,
719 1313 942 1388 quam
997 1309 1394 1388 repressam
1435 1311 1476 1360 a
1519 1291 1917 1376 Ciceroue3
1962 1301 2397 1385 tantumque
2446 1311 2617 1360 eum

483 1401 808 1475 tribuere
841 1400 1012 1472 huic
1043 1399 1546 1497 indulgentiae,
1586 1413 1673 1470 ut
1708 1421 1783 1470 se
1814 1396 2240 1470 maledictis²
2276 1421 2429 1469 non
2460 1398 2619 1471 abs·

491 1516 745 1600 tineat,
775 1512 862 1583 iis
902 1510 1197 1610 quidem
1219 1565 1237 1600 ,
1269 1533 1432 1608 quae
1459 1509 1537 1579 in
1562 1509 1801 1608 ipsum
1825 1507 2213 1607 dupliciter
2252 1506 2620 1595 recidunt,

491 1623 692 1722 quod
729 1636 802 1693 et
837 1618 1128 1720 plures-⁹·
1166 1620 1432 1693 occidit
1470 1643 1659 1708 uno,
1706 1641 1928 1717 seque
1952 1619 2152 1716 prius
2178 1632 2471 1717 oportet
2516 1615 2619 1688 fa·

445 1783 450 1788 -
491 1747 732 1805 teatur
765 1723 1094 1803 sicariu'm
1113 1782 1132 1820 ‚
1176 1753 1396 1828 quam
1447 1728 1737 1826 objiciat
1779 1732 2048 1816 Cascae,
2088 1727 2291 1828 quod
2332 1727 2621 1824 objicit;

493 1858 568 1913 et
595 1842 919 1912 imitatur
955 1843 1034 1910 in
1069 1843 1286 1912 Casca
1324 1842 1630 1911 Bestiam
1650 1843 1703 1910 4.
1745 1847 1859 1910 An
1894 1843 2064 1938 quia
2096 1863 2246 1911 non
2282 1839 2625 1912 omnibus

497 1953 698 2024 horis
725 1953 1080 2048 jactamus
1115 1951 1280 2022 idus
1315 1953 1601 2022 martias
1621 2003 1639 2038 ,
1664 1947 1989 2020 similiter
2010 1965 2227 2048 atque
2254 1947 2375 2022 ille
2400 1973 2629 2023 nonas

495 2060 866 2134 decembr.
913 2083 1082 2134 suas
1121 2061 1197 2132 in
1238 2085 1364 2132 ore
1391 2058 1653 2150 habet,
1696 2081 1787 2130 eo
1824 2055 2169 2130 meliore⁵
2212 2058 2627 2131 cond-itione

501 2175 753 2244 Cicero
785 2170 1354 2268 pulcherrimum
1377 2168 1647 2242 factum
1669 2168 2108 2270 vituperabit
2123 2223 2143 2258 ‚
2162 2193 2385 2267 quam
2400 2171 2633 2240 Bestia

503 2295 578 2353 et
613 2279 913 2351 Clodius
941 2279 1474 2379 reprehendere
1503 2277 1693 2352 illius
1724 2279 2176 2351 consulatum
2203 2280 2393 2352 soliti
2422 2280 2633 2353 sunt?

507 2390 942 2463 Sustinuisse
1007 2388 1184 2461 mihi
1245 2384 1619 2486 gloriatur·
1654 2388 1928 2463 bellum
1991 2392 2289 2463 Antonii
2348 2406 2635 2489 togatus

507 2501 762 2571 Cicero
791 2514 1038 2571 noster
1069 2526 1086 2569 ε
1126 2499 1303 2597 quid
1339 2502 1480 2572 hoc
1516 2500 1693 2571 mihi
1730 2500 2067 2599 prodest,
2110 2502 2171 2573 si
2196 2524 2471 2573 merces
2496 2508 2635 2572 ΑΠ’-

509 2610 694 2680 tonii
729 2610 1051 2709 oppressi
1093 2610 1452 2707 poscitur,
1497 2614 1577 2681 in
1626 2606 1919 2681 Antonii
1956 2610 2194 2683 locum
2238 2609 2633 2698 successi03

512 2732 588 2791 et
619 2720 680 2789 si
719 2716 982 2790 vindex
1021 2717 1210 2790 illius
1247 2720 1411 2791 mali
1430 2774 1451 2808 ‚
1499 2735 1754 2792 auctor
1800 2722 2073 2793 exstitit
2108 2721 2401 2793 alterius
2420 2774 2443 2811 ,
2470 2718 2635 2792 fun-

597 2944 644 2979 1.
666 2927 912 2993 Inmerito,
929 2939 1026 2979 etc.
1043 2926 1294 2993 Significat
1307 2963 1324 2988 ‚
1343 2941 1394 2980 ct
1409 2930 1536 2979 stul-

521 3008 640 3057 titiae
665 3000 948 3058 Ciceronem
973 3010 1296 3058 accusandum
1311 3045 1328 3073 ‚
1359 3020 1410 3059 et
1429 3027 1533 3059 am-

519 3086 572 3135 bi
579 3086 725 3135 tionis
769 3102 782 3137 :
831 3098 983 3152 quum
1033 3098 1196 3137 tamen
1241 3090 1294 3137 in
1329 3098 1537 3152 utroque

523 3168 748 3217 videatur
757 3184 867 3216 eum
889 3184 1134 3216 excusare.
1149 3168 1244 3215 Sed
1267 3169 1539 3231 lmpcru'eum

517 3246 574 3295 in
608 3264 667 3295 eo
704 3245 973 3311 significat,
1001 3247 1140 3313 quod
1174 3247 1286 3311 plns
1326 3249 1536 3297 Octavio

523 3326 764 3385 tribuerit,
790 3340 935 3390 quam
962 3343 989 3374 e
1015 3342 1122 3391 rep.
1146 3338 1295 3375 esset:
1313 3326 1537 3375 ambitio·

523 3422 654 3465 sum,
683 3404 854 3469 quod,
887 3405 1040 3453 modo
1079 3405 1256 3455 habeat
1294 3422 1321 3453 a
1361 3406 1540 3471 quibus

526 3486 714 3534 colatur
744 3500 804 3532 nc
838 3483 1081 3543 laudauit,
1121 3485 1400 3533 servitutem
1440 3500 1541 3533 no·

527 3576 713 3613 recusa
739 3580 752 3615 :
780 3564 847 3613 ita
865 3563 931 3613 ob
959 3563 1216 3613 mititiam·
1239 3574 1287 3613 et
1313 3564 1543 3615 ambitio·

527 3660 639 3693 nem
656 3645 916 3693 Octavium
937 3644 1232 3692 Antoniane
1251 3644 1545 3693 dominatio-

525 3724 603 3771 nis
637 3724 870 3772 vicarium
907 3724 1180 3771 constituit.
1215 3724 1362 3773 ΜΔΙ.

602 3818 650 3849 2.
695 3802 990 3851 Maledictis.
1033 3803 1093 3849 In
1125 3802 1340 3850 Qucum.
1372 3802 1545 3850 Mirari

525 3892 684 3929 autem
715 3880 832 3927 ntis
867 3896 967 3929 non
1003 3896 1232 3946 poem,
1257 3878 1542 3930 Ciceronem

525 3960 726 4011 Ces-rin
747 3974 914 4007 nec·-
933 3959 1170 4021 obiccisse
1185 3962 1370 4011 Caeco.
1401 3962 1466 4011 Et
1489 3961 1545 4011 id

525 4050 688 4089 tamen
705 4038 842 4085 Bruti
864 4036 1010 4087 verba
1038 4032 1302 4087 declarant.
1323 4041 1482 4091 Inmt.

597 4120 646 4167 3.
682 4119 869 4167 Plures.
911 4114 1116 4165 Crimini
1151 4116 1232 4165 dat
1267 4120 1458 4178 Caeca,
1493 4130 1545 4167 et

1624 2930 1849 2979 nicanum
1878 2930 2095 2995 appella
2114 2966 2133 2993 ‚
2156 2934 2275 2997 quia
2299 2934 2535 2984 cesarem
2554 2949 2640 2983 oc·

1622 3010 1813 3060 ciderit.
1853 3014 1921 3059 At
1938 3046 1951 3072 ,
1997 3013 2037 3059 si
2086 3012 2334 3063 hominem
2382 3014 2604 3063 occidere
2622 3046 2641 3074 ,

1622 3090 1809 3141 crimen
1824 3100 1901 3139 cst
1916 3126 1932 3149 ,
1959 3100 2144 3155 quanto
2166 3092 2361 3157 gravius
2383 3095 2489 3159 ipse
2527 3110 2642 3160 pee-

1626 3170 1757 3218 cavit
1778 3204 1795 3231 ,
1830 3169 1919 3234 qui
1962 3171 2135 3219 consul
2172 3188 2273 3221 non
2316 3190 2471 3221 unum
2486 3208 2502 3232 ,
2556 3173 2642 3222 sed

1626 3249 1844 3314 quinque
1885 3249 2098 3311 occidit,
2138 3250 2394 3301 Lentulum
2410 3288 2426 3313 ,
2470 3252 2643 3303 Ceth·-

1626 3344 1769 3393 gum,
1792 3340 1887 3377 etc.
1908 3332 2059 3379 Iun.

1700 3416 1751 3464 4.
1782 3408 2015 3457 Imitatur
2049 3408 2099 3458 in
2133 3406 2289 3458 Casca
2312 3410 2543 3459 Bestiam.
2570 3413 2647 3461 Ita

1626 3486 1941 3553 reprehendit
1964 3490 2165 3539 eneam
2182 3488 2251 3537 ob
2268 3489 2647 3555 pulcherrimum

1628 3566 1837 3625 fictum,
1869 3577 1929 3615 ut
1961 3569 2119 3618 Bestia
2145 3568 2430 3619 montonem
2462 3570 2531 3619 ob
2554 3588 2648 3632 ea,

1631 3661 1741 3710 qua
1765 3648 1817 3694 in
1840 3647 2095 3696 consulatu
2123 3660 2330 3713 gesserat
2344 3684 2359 3710 ,
2387 3650 2646 3715 reprehen-

1631 3724 1745 3773 dere
1766 3724 1969 3774 solebat.
1992 3729 2145 3775 Inna.

1704 3804 1751 3853 5.
1790 3806 1865 3852 Eo
1910 3792 2112 3855 r'neliore
2144 3806 2439 3857 conditione.
2482 3804 2652 3856 Minus

1632 3884 1841 3949 turpiter
1888 3902 1981 3935 nos
2018 3888 2316 3951 vituperabit
2356 3888 2421 3939 de
2450 3888 2653 3939 Castris

1630 3978 1765 4025 noce,
1782 3982 1929 4030 qnam
1945 3965 2087 4019 illum
2104 3967 2400 4033 Calpum‘uu
2426 3969 2585 4019 Bestia
2604 3980 2655 4019 et

1631 4044 1687 4093 Ρ.
1706 4044 1909 4095 Clodius
1926 4045 1989 4095 de
2007 4050 2372 4111 conjuratorum
2388 4050 2655 4115 supplicio,

1628 4132 1728 4172 etc.
1757 4126 1905 4175 Iun.
