3019 4681
532 396 682 485 684
824 398 1369 469 EPISTOLAE
1416 396 1614 467 CIC.
1664 398 1797 469 ET
1845 396 2210 482 BRUTI,
2263 393 2374 466 16.

537 521 765 594 salute
810 518 1239 615 cujusquam
1276 519 1451 589 civis
1468 572 1488 607 ,
1535 542 1686 589 non
1721 515 1953 589 dicam
1987 542 2128 617 pro
2155 516 2682 590 liberatoribus

538 627 735 700 orbis
768 644 1141 699 terrarum.
1178 632 1385 699 Juvat
1421 628 1618 698 enim
1655 626 2038 725 magnifice
2079 627 2330 725 loqui;
2373 642 2450 699 et
2493 643 2682 701 certe

538 738 788 828 decet,
831 735 1173 809 adversus
1214 738 1664 834 ignoranteS,
1699 736 1878 835 quid
1911 762 2046 835 pro
2083 761 2386 834 quoque
2415 738 2680 808 timen-

542 849 722 921 dum
745 902 765 937 ,
810 862 934 918 aut
971 870 1012 917 a
1055 870 1355 945 quoque
1399 845 1798 946 petendum
1845 848 1956 918 sit.
2014 850 2168 917 Hoc
2223 861 2300 916 tu
2329 900 2350 935 ,
2389 850 2681 934 Cicero,

538 982 752 1059 posse
796 954 1039 1028 fateris
1082 956 1494 1044 Octavium,
1531 970 1604 1027 et
1645 955 1748 1027 illi
1789 958 2058 1027 amicus
2097 954 2226 1027 es?
2258 971 2421 1043 aut,
2465 957 2528 1027 si
2569 980 2680 1025 me

540 1092 787 1141 carum
832 1065 1056 1138 habes
1080 1120 1101 1155 ,
1136 1066 1244 1137 vis
1280 1070 1530 1137 Romae
1569 1064 1877 1156 videri²;
1915 1090 2148 1163 quum
2171 1120 2190 1154 ,
2229 1078 2324 1136 ⁴ut
2371 1066 2478 1137 ibi
2530 1090 2680 1138 esse

536 1202 863 1278 possem,
906 1176 1526 1249 commendandus
1564 1201 1796 1276 puero
1833 1177 1936 1248 illi
1979 1176 2287 1248 fuerim?
2333 1178 2472 1249 Cui
2506 1175 2682 1274 quid

538 1292 686 1386 agis
718 1288 977 1387 gratias
996 1342 1017 1377 ‚
1052 1289 1110 1359 si
1136 1342 1157 1373 ‚
1200 1302 1285 1360 ut
1328 1313 1465 1360 nos
1501 1288 1736 1360 salvos
1775 1312 1944 1360 ‘esse
1988 1288 2164 1360 velit
2219 1302 2294 1359 et
2342 1290 2677 1387 patiatur,

535 1399 941 1495 rogandum
986 1398 1253 1496 putas?
1298 1400 1411 1469 An
1462 1398 1605 1471 hoc
1662 1387 1800 1497 pro
1849 1396 2212 1471 beneficio
2253 1413 2364 1470 est
2411 1396 2680 1471 haben·

538 1508 718 1581 dum
742 1564 762 1599 ,
822 1506 1023 1606 quod
1066 1532 1182 1598 se,
1234 1532 1455 1607 quam
1505 1510 1904 1583 Antonium
1927 1563 1947 1596 ‚
1997 1532 2155 1580 esse
2209 1506 2551 1580 maluerit
2571 1563 2591 1597 ‚
2639 1532 2679 1578 a

540 1642 693 1715 quo
736 1619 867 1691 ista
902 1617 1212 1718 petenda
1245 1620 1538 1691 essent?
1567 1616 1900 1690 Vindici³
1939 1616 2238 1717 quidem
2271 1618 2526 1689 alienae
2551 1616 2676 1688 do-

538 1730 992 1816 minationiS‚
1030 1753 1185 1800 non
1223 1730 1526 1817 vicar10‚
1557 1732 1808 1827 ecquis
1850 1728 2246 1827 supplicat,
2285 1741 2372 1799 ut
2407 1730 2677 1825 optime

544 1842 821 1911 meritis
859 1838 951 1913 de
984 1838 1355 1938 republica
1392 1840 1604 1912 liceat
1642 1865 1794 1913 esse
1839 1839 2095 1913 salvis?

636 1952 783 2020 Ista
832 1974 1009 2022 vcro
1060 1949 1511 2022 imbecillitas
1579 1966 1652 2023 et
1705 1950 2152 2049 desperatio,
2204 1948 2416 2044 cujus
2471 1945 2676 2045 culpa

540 2081 695 2129 non
736 2060 961 2157 magis
1002 2062 1079 2131 in
1122 2075 1195 2131 te
1232 2059 1537 2149 residet,
1583 2084 1804 2157 quam
1844 2061 1921 2131 in
1964 2056 2306 2132 omnibus
2356 2057 2516 2130 aliis
2545 2110 2564 2143 ‚
2611 2068 2678 2127 et

547 2169 897 2239 Caesarem
954 2169 1031 2237 in
1096 2168 1570 2265 cupiditatem
1607 2172 1813 2267 regni
1867 2169 2190 2267 impulit;
2242 2182 2316 2239 et
2365 2167 2684 2239 Antonio

536 2290 707 2375 post
740 2278 1111 2351 interitum
1140 2278 1331 2352 illius
1368 2284 1759 2379 persuasit,
1781 2294 1866 2352 ut
1889 2278 2253 2353 interfecti
2287 2278 2532 2352 locum
2559 2302 2678 2351 oc·

538 2409 625 2458 cu
631 2411 807 2486 pare
833 2405 1253 2478 conaretur3
1291 2405 1363 2464 et
1400 2416 1600 2464 nunc
1633 2415 1946 2491 puerum
1981 2393 2201 2464 istum
2231 2390 2491 2462 extulit
2509 2395 2565 2477 ⁴,
2603 2402 2680 2460 ut

540 2509 624 2566 tu
654 2497 1041 2592 judicares,
1074 2499 1410 2598 precibus
1446 2524 1602 2574 esse
1645 2501 2178 2600 impetrandam
2221 2500 2534 2572 salutem
2573 2513 2676 2568 ta·

540 2602 733 2678 libus
788 2609 996 2696 viris,
1044 2610 1680 2710 misericordiaque
1743 2613 1993 2700 unius,
2044 2613 2166 2682 vix
2215 2614 2435 2682 etiam
2487 2633 2680 2681 nunc

538 2714 710 2804 viri,
746 2729 945 2788 tutos
980 2716 1138 2790 fore
1174 2743 1345 2808 nos,
1382 2719 1578 2792 haud
1604 2721 1750 2793 ulla
1772 2721 1911 2793 alia
1928 2747 2027 2794 re.
2065 2721 2286 2811 Quod
2325 2723 2386 2792 si
2428 2724 2682 2794 Roma·

536 2849 673 2898 nos
708 2851 844 2899 nos
889 2853 1041 2901 esse
1084 2833 1696 2922 meminissemuS‚
1749 2857 1902 2904 non
1943 2833 2284 2910 audacius
2319 2830 2676 2903 dominari

536 2953 891 3034 cuperent
918 2943 1263 3035 postremi
1292 2942 1666 3032 homines,
1713 2967 1934 3040 qnam
1977 2943 2052 3015 id
2087 2969 2222 3015 nos
2261 2941 2678 3041 prohibere·

537 3069 735 3136 mus;
772 3073 1013 3147 neque
1046 3053 1269 3148 magis
1306 3055 1626 3125 irritatus
1665 3067 1850 3126 esset
1887 3055 2246 3126 Antonius
2277 3077 2510 3150 regno
2547 3057 2680 3124 Gae-

534 3161 709 3230 saris
726 3213 747 3246 ‚
786 3185 1008 3257 quam
1028 3161 1126 3234 ob
1144 3161 1465 3258 ejusdem
1484 3179 1796 3239 mortem
1818 3163 2228 3236 deterritus.
2245 3169 2356 3234 Tu
2379 3161 2676 3260 quidem

535 3267 967 3357 consulariS‚
1006 3288 1081 3344 et
1116 3287 1481 3345 tantorum
1516 3275 1872 3346 scelerum
1911 3271 2518 3370 vindex(quibus
2551 3297 2676 3372 op-

530 3417 655 3479 J'un's
680 3433 783 3467 esse
810 3418 1181 3484 intelligendum
1200 3420 1348 3470 docet
1363 3423 1481 3473 LV.
1499 3422 1557 3471 Ia.
1723 3425 1775 3471 3.
1834 3419 2032 3470 Vindici
2073 3419 2292 3485 quiden.
2347 3419 2400 3467 Si
2447 3417 2680 3466 Octavius

554 3547 565 3556 ,
606 3511 681 3568 a.¹
705 3498 785 3549 Vis
828 3501 1011 3570 aona-ce·
1037 3499 1213 3549 videri.
1253 3501 1516 3550 Lambinus
1543 3515 1558 3550 ε
1649 3501 1836 3552 vindex
1869 3513 1974 3558 est,
2003 3512 2062 3548 ut
2109 3509 2164 3548 tu
2193 3497 2418 3560 judicas,
2451 3509 2502 3546 et
2549 3496 2680 3546 ultor

538 3599 563 3618 -ι
597 3578 671 3625 vis
718 3581 893 3627 Roma
942 3587 1135 3644 tempus
1178 3579 1325 3628 fuisse
1374 3580 1563 3638 videri,
1651 3580 2000 3630 dominationis
2033 3579 2273 3637 Antonii,
2315 3593 2420 3624 non
2435 3611 2452 3636 ,
2497 3587 2555 3626 nt
2589 3591 2680 3640 ego

535 3671 743 3719 quamn,
772 3658 810 3705 i.
829 3674 877 3706 e.
900 3673 1000 3721 quo
1032 3669 1274 3722 tempore,
1298 3669 1355 3706 ut
1372 3657 1457 3717 ibi,
1471 3670 1562 3707 etc·
1650 3675 1838 3718 vereor,
1862 3659 2071 3708 vicarius
2093 3671 2107 3707 τ
2127 3656 2342 3706 absurde
2369 3655 2491 3704 facis
2506 3691 2523 3716 ‚
2545 3671 2578 3704 o
2595 3655 2678 3705 Ci-

535 3735 731 3783 Mnnut.
767 3737 1007 3802 vulgntam
1032 3738 1291 3788 lectionem
1320 3738 1561 3803 interpre-
1651 3755 1766 3788 cero
1779 3774 1794 3799 ‚
1826 3741 1915 3804 qni
1941 3738 1988 3788 ei
2015 3753 2172 3803 remp.
2195 3735 2480 3786 defindmti
2497 3733 2678 3799 suppli·

532 3821 667 3860 tatur
717 3827 732 3861 ε
781 3816 900 3862 «vis
952 3819 1122 3865 Romo
1174 3815 1329 3864 videri
1374 3819 1557 3866 amicus
1588 3816 1595 3823 ⁴
1647 3835 1726 3868 0oe
1760 3835 1854 3884 pro
1883 3819 1963 3876 iis,
1995 3819 2081 3881 qui
2103 3817 2290 3880 optime
2311 3813 2372 3864 de
2391 3831 2497 3879 rep.
2521 3813 2678 3862 meriti

532 3891 745 3940 omvio
763 3913 807 3938 a.
834 3895 979 3941 Hunc
1004 3909 1097 3958 ego
1130 3909 1325 3944 smum
1342 3913 1449 3944 ense
1474 3913 1554 3946 ιι·-
1645 3909 1779 3948 sunt.
1799 3897 1984 3948 Amicis
2001 3897 2136 3944 enisu
2156 3929 2173 3956 ,
2195 3905 2246 3944 et
2263 3893 2548 3943 earumdem
2565 3907 2672 3957 pnr-

534 3967 692 4018 biu’or
710 3983 728 4019 ε
757 3971 811 4020 Si
844 3987 985 4020 carun
1028 3973 1119 4020 tibi
1155 3989 1245 4039 ego
1286 3991 1395 4024 sum
1411 4011 1426 4036 ,
1468 3977 1556 4042 qui
1645 3979 1768 4027 tium
1799 3977 2034 4026 studiosi·
2053 3991 2159 4024 nou
2184 3973 2538 4042 supplicamus.
2559 3972 2672 4022 uon

546 4047 671 4097 velle
688 4061 856 4113 potes,
887 4067 943 4100 ea
964 4051 1015 4098 in
1046 4051 1167 4100 urhe
1196 4054 1351 4103 videri
1373 4071 1449 4103 me
1467 4089 1482 4115 ,
1504 4058 1562 4104 in
1648 4055 1776 4104 enim
1801 4071 1928 4120 opus
1943 4065 2035 4103 est.
2061 4055 2211 4104 Hm.

544 4141 641 4188 qua
658 4139 717 4176 ut
738 4145 841 4178 ense
861 4143 1055 4194 ponem
1070 4160 1087 4187 ,
1108 4141 1209 4180 etc.
1228 4135 1381 4183 Ouv.
1719 4141 1770 4188 4.
1797 4133 2008 4197 Quidam
2027 4133 2161 4194 coni.
2181 4131 2254 4180 ita
2273 4129 2470 4181 extulit.
2483 4132 2514 4180 J
2519 4129 2596 4178 N.
2617 4130 2668 4176 10.
