3019 4681
416 333 563 415 4¹⁰
1049 332 1145 399 M.
1199 331 1276 398 T.
1331 328 1894 398 CICERONIS

418 452 520 523 sic
564 454 899 525 incensus
940 474 1101 521 sum
1124 504 1145 541 ,
1178 464 1265 521 ut
1298 449 1481 521 nihil
1517 473 1868 546 umquam
1919 452 1996 519 in
2043 470 2291 519 amore
2339 446 2556 523 fuerit

416 560 805 633 ardentius
842 559 1039 631 Nihil
1076 574 1185 631 est
1212 561 1445 645 enim,
1478 558 1658 631 mihi
1694 556 1948 643 crede,
1985 557 2250 629 virtute
2280 554 2555 632 formo-

414 674 597 759 siuS,
632 670 818 743 nihil
850 670 1265 768 pulchrius,
1298 668 1479 741 nihil
1517 667 1909 741 amabilius.
1953 672 2252 765 Semper
2283 672 2513 739 amavi
2533 722 2554 755 ,

415 795 498 853 ut
526 782 661 855 scis
680 834 703 865 ‚
744 786 845 853 M.
872 784 1214 869 Brutum,
1234 795 1542 879 propter
1565 780 1724 874 ejus
1749 802 2114 849 summum
2151 778 2554 875 ingenium,

414 891 869 963 suavissimos
897 914 1137 963 mores
1157 946 1177 981 ,
1212 890 1646 988 singularem
1677 888 2112 987 probitatem
2139 902 2360 985 atque
2387 913 2557 959 con-

415 1004 751 1075 stantiam
802 1028 819 1071 :
895 1017 1135 1075 tamen
1200 1000 1441 1073 idibus
1500 1014 1710 1071 mart.
1772 1014 2054 1071 tantum
2107 1000 2402 1079 accessit
2467 998 2559 1069 ad

416 1134 736 1183 amorem
764 1166 781 1197 ,
832 1125 917 1182 ut
974 1116 1275 1183 mirarer
1338 1112 1582 1184 locum
1653 1108 1878 1182 fnisse
1931 1108 2244 1206 augendi
2286 1109 2364 1178 in
2425 1132 2555 1196 ee,

418 1220 622 1318 quod
676 1221 857 1293 mihi
902 1222 1337 1319 jampridem
1386 1219 1838 1293 cumulatum
1887 1220 2102 1290 etiam
2150 1216 2557 1289 videbatur.

419 1332 601 1421 Quis
646 1346 835 1419 erat,
872 1334 1000 1429 qui
1049 1346 1373 1428 putaret,
1410 1332 1499 1403 ad
1531 1356 1702 1403 eum
1735 1352 2056 1402 amorem
2077 1384 2100 1417 ,
2138 1352 2358 1426 quem
2391 1352 2556 1425 erga

420 1455 493 1513 te
520 1439 875 1512 habebam
894 1496 915 1529 ‚
948 1468 1160 1539 posse
1186 1443 1461 1540 aliquid
1486 1441 1876 1515 accedere?
1909 1456 2194 1512 tantum
2233 1443 2558 1527 accessit,

420 1565 505 1621 ut
540 1550 716 1621 mihi
760 1577 957 1623 nunc
989 1551 1307 1650 denique
1338 1578 1581 1625 amare
1612 1550 1879 1639 videar,
1913 1564 2124 1622 antea
2151 1550 2502 1622 dilexisse.

514 1664 755 1752 Quare
788 1660 969 1758 quid
1000 1677 1141 1751 est,
1180 1664 1377 1761 quod
1418 1686 1558 1759 ego
1592 1678 1663 1734 te
1699 1662 1974 1747 horter,
2015 1678 2098 1733 ut
2129 1661 2458 1759 dignitati
2483 1674 2558 1731 et

422 1770 665 1867 gloriae
704 1773 1015 1843 servias?
1051 1798 1455 1871 proponam
1501 1772 1634 1845 tibi
1676 1774 1906 1844 claros
1939 1774 2171 1859 viros,
2213 1770 2414 1869 quod
2451 1770 2554 1842 fa·

423 1902 585 1952 cere
623 1880 896 1969 solent,
939 1884 1069 1980 qui
1114 1884 1548 1957 hortantur?
1593 1885 1974 1957 Neminem
2027 1880 2262 1955 babeo
2298 1881 2556 1953 clario-

419 2014 615 2077 rem,
656 2016 878 2089 quam
907 2009 977 2065 te
1012 1997 1275 2092 ipsum.
1312 1999 1412 2066 Te
1445 1995 1726 2065 imitere
1763 2006 2093 2090 oportet,
2133 2007 2368 2065 tecum
2403 1993 2557 2089 ipse

420 2115 670 2172 certes.
710 2104 817 2173 Ne
859 2104 1024 2175 licet
1064 2103 1363 2202 quidem
1398 2102 1530 2174 tibi
1559 2104 1748 2199 jam,
1791 2107 2007 2173 tantis
2042 2102 2266 2174 rebus
2301 2106 2558 2200 gestis)

428 2233 577 2279 non
636 2212 747 2281 tui
796 2212 1101 2285 similem
1155 2238 1331 2285 esse.
1386 2214 1606 2305 Quod
1659 2234 1889 2308 quum
1941 2216 2040 2284 ita
2075 2215 2204 2301 sit,
2243 2212 2560 2283 hortatio

428 2343 579 2390 non
623 2336 733 2393 est
772 2326 1203 2413 necessaria;
1248 2324 1729 2422 gratulatione
1765 2326 1990 2421 magis
2031 2308 2386 2395 utendum
2424 2338 2560 2395 est.

429 2432 747 2528 Contigit
795 2436 991 2505 enim
1036 2433 1172 2506 tibi
1200 2490 1218 2520 ‚
1280 2435 1477 2533 quod
1527 2434 1722 2506 haud
1761 2439 1909 2506 scio
1963 2459 2055 2506 an
2107 2435 2422 2520 nemini,
2476 2450 2558 2505 ut

422 2565 699 2612 summa
732 2546 1067 2616 severitas
1111 2544 1748 2644 animadversionis
1787 2571 1940 2616 non
1983 2544 2204 2616 modo
2249 2569 2396 2615 non
2442 2548 2559 2614 in-

426 2650 739 2736 vidiosa,
788 2652 915 2724 sed
970 2659 1185 2726 etiam
1246 2656 1615 2754 popularis
1671 2671 1894 2744 esset,
1945 2671 2018 2728 et
2071 2679 2298 2752 quum
2347 2654 2560 2726 bonis

422 2760 805 2848 omnibus,
852 2777 1011 2832 tum
1052 2762 1307 2834 infimo
1357 2766 1626 2861 cuique
1657 2765 2075 2860 gratissima.
2129 2769 2284 2835 Hoc
2331 2766 2390 2836 si
2428 2763 2560 2834 tibi

425 2866 719 2942 fortuna
754 2872 1065 2970 quadam
1111 2876 1564 2972 contigisset,
1598 2873 1996 2972 gratularer
2029 2871 2348 2946 felicitati
2373 2889 2512 2946 tuae
2540 2903 2557 2945 ε

427 2978 555 3052 sed
608 2984 912 3080 contigit
958 2983 1453 3082 magnitudine
1508 3007 1738 3081 quum
1791 2984 2012 3053 animi
2031 2979 2085 3073 ⁵,
2133 2997 2292 3055 tum
2343 2985 2556 3054 etiam

426 3093 702 3188 ingenii
750 3108 967 3192 atque
1027 3096 1327 3168 consilii.
1384 3099 1556 3192 Legi
1617 3096 1808 3166 enim
1859 3096 2288 3166 concionem
2331 3106 2555 3164 tuam.

426 3201 623 3274 Nihil
672 3205 789 3276 illa
836 3209 1251 3304 sapientius
1293 3212 1401 3278 Ita
1438 3199 1924 3303 pedetentim⁶
1963 3219 2118 3274 tum
2162 3228 2488 3276 accessus
2517 3230 2559 3276 a

406 3311 500 3383 ‘te
542 3312 633 3382 ad
678 3337 965 3386 causam
1010 3315 1220 3405 facti,
1270 3331 1427 3387 tum
1468 3339 1820 3402 recessus,
1865 3330 1946 3387 ut
1979 3339 2095 3386 res
2139 3318 2294 3414 ipsa
2327 3329 2557 3386 matu-

428 3423 709 3496 ritatem
745 3424 877 3496 tibi
912 3424 1531 3498 animadvertendi
1571 3427 1899 3497 omnium
1946 3450 2294 3498 concessu
2333 3424 2557 3496 daret.

431 3532 782 3607 Liberasti
806 3537 1024 3633 igitur
1050 3551 1123 3608 et
1146 3535 1404 3607 urbem
1432 3535 1759 3634 periculo
1781 3591 1800 3626 ‚
1829 3549 1902 3607 et
1931 3537 2289 3608 civitatem
2319 3525 2558 3616 metm

432 3667 673 3741 neque
709 3645 945 3717 solum
972 3645 1064 3718 ad
1102 3660 1389 3744 tempus
1413 3648 1792 3717 maximam
1822 3645 2202 3718 utilitatem
2229 3645 2558 3727 attulisti,

430 3751 560 3824 sed
622 3758 836 3826 etiam
900 3756 991 3830 ad
1058 3757 1473 3855 exemplum
1500 3767 1554 3826 ⁸7.
1628 3757 1796 3846 Quo
1863 3753 2053 3827 facto
2084 3811 2104 3842 ,
2163 3754 2560 3852 intelligere

504 3911 552 3958 5.
580 3909 803 3958 Alterum
828 3913 1131 3977 exemplum,
1155 3925 1257 3961 tum
1285 3910 1451 3960 αηὶηιί.
1615 3928 1662 3972 7.
1695 3911 1893 3958 Rectiu·
1929 3927 2071 3976 qnam
2097 3910 2148 3957 in
2184 3911 2324 3974 epist.
2358 3909 2420 3957 ad
2445 3908 2558 3956 Div.

500 3991 549 4039 6.
570 3990 1281 4056 Ernest.addit‚eegmdaeim.
1310 3993 1453 4041 More
1541 3991 1645 4047 11,
1683 3996 1743 4044 14
1761 4024 1776 4047 ‚
1810 4013 1836 4032 0-
1853 3989 1916 4038 ad
1943 3989 2217 4054 exemplum
2244 3987 2381 4038 sacti.
2413 3987 2559 4037 Intel-

429 4069 543 4116 snti-
565 4067 905 4120 cieemniano.
930 4072 964 4120 J
970 4107 984 4120 .
1004 4073 1064 4118 V.
1092 4073 1148 4119 L.
1540 4069 1687 4135 ligere
1714 4069 1892 4134 debeo,
1919 4081 2014 4122 etc.
2039 4093 2065 4114 ι·
2087 4070 2121 4118 J
2127 4105 2140 4118 .
2162 4070 2227 4118 V.
2257 4071 2313 4117 L.
