3019 4681
672 397 1184 466 EPISTOLAE
1232 397 1373 465 AD
1422 397 1936 496 ATTICUM‚
1979 401 2125 488 xl,
2173 423 2285 470 10.
2421 401 2554 501 195

429 514 520 587 ad
560 531 631 588 te
674 521 881 606 misi,
922 523 1329 616 perspicere
1374 518 1699 616 potuisti.
1749 524 1911 591 Haec
1949 520 2080 591 tibi
2124 520 2358 595 dolori
2403 551 2558 602 esse

430 640 629 696 certo
658 632 806 698 scio
839 655 854 697 ε
892 653 1005 698 me
1035 626 1329 725 quidem
1362 629 1812 717 excruciant,
1843 645 1916 700 et
1952 657 2040 702 eo
2069 636 2328 732 magis²
2354 638 2557 734 quod

428 735 607 804 mihi
658 762 824 808 cum
871 737 1005 808 illis
1050 763 1143 809 ne
1194 734 1552 834 querendi
1596 735 1894 834 quidem
1943 739 2184 814 locum
2230 741 2558 821 futurum

428 859 610 941 puto
632 843 682 915 ⁵.
730 851 838 918 De
895 845 1243 918 Africanis
1300 846 1522 918 rebus
1575 846 1789 944 longe
1839 849 1971 920 alia
2025 851 2273 941 nobiS,
2332 880 2414 925 ac
2479 872 2560 928 tu

430 957 846 1053 scripsera5‚
878 957 1329 1028 nuntiantur.
1351 956 1548 1027 Nihil
1583 961 1776 1028 enim
1801 956 2080 1032 firmius
2107 985 2262 1036 esse
2288 962 2562 1054 dicunt,

430 1065 611 1138 nihil
651 1064 1039 1163 paratiusss.
1070 1065 1367 1138 Accedit
1394 1071 1734 1164 Hispania
1755 1081 1808 1154 7,
1848 1085 1922 1140 et
1951 1067 2296 1142 alienata⁸
2328 1075 2562 1163 Italia;

432 1173 805 1271 legionum
849 1201 984 1248 nec
1027 1181 1133 1248 vis
1188 1177 1477 1267 eadem,
1522 1201 1658 1249 nec
1705 1177 2076 1268 voluntas3
2123 1179 2414 1254 urbanae
2449 1209 2564 1256 res

431 1286 722 1382 perditoe
747 1299 800 1355 9.
849 1285 1045 1376 Quid
1093 1300 1242 1372 est,
1281 1285 1411 1356 ubi
1462 1288 1952 1384 acquiescam,
1999 1290 2139 1360 nisi
2180 1315 2400 1386 quam
2437 1291 2566 1364 diu

431 1407 589 1464 tuas
634 1394 870 1466 literas
908 1394 1127 1494 lego?
1161 1419 1324 1492 quae
1370 1409 1610 1467 essent
1652 1394 1980 1494 profecto
2022 1396 2424 1474 crebriores
2449 1455 2468 1488 ,
2506 1405 2567 1473 si

429 1501 608 1598 quid
660 1502 963 1576 haberes
988 1558 1007 1592 ,
1061 1530 1213 1602 quo
1262 1519 1560 1602 putares
1610 1527 1846 1577 meam
1899 1507 2298 1580 molestiam
2335 1512 2568 1583 minui

424 1637 661 1710 posse.
710 1614 846 1686 Sed
894 1625 1143 1686 tamen
1177 1630 1249 1685 te
1290 1639 1469 1712 rogo
1491 1669 1512 1704 ‚
1542 1641 1636 1686 ne
1667 1618 2095 1690 intermittas
2133 1619 2446 1693 scribere
2475 1621 2566 1693 ad

427 1748 585 1808 me,
646 1723 1006 1822 quidquid
1052 1726 1185 1796 erit
1215 1778 1236 1813 ,
1281 1749 1554 1822 eosque
1574 1733 1662 1812 ¹⁰,
1709 1727 1836 1832 qui
1885 1727 2066 1798 mihi
2111 1741 2258 1798 tam
2308 1729 2568 1802 crude-

426 1833 593 1906 liter
618 1836 889 1906 inimici
915 1849 1089 1906 sunt
1107 1888 1128 1923 ,
1157 1838 1216 1905 si
1244 1835 1479 1906 odisse
1506 1861 1659 1906 non
1687 1850 1934 1932 poteS,
1963 1858 2250 1908 accuses
2283 1851 2561 1926 tamem

428 1969 579 2016 non
624 1959 711 2016 ut
750 1945 1022 2042 aliquid
1060 1944 1393 2044 proficias
1421 1997 1441 2032 ‚
1490 1945 1618 2016 sed
1659 1960 1745 2016 ut
1785 1971 1901 2046 me
1944 1945 2076 2044 tibi
2119 1971 2366 2018 carum
2409 1974 2566 2022 esse

431 2057 765 2126 sentiant.
805 2056 1015 2126 Plura
1057 2053 1149 2127 ad
1191 2070 1260 2128 te
1304 2054 1652 2146 scribam,
1688 2059 1748 2127 si
1785 2056 1962 2127 mihi
1999 2056 2091 2130 ad
2125 2082 2244 2130 eas
2283 2058 2522 2132 literas
2545 2115 2566 2149 ‚

427 2187 608 2260 quas
663 2168 989 2262 proxime
1030 2163 1121 2238 ad
1163 2181 1237 2238 te
1274 2164 1485 2256 dedi,
1521 2168 1987 2266 rescripseris.
2035 2167 2233 2240 Vale.
2269 2193 2369 2240 xn
2421 2169 2562 2241 kal.

427 2271 609 2347 febr.

499 2468 549 2516 5.
574 2469 717 2517 Puto.
747 2466 995 2533 Siquidem
1030 2468 1153 2517 alter
1176 2466 1323 2515 frater
1350 2478 1447 2525 est,

423 2548 544 2596 alter
570 2548 727 2597 fratris
748 2546 892 2597 filius.
917 2548 1041 2597 Cum
1061 2546 1192 2607 aliis,
1217 2546 1258 2595 si
1276 2561 1351 2595 res
1376 2562 1451 2595 es·-

424 2638 521 2687 set‚
546 2626 831 2677 ulciscerer:
852 2644 965 2675 eum
988 2626 1066 2675 his
1089 2642 1151 2674 ne
1176 2627 1314 2689 queri
1340 2625 1447 2691 qui·

426 2706 538 2754 dem
558 2701 675 2754 mihi
702 2708 911 2756 arbitror
934 2708 1100 2755 licere.
1130 2707 1276 2754 Mur.

496 2784 551 2833 6.
609 2784 751 2833 Nihil
796 2783 1047 2849 paratius.
1104 2784 1409 2849 Pompeianis
1426 2817 1443 2843 ,

426 2862 655 2927 Scipione
696 2876 745 2912 et
770 2864 957 2915 Catone
972 2896 988 2924 ,
1033 2863 1324 2927 qmbuseum
1358 2878 1445 2911 rex

422 2942 551 2990 ana
571 2954 621 2990 et
636 2942 795 2991 Varus
811 2959 861 2991 se
882 2943 1258 3005 conjunxerant.
1290 2942 1381 2991 En.

500 3038 547 3081 7.
576 3019 833 3085 Hispania.
859 3023 917 3068 In
944 3037 1039 3086 qna
1062 3022 1155 3071 Cn.
1182 3019 1445 3084 Pompeius

422 3098 590 3163 Magni
606 3098 735 3147 filius
751 3096 932 3148 bellum
954 3099 1185 3149 adversus
1207 3102 1442 3149 Caesarem

424 3176 737 3227 instaurabat.
788 3178 1043 3243 Appianas
1084 3177 1170 3225 lib.
1226 3180 1307 3237 11;
1342 3178 1443 3225 Dio

422 3254 511 3305 lib.
540 3258 679 3305 XLII
704 3270 756 3307 et
782 3260 959 3306 XLIII.
990 3259 1209 3305 ΜΑΙΠΤ.
1248 3282 1319 3293 -—
1346 3255 1441 3305 Sed
1464 3258 1469 3263 ’

233 3398 243 3409 ⁸
286 3410 294 3415 „
423 3334 604 3383 bellum
650 3336 867 3385 nondum
912 3348 1143 3401 coeperat.
1182 3334 1312 3401 Ergo
1358 3334 1440 3382 hic

1535 2464 1877 2531 intelligendus
1898 2468 1960 2531 Q.
1977 2466 2449 2531 Cassius-Longinus,
2469 2471 2561 2532 qui

1535 2546 1779 2610 Hispanos
1803 2544 2171 2595 abalienaverat.
2192 2544 2308 2595 vid.
2342 2546 2404 2595 de
2429 2544 2554 2595 nen.

1535 2625 1807 2675 Alexandr.
1831 2642 1876 2675 e.
1899 2626 1983 2681 48.
2009 2624 2103 2673 En.
2619 2622 2626 2629 ’

1609 2706 1658 2755 8.
1715 2704 1965 2753 Alienata.
2027 2706 2294 2753 Praesertim
2355 2717 2559 2771 propter

1531 2782 1738 2831 Antonii
1757 2836 1760 2839 ⁴
1776 2782 2111 2831 crudelitatem
2146 2798 2204 2831 ac
2231 2782 2552 2849 direptiones.

1529 2862 1766 2911 Mamm».

1603 2956 1654 3004 9.
1704 2940 1916 2988 Urbana:
1953 2954 2028 2987 res
2055 2938 2290 3002 perdita.
2328 2940 2558 2989 Moribus

1531 3018 1796 3067 tribunitiis
1826 3028 1899 3065 ‘et
1955 3016 2290 3081 rogationibus
2344 3018 2556 3067 maxime

1529 3094 1800 3147 Dolabellas
1815 3132 1831 3157 ,
1850 3096 2047 3144 ferentis
2065 3097 2220 3161 legem
2233 3097 2561 3161 perniciosam

1531 3176 1594 3225 de
1621 3176 1764 3224 novis
1798 3174 1990 3223 tabulis.
2017 3176 2108 3239 Ep.
2147 3189 2234 3233 12,
2275 3176 2340 3223 15
2373 3186 2424 3223 et
2461 3184 2546 3233 ah.

1527 3256 1722 3304 Porus.

1606 3344 1684 3382 ιο.
1705 3334 1918 3397 Easque.
1934 3332 1998 3395 Q.
2013 3331 2226 3389 frati-em,
2237 3340 2286 3377 et
2300 3330 2362 3395 Q.
2375 3327 2551 3380 filium.

2207 4172 2312 4241 13.
