3019 4681
752 401 1264 480 EPISTOLAE
1315 399 1452 469 AD
1499 400 1994 486 ATTICUM,
2038 401 2146 487 X,
2207 422 2265 468 1.
2440 422 2561 470 121

437 527 647 596 ranni
668 578 688 610 ‚
717 525 778 596 si
801 525 862 594 is
887 524 1128 620 aliqua
1157 521 1250 594 de
1273 546 1354 594 re
1375 522 1572 594 bona
1600 521 2127 594 deliberaturus
2152 521 2263 592 sit.
2294 523 2570 612 Quare,

437 638 494 708 si
521 634 702 732 quid
729 633 1091 728 ejusmodi
1119 633 1442 705 evenerit
1460 687 1479 722 ,
1507 647 1593 703 ut
1615 655 2057 705 arcessamur
2082 630 2111 728 (
2134 628 2334 728 quod
2358 631 2566 728 equi·

435 745 603 817 dem
644 768 800 815 non
851 768 1073 815 curo:
1120 741 1298 840 quid
1341 745 1538 814 enim
1584 766 1814 815 essem
1851 739 1943 812 de
1986 763 2161 838 pace
2198 738 2521 811 dicturus
2548 789 2567 826 ‚

433 855 579 926 dixi
605 849 705 943 ¹⁸3
743 855 898 952 ipse
922 851 1130 924 valde
1155 851 1642 948 repudiavit):
1674 851 1801 926 sed
1834 866 2111 938 tamen,
2148 849 2207 920 si
2235 848 2413 946 quid
2444 873 2561 922 ac-

434 962 721 1049 ciderit,
748 961 928 1061 quid
960 986 1250 1034 censeas
1276 963 1457 1033 mihi
1486 961 1933 1048 faciendum,
1962 963 2219 1056 utique
2246 957 2561 1032 scribite.

431 1074 629 1148 Nihil
667 1075 858 1146 enim
891 1071 1071 1144 mihi
1107 1072 1346 1145 adhuc
1377 1073 1633 1146 accidit
1654 1129 1673 1163 ,
1716 1071 1919 1170 quod
1956 1069 2245 1164 majoris
2286 1069 2565 1142 consilii

433 1199 638 1257 esset.
675 1184 1029 1272 Trebatii,
1056 1183 1236 1269 boni
1262 1184 1396 1254 viri
1423 1200 1496 1256 et
1522 1186 1695 1256 civis
1711 1237 1732 1271 ,
1762 1179 1999 1253 verbis
2034 1193 2107 1250 te
2139 1178 2427 1274 gaudeo
2444 1177 2566 1250 de-

432 1290 810 1376 lectatum;
845 1303 1115 1386 tuaque
1171 1290 1304 1361 ista
1361 1286 1615 1360 crebra
1670 1295 2001 1385 ἐκφώνησις
2022 1299 2110 1377 ¹9,
2148 1293 2397 1385 ὑπέρευ,
2448 1308 2563 1356 me

431 1400 582 1494 sola
639 1398 880 1471 adhuc
937 1397 1332 1470 delectavit.
1385 1400 1659 1470 Literas
1708 1413 1869 1472 tuas
1921 1400 2390 1474 vehementer
2436 1420 2565 1468 ex·-

431 1524 718 1608 spect0,
761 1533 942 1606 quas
979 1507 1278 1606 quidem
1317 1509 1536 1581 credo
1574 1510 1723 1604 jam
1757 1509 1959 1584 datas
1995 1536 2173 1586 esse.

523 1625 631 1692 Tu
664 1645 832 1692 cum
862 1622 1080 1691 Sexto
1102 1629 1170 1662 ²⁰
1197 1621 1491 1690 servasti
1515 1620 1939 1716 gravitatem
1962 1621 2313 1707 eamdem,
2341 1639 2565 1714 quam

426 1729 606 1801 mihi
639 1723 985 1829 praecipis.
1025 1728 1234 1800 Celer
1254 1739 1314 1774 ²¹
1359 1743 1527 1800 tuus
1564 1729 1874 1802 disertus
1912 1735 2138 1830 magis
2163 1745 2300 1819 est,
2339 1751 2561 1825 quam

427 1841 729 1939 sapiens.
768 1843 878 1910 De
916 1836 1313 1934 juvenibus
1338 1849 1426 1928 ²²,
1472 1864 1632 1937 quae
1664 1865 1752 1912 ex
1783 1841 2013 1913 Tullia
2057 1839 2317 1913 audisti
2340 1892 2359 1922 ‚
2392 1859 2564 1908 vera

427 1963 613 2020 sunt.
657 1953 756 2019 M.
798 1949 1090 2020 Antonii
1127 1942 1322 2020 istud
1337 1946 1429 2038 ²³,
1471 1948 1672 2046 quod
1707 1951 1995 2037 scribis,
2043 1975 2196 2022 non
2244 1948 2424 2020 mihi
2457 1947 2559 2017 vi-

426 2053 640 2127 detur
675 2070 819 2126 tam
854 2078 934 2125 re
971 2079 1124 2126 esse
1163 2056 1398 2145 triste,
1434 2081 1656 2152 quam
1692 2056 1939 2128 verbu.
1978 2063 2145 2130 Haec
2180 2066 2287 2124 est
2321 2055 2439 2132 ἄλη
2467 2054 2557 2141 ²⁴,

424 2166 500 2236 in
537 2189 683 2262 qua
723 2189 922 2236 nunc
955 2189 1238 2251 sumus,
1279 2169 1535 2236 mortis
1564 2168 1806 2237 instar.
1851 2171 1996 2237 Aut
2028 2167 2223 2239 enim
2261 2164 2438 2236 mihi
2471 2163 2553 2234 li-

422 2269 597 2343 bere
639 2271 827 2342 inter
859 2269 1086 2347 malos
1117 2275 1507 2343 πολιτευτέον
1531 2267 1597 2313 ²⁵
1634 2269 1803 2361 fuit,
1834 2287 1957 2345 aut
1991 2273 2103 2345 vel
2142 2270 2551 2371 periculose

497 2478 577 2525 18.
605 2476 744 2528 Davi.
769 2478 958 2542 Nempe
975 2476 1030 2525 in
1046 2492 1306 2541 congressu
1329 2492 1442 2525 eum
1530 2475 1719 2525 llbrsrii
1766 2478 1939 2527 fecisse
1985 2478 2229 2527 videntur.
2274 2480 2550 2529 omma-us.

415 2555 622 2606 Coesnre.
650 2557 766 2607 vid.
785 2558 864 2605 11
879 2590 896 2616 ,
929 2558 1024 2635 18.ο
1039 2582 1108 2591 —-
1135 2560 1260 2620 Ipse.
1283 2556 1444 2605 Caesar
1602 2570 1687 2605 21.
1707 2555 1855 2605 Celer.
1880 2559 1944 2619 Q.
1969 2558 2124 2617 Celer,
2144 2556 2205 2605 de
2226 2571 2327 2619 quo
2354 2556 2489 2606 alias.

419 2636 622 2686 scilieet.
649 2638 742 2686 En.

495 2732 579 2778 19.
596 2705 880 2781 Εκφώνησις.
908 2716 1011 2763 Tua
1031 2714 1319 2764 exclamatio
1335 2714 1443 2764 {11:⁸¹-

421 2808 498 2860 psu
518 2829 533 2853 ‚
553 2794 762 2857 perbene
775 2830 789 2849 ,
820 2805 877 2841 ut
895 2810 1054 2841 meum
1071 2792 1332 2840 eonsilium
1349 2792 1441 2840 tibi

417 2872 608 2938 plaeere
632 2872 925 2938 significares
941 2907 956 2931 ‚
977 2872 1120 2920 unice
1137 2888 1213 2920 me
1237 2871 1442 2921 delecta·

421 2952 507 3001 vit.
547 2954 668 3001 Sca.

488 3050 573 3082 πο.
607 3034 676 3079 Tu
698 3047 808 3080 enm
819 3033 984 3080 Sexto.
999 3032 1076 3079 Tu
1099 3041 1148 3080 et
1165 3032 1340 3079 Sextus
1355 3031 1434 3077 Pe·

417 3111 612 3161 ducens
651 3110 875 3160 servastis
895 3144 910 3169 ,
955 3120 1050 3159 ete.
1091 3112 1328 3160 Coaun.
1368 3136 1438 3147 --

417 3190 772 3239 Animadvertit
809 3188 1110 3251 Mongsltius
1125 3222 1140 3249 ,
1183 3188 1320 3252 quod
1357 3188 1438 3236 alii

415 3272 762 3333 praetermisere
775 3304 791 3327 ‚
815 3283 870 3315 ea
911 3284 1020 3332 quae
1045 3278 1434 3331 consequuntur,

415 3350 592 3413 scripta
616 3349 764 3397 fuisse
787 3358 898 3413 post
917 3358 1138 3412 aceeptus
1155 3346 1306 3395 Attici
1331 3347 1438 3395 lite-

415 3442 490 3474 ras
502 3462 516 3485 ,
537 3444 658 3492 quas
677 3427 848 3475 Cieero
871 3426 1180 3473 vehementer
1197 3436 1438 3490 exspecta-

416 3506 530 3565 bat,
554 3517 604 3554 et
639 3506 866 3554 credebat
874 3504 988 3571 jam
1027 3504 1176 3553 datas
1218 3520 1330 3553 esse.
1375 3506 1438 3553 Et

415 3600 526 3632 sene
547 3601 698 3649 qutun
739 3586 972 3633 hactenus
1011 3584 1226 3632 timuerit
1257 3599 1320 3631 ne
1355 3594 1434 3631 at-

413 3664 680 3712 traheretur
689 3666 892 3713 Romam
908 3696 926 3724 ,
947 3673 993 3710 et
1011 3664 1153 3713 amici
1175 3662 1432 3710 consilinm

413 3753 692 3806 exposceret
708 3776 722 3801 ,
747 3760 849 3806 quo
875 3752 1113 3799 uteretur,
1127 3742 1166 3789 si
1189 3740 1308 3805 quid
1324 3758 1432 3789 eve-

413 3821 538 3869 niret
573 3822 842 3882 ejusmodi:
876 3822 1102 3885 deinceps
1138 3822 1206 3869 ita
1235 3820 1428 3878 scribit,

412 3910 466 3949 ut
509 3900 594 3965 qui
633 3900 924 3948 intellexerit
973 3916 1023 3947 se
1070 3900 1277 3949 accitum
1327 3914 1430 3946 non

410 3978 498 4037 iri,
533 3994 690 4043 neque
721 3979 938 4027 «habeat
967 3994 1160 4027 neeesse
1197 3978 1430 4038 seribere,

411 4065 496 4104 aut
523 4057 670 4105 etiam
691 4058 902 4121 cogitare
922 4056 1045 4120 quid
1065 4058 1127 4105 sit
1155 4058 1366 4106 facturus
1383 4080 1426 4108 ιο.

411 4137 582 4198 Itaque
643 4153 706 4183 ex
766 4134 952 4184 duabus
1014 4137 1232 4201 epistolis
1283 4154 1428 4185 unam

1601 2650 1687 2682 υ.
1714 2636 1789 2683 De
1809 2633 2087 2701 juvenibus.
2107 2637 2181 2683 De
2206 2634 2545 2684 Ciceronibus.

1530 2716 1741 2763 Muw'r.

1604 2796 1688 2842 23.
1709 2794 1862 2841 Istud.
1898 2794 2039 2843 Istud
2058 2792 2179 2858 quid
2206 2793 2297 2856 sit,
2332 2793 2553 2842 nesciunt

1530 2872 1838 2936 interpretes,
1858 2882 1907 2920 et
1928 2871 2158 2921 mendum
2174 2872 2229 2919 in
2246 2874 2325 2921 M.
2344 2871 2554 2921 Antonii

1530 2966 1652 2998 voce
1678 2952 2003 3015 suspieentur.
2022 2954 2206 3017 Popma
2223 2950 2425 3015 corrigit
2442 2956 2555 3001 Ma.-

1530 3028 1639 3095 κρὸν
1657 3030 1807 3091 illud,
1834 3032 1867 3077 i.
1894 3048 1936 3077 e.
1956 3030 2155 3093 longum
2180 3041 2369 3094 tempus
2385 3030 2553 3079 abesse

1527 3123 1554 3154 s
1571 3108 1723 3170 patris
1744 3119 1792 3156 et
1809 3124 1909 3173 rep.
1932 3124 2034 3156 non
2054 3120 2151 3155 tam
2166 3124 2385 3171 re,qunm
2398 3109 2551 3158 verbo

1529 3187 1665 3235 triste
1688 3197 1779 3236 est.
1809 3187 2045 3237 Tunstall.
2072 3188 2213 3253 epist.
2235 3186 2300 3234 sd
2323 3186 2550 3237 Middlet.

1526 3280 1640 3330 pag.
1668 3267 1761 3325 80,
1786 3267 1986 3331 corrigit
2014 3266 2075 3313 de
2097 3267 2375 3326 conjectura
2409 3263 2551 3332 ἄκρον

1528 3344 1677 3405 istud,
1710 3346 1930 3394 ultimum
1966 3345 2099 3393 istud
2132 3343 2349 3409 epistola
2365 3352 2477 3392 tnae.
2498 3344 2551 3392 Si

1526 3442 1695 3473 verum
1710 3436 1783 3473 est
1802 3447 1825 3469 ι
1839 3426 2125 3494 ῙγΙ.Δηῐοηίἰ
2138 3447 2185 3486 υ,
2195 3438 2297 3471 non
2311 3423 2375 3470 sd
2386 3424 2552 3472 trium-

1526 3506 1704 3566 virum,
1717 3515 1773 3553 ut
1790 3504 1905 3553 feeit
1921 3503 2246 3568 Mongnltius,
2260 3503 2347 3551 sed
2368 3504 2432 3553 ad
2446 3520 2549 3553 ora-

1526 3592 1681 3631 torem
1704 3586 1904 3649 eiusque
1926 3584 2113 3631 tristem
2137 3583 2252 3631 vitae
2274 3584 2461 3633 exitum
2482 3601 2552 3633 re·

1523 3662 1793 3710 ferendum.
1812 3666 1887 3713 De
1909 3664 2047 3712 orat.
2072 3664 2173 3721 111,
2200 3664 2261 3723 33
2286 3664 2554 3727 Tusculx,

1529 3758 1607 3803 19.
1628 3742 1679 3789 si
1698 3742 1752 3789 id
1769 3742 1857 3803 sit,
1878 3742 2041 3790 mallet
2054 3744 2088 3791 J
2091 3743 2169 3790 N.
2194 3746 2247 3791 L.
2273 3742 2431 3809 legere
2448 3768 2473 3787 n
2489 3742 2550 3793 de

1521 3823 1597 3869 M.
1628 3822 1848 3869 Antonio
1862 3844 1903 3871 a.
1920 3822 2015 3871 En.

1595 3906 1678 3954 24.
1707 3884 1819 3952 hu.
1844 3898 2095 3949 Ana-ieras.
2124 3902 2185 3949 Et
2210 3901 2311 3949 hoe
2334 3901 2547 3949 restituit

1520 3980 1767 4041 Muretus,
1785 3994 1931 4043 quem
1952 3978 2066 4028 vide
2083 3981 2261 4029 iterum
2274 3982 2391 4030 Ver.
2410 3982 2543 4028 Leet.

1522 4060 1567 4105 X
1583 4095 1598 4118 ,
1634 4074 1655 4105 1
1667 4074 1714 4106 α.
2164 4056 2169 4061 ’

1594 4140 1677 4187 25.
1697 4136 2017 4187 Πολιτιυτὲον.
2038 4142 2095 4187 Ιιι
2120 4156 2225 4204 rep.
2247 4136 2546 4186 versandum.
