3019 4681
518 380 656 453 520
1157 388 1253 455 M.
1305 388 1384 455 T.
1437 387 1995 458 CICERONIS

523 503 618 575 ‹le
661 505 944 577 consilii
991 507 1347 577 sententia
1387 504 1868 579 decreverunt
1900 504 2303 579 secundum
2341 511 2661 583 Buthro-

523 615 706 704 tios;
770 616 1118 687 Plancum
1178 615 1542 688 dederunt
1562 627 1617 687 ².
1679 621 1931 707 Nunc,
1992 619 2091 687 mi
2154 619 2411 715 Capito
2466 621 2661 717 (scio

519 727 710 797 enim
741 782 760 816 ,
808 741 1166 824 quantum
1227 750 1517 825 semper
1567 727 1766 826 apud
1822 752 1989 818 εοε,
2036 726 2479 825 quibuscum
2528 732 2658 817 sis,

515 860 732 933 posse
777 837 1005 909 soleas
1033 892 1052 926 ,
1091 862 1178 909 eo
1221 837 1386 935 plus
1422 836 1621 936 apud
1669 837 2039 909 hominem
2076 834 2501 909 facillimum
2548 855 2655 910 at-

519 972 666 1044 que
709 947 1312 1019 humanissimum
1347 948 1775 1047 Plancum),
1818 950 2133 1038 enitere,
2176 947 2507 1033 elabora,
2548 952 2657 1021 vel

518 1059 766 1155 potius
829 1057 1200 1129 eblandire
1227 1114 1247 1145 ‚
1303 1056 1550 1151 effice,
1613 1074 1695 1131 ut
1754 1060 2097 1148 PlancuS‚
2162 1084 2386 1157 quem
2444 1085 2657 1157 spero

517 1170 878 1265 optimum
919 1192 1072 1241 esse
1103 1227 1121 1255 ,
1165 1170 1258 1241 sit
1304 1171 1519 1242 etiam
1568 1171 1828 1243 melior
1874 1192 2098 1269 opera
2140 1184 2281 1245 tua.
2334 1173 2657 1242 Omnino

517 1302 634 1349 res
671 1277 1091 1381 hujusmodi
1119 1278 1408 1353 videtur
1434 1305 1589 1353 esse
1610 1336 1631 1370 ,
1666 1296 1751 1357 ut
1781 1284 1936 1354 sine
1972 1282 2401 1379 cujusquam
2434 1282 2658 1379 gratia

521 1382 817 1460 Plancus
859 1382 1056 1488 ipse,
1094 1416 1232 1489 pro
1281 1393 1576 1489 ingenio
1618 1407 1693 1463 et
1730 1390 2117 1490 prudentia
2152 1414 2279 1461 sua
2306 1444 2327 1479 ‚
2368 1414 2526 1461 non
2570 1392 2661 1461 sit

519 1494 1009 1589 dubitatum,
1030 1502 1212 1599 quin
1241 1500 1613 1579 decretum
1633 1501 2039 1589 consulum,
2061 1524 2377 1599 quorum
2398 1499 2660 1597 etlege,

518 1624 590 1679 et
627 1611 1255 1703 senatusconsulto
1293 1612 1615 1709 cognitio
1652 1625 1724 1683 et
1756 1610 2111 1707 judicium
2144 1608 2318 1698 suit,
2358 1632 2656 1680 conser-

513 1733 672 1791 vet:
713 1724 1107 1817 praesertim
1145 1746 1376 1819 quum
1396 1776 1417 1810 ‚
1451 1721 1594 1793 hoc
1633 1746 1897 1819 genere
1930 1722 2435 1819 cognitionum
2468 1718 2660 1791 labe-

513 1828 777 1905 factato
799 1885 819 1919 ‚
857 1847 1014 1903 acta
1067 1836 1358 1903 Caesaris
1405 1834 1482 1903 in
1533 1829 1839 1905 dubium
1890 1843 2199 1903 ventura
2240 1828 2658 1915 videantur3

514 1963 676 2036 quae
735 1966 885 2011 non
938 1940 1164 2013 modo
1213 1942 1303 2027 ii,
1357 1965 1675 2038 quorum
1732 1944 2071 2027 interest,
2128 1938 2257 2011 sed
2304 1940 2526 2017 etiam
2575 1943 2658 2027 ii,

518 2051 646 2145 qui
691 2050 813 2120 illa
863 2075 1012 2122 non
1071 2048 1426 2149 probant,
1480 2052 1613 2123 otii
1661 2077 1874 2123 causa
1929 2046 2351 2123 confirmari
2414 2050 2658 2124 velint.

516 2160 738 2253 Quod
779 2185 1007 2263 quum
1048 2164 1149 2231 ita
1189 2161 1314 2251 sit,
1357 2174 1600 2232 tamen
1639 2156 1940 2231 interest
1981 2172 2263 2241 nostra,
2308 2156 2657 2231 Plancum

518 2267 658 2339 hoc
696 2272 940 2346 animo
994 2268 1252 2350 libenti
1289 2270 1719 2370 prolixoque
1752 2268 1988 2343 facere
2019 2297 2036 2339 ε
2077 2264 2279 2367 quod
2320 2280 2523 2339 certe
2558 2266 2657 2337 fa·

518 2383 698 2468 ciet,
733 2381 791 2458 si
825 2394 908 2450 tu
945 2381 1288 2460 nervulos
1320 2397 1527 2470 tuos,
1574 2382 1754 2454 mihi
1794 2406 1979 2482 saepe
2023 2381 2389 2477 cognitOS‚
2431 2379 2661 2452 suavi-

519 2502 927 2587 tatemque,
965 2516 1112 2589 qua
1153 2516 1374 2569 nemo
1414 2492 1546 2563 tibi
1594 2517 1727 2590 par
1767 2507 1913 2582 est,
1953 2489 2390 2562 adhibueris.
2441 2485 2662 2586 Quod

513 2614 597 2670 ut
635 2598 886 2691 facias,
925 2617 998 2674 te
1034 2601 1504 2681 vehementer
1540 2626 1744 2700 rogo.

591 2791 640 2822 α.
675 2775 916 2824 Plancum
940 2775 1194 2826 dederunt.
1221 2777 1368 2827 Haud
1395 2777 1537 2826 aliter
1630 2788 1687 2825 ut
1709 2777 1804 2842 leg.
1826 2775 2069 2835 crederet,
2096 2795 2119 2818 ι
2134 2774 2295 2824 literas
2332 2773 2399 2821 ad
2426 2773 2663 2822 Plancum

515 2853 754 2918 scriptum
794 2865 868 2904 est
902 2855 955 2906 iu
989 2855 1202 2922 antiquis
1237 2855 1408 2905 libris:
1441 2856 1536 2904 du·
1624 2855 1927 2905 dederunt».
1946 2853 2159 2902 Videbat
2182 2855 2313 2901 enim
2330 2852 2399 2901 ita
2423 2852 2662 2916 scriptum

513 2950 622 2981 rum
637 2968 652 2993 ,
695 2934 738 2981 si
773 2933 1143 2999 intelligendum
1181 2947 1256 2984 est
1297 2937 1536 2985 Plancum
1622 2949 1801 3001 supra:
1823 2958 1847 2978 α
1864 2933 2101 2984 Consules
2118 2933 2454 2998 probaverunt
2469 2947 2664 2980 causam

516 3015 752 3063 arbitrum
785 3013 1044 3064 ‹leder-eme.
1072 3018 1266 3065 Manat.
1287 3025 1447 3064 tamen
1481 3015 1537 3063 in
1628 3009 1733 3062 sine
1754 3013 1853 3070 ulla
1880 3013 2184 3063 dubitatione
2202 3045 2218 3072 ,
2255 3027 2405 3075 seque
2430 3013 2499 3061 nd
2526 3023 2574 3060 te
2598 3011 2662 3058 li·

512 3094 640 3144 hano
676 3095 960 3160 opinionem
993 3095 1118 3147 ratio
1145 3095 1252 3160 ipa
1281 3095 1539 3159 perduxit,
1630 3105 1757 3148 teras
1776 3093 1976 3150 daturos
1996 3109 2100 3143 esse
2122 3092 2407 3142 dixerunt..
2440 3093 2538 3148 En.

1547 3233 1635 3300 D.

1019 3353 1030 3362 ι
1065 3404 1375 3470 CICERO
1423 3406 1497 3470 C.
1544 3405 2016 3470 CUPIENNIO
2062 3404 2126 3467 S.

725 3556 1048 3633 Cupiennio
1075 3576 1307 3616 causam
1337 3556 1587 3615 civitatis
1608 3555 2049 3615 Buthrotiorum
2070 3553 2461 3613 commendat.

1343 3649 1446 3729 (In
1477 3647 1857 3725 Tusculanae.)

613 3785 916 3854 PATREM
957 3800 1163 3856 tuum
1207 3784 1495 3882 plurimi
1540 3780 1713 3873 feci3
1748 3806 2014 3880 meque
2058 3779 2178 3852 ille
2234 3777 2535 3850 mirifice
2584 3790 2651 3848 et

515 3889 776 3977 coluit,
817 3908 890 3966 et
924 3899 1185 3967 amavit
1221 3921 1237 3965 ε
1281 3919 1419 3968 nec
1455 3893 1872 3966 mehercule
1914 3914 2265 3989 umquam
2297 3889 2481 3960 mihi
2516 3885 2646 3958 du·

518 3995 722 4068 bium
757 3997 929 4089 fuit,
971 4009 1151 4101 quin
1187 4028 1232 4074 a
1273 4019 1344 4076 te
1377 4003 1729 4102 diligerer.
1769 4009 1919 4100 Ego
1962 3999 2261 4100 quidem
2302 3999 2379 4072 id
2424 3997 2653 4070 facere

519 4130 668 4176 non
722 4107 984 4178 destiti.
1040 4112 1533 4201 Quamobrem
1580 4127 1752 4212 peto
1792 4139 1829 4184 a
1865 4128 1939 4184 te
1984 4115 2060 4182 in
2096 4110 2449 4205 majorem
2494 4131 2648 4180 mo-
