3019 4681
604 356 1145 430 EPISTOLAE
1193 356 1329 425 AD
1377 355 1889 444 ATTICUM,
1926 358 2156 445 XVI,
2192 356 2260 429 5.
2364 360 2509 462 489

374 486 640 583 putet?
673 488 762 555 Et
795 487 896 553 ais
917 536 938 567 ‚
983 489 1115 578 μετ’
1151 482 1436 575 ἀμύμονα
1449 488 1540 547 ²9.
1582 484 1690 550 Tu
1732 504 1906 553 vero
1938 486 2193 579 ἀμύμων
2221 493 2281 526 ²¹
2330 511 2346 553 :
2388 482 2513 555 ille

375 589 676 687 quidem
707 586 1019 686 ἄμὸροτος
1035 596 1124 655 ²².

471 700 800 766 Mearum
827 693 1292 792 epistolarum
1325 688 1524 761 nulla
1561 704 1668 761 est
1722 706 2043 795 συναγωγή
2077 692 2168 765 ²3,
2220 692 2362 765 Sed
2396 692 2524 775 ha..

373 802 504 875 bet
534 806 704 877 Tiro
739 806 966 875 instar
999 803 1470 901 septuaginta.
1499 808 1591 875 Et
1620 802 1917 901 quidem
1954 821 2126 879 sunt
2151 830 2194 876 a
2223 819 2295 876 te
2323 828 2518 902 quae-.

374 912 540 985 dam
571 914 957 987 sumendae.
997 918 1134 984 Eas
1169 936 1342 1010 ego,
1379 928 1672 1011 oportet
1691 968 1713 1003 ‚
1762 916 2190 1014 perspiciam
2216 969 2237 1003 ‚
2283 916 2515 993 corri-

374 1044 540 1119 gam
582 1050 600 1092 :
643 1037 800 1094 tum
837 1022 1156 1120 denique
1192 1022 1521 1097 edentur.

447 1215 536 1248 ao.
571 1202 692 1247 Μετ’
730 1196 968 1265 ἀμύμονα.
996 1200 1118 1246 Post
1154 1208 1400 1246 carentem
1488 1198 1793 1248 Ciceronem.
1812 1200 1970 1262 Quam
1997 1198 2175 1248 deinde
2194 1197 2391 1247 leudem
2414 1214 2445 1246 a
2462 1214 2517 1247 se

373 1296 532 1328 naevo.
570 1278 854 1343 Respieitm·
891 1276 1031 1327 nini.
1069 1278 1138 1335 Β,
1161 1279 1286 1340 674,
1309 1278 1401 1326 ubi
1487 1276 1662 1326 Cicero
1678 1278 1897 1327 modeste
1922 1288 2137 1328 emovet.

373 1359 552 1407 Nireus
588 1358 966 1406 formosissimus
1021 1356 1234 1416 dieitur,
1281 1368 1400 1423 post
1560 1374 1649 1409 21.
1670 1346 1897 1426 Ᾰμὺμων.
1925 1358 2107 1409 Cat-em
2136 1375 2287 1409 πονο.

373 1438 615 1487 Achillem
631 1454 765 1485 noevo
776 1448 1037 1487 ear-entem.
1054 1436 1250 1485 Atticus
1267 1438 1396 1485 enim
1559 1453 1644 1487 αα.
1667 1422 1927 1505 Ᾰμῧροτος.
1946 1439 2248 1486 Immortalis
2264 1472 2282 1499 ,
2307 1436 2515 1487 divinus.

373 1516 655 1581 scripserat,
696 1516 977 1565 Cornelium
1007 1516 1278 1581 Nepotem,
1311 1516 1398 1581 qni
1558 1518 1649 1565 23.
1678 1520 1901 1565 Mearum
1936 1516 2247 1581 epistolarum
2282 1516 2421 1564 nulla
2447 1526 2522 1564 ese

375 1594 618 1644 desiderio
650 1595 944 1659 seriptum
973 1596 1076 1657 ejus
1113 1594 1397 1655 tenebatur,
1485 1591 1760 1665 συναγωγή.
1779 1596 2030 1646 Collectio.
2046 1598 2179 1645 Hine
2198 1594 2375 1643 volunt
2394 1596 2515 1643 fuis·

374 1690 478 1723 esse
495 1674 736 1741 optimum
753 1675 1068 1741 scriptorem,
1082 1675 1270 1723 scilicet
1279 1686 1400 1739 post
1486 1690 1540 1723 se
1560 1692 1729 1723 omnes
1755 1692 1785 1724 a
1814 1676 1998 1724 Tirone
2032 1674 2282 1723 collectas.

985 1826 990 1833 '
1025 1838 1112 1857 Μ

1039 2028 1619 2111 EPISTOLA
1682 2032 1835 2111 VI.

375 2178 588 2241 Scribit
615 2180 689 2245 de
715 2182 922 2240 itinere
953 2202 1090 2253 suo,
1131 2180 1393 2260 petitque
1425 2196 1490 2240 ut
1516 2182 1755 2240 nomina
1785 2200 1888 2240 sua
1915 2180 2217 2259 expediam
2259 2179 2510 2257 denique

449 2276 610 2335 aliud
639 2276 778 2336 libri
807 2277 883 2337 de
915 2278 1118 2339 Gloria
1152 2279 1499 2359 prooemium
1530 2273 1731 2337 mittit.
1750 2277 2037 2357 (Vibone,
2062 2297 2156 2337 an.
2186 2282 2260 2338 U.
2284 2280 2348 2336 C.
2374 2296 2518 2356 709,
2594 2306 2604 2317 v

449 2395 648 2436 mense
674 2375 929 2454 quintili.
953 2375 976 2456 )

1047 2524 1358 2590 CICERO
1401 2525 1715 2591 ATrlco
1760 2525 1824 2591 S.

463 2673 622 2740 Eoo
655 2665 1246 2766 adhuc(peryeni
1283 2669 1480 2739 enim
1505 2668 1870 2740 Vibonem
1912 2668 2002 2741 ad
2040 2669 2317 2767 Sicam)
2353 2694 2506 2740 ma·

367 2778 474 2876 gis
521 2777 904 2850 commode
929 2831 950 2864 ‚
998 2801 1217 2873 quam
1263 2791 1557 2848 strenue
1610 2781 1935 2876 navigavi
1980 2807 1997 2851 ε
2037 2782 2257 2852 remis
2305 2781 2503 2852 enim

365 2912 698 2985 magnam
741 2901 1052 2984 partem3
1097 2885 1511 2984 prodromi¹
1552 2889 1757 2958 nulli.
1796 2889 1985 2960 Illud
2022 2893 2189 2962 satis
2230 2916 2505 2987 oppor-

365 3013 543 3069 tune
583 3024 600 3066 :
647 2996 796 3068 duo
850 3001 1050 3068 sinus
1091 2994 1392 3067 fuerunt
1419 3051 1438 3082 ‚
1483 3021 1670 3094 quos
1714 3000 2015 3069 tramitti
2069 3011 2503 3097 oportet-ev,

362 3113 726 3180 Paestanus
779 3122 852 3180 et
899 3104 1366 3193 Vibonensis;
1415 3106 2173 3205 utrumque‘pedibus
2224 3105 2498 3204 aequis³

359 3219 904 3289 transmisimus,
921 3217 1108 3289 Veni
1135 3218 1356 3314 igitur
1381 3217 1474 3288 ad
1500 3217 1734 3288 Sicam
1762 3231 2017 3288 octavo
2056 3215 2171 3287 die
2210 3241 2251 3288 e
2289 3221 2500 3286 Pom-

360 3331 623 3428 peiano
650 3383 672 3418 ‚
725 3353 958 3426 quum
1000 3351 1228 3398 unum
1273 3325 1465 3397 diem
1507 3326 1727 3401 Veliae
1765 3326 2246 3397 constitissem
2297 3351 2313 3393 ε
2368 3322 2499 3394 ubi

359 3439 656 3536 quidem
685 3438 790 3509 fui
819 3463 991 3510 sane
1005 3437 1316 3509 libenter
1339 3436 1536 3535 apud
1572 3433 1917 3508 Talnam4
1952 3449 2283 3507 nostrum
2308 3458 2328 3523 ;
2357 3458 2495 3505 nec

433 3623 479 3656 1.
516 3605 797 3670 Prodmmi.
846 3605 994 3654 Venti
1039 3603 1346 3669 aquilonares
1362 3636 1378 3664 ,
1465 3602 1645 3666 quibus
1685 3619 1742 3650 en
1774 3600 2104 3651 vertebantur.
2138 3601 2269 3650 Hine
2311 3610 2361 3650 et
2398 3618 2494 3666 pro

357 3688 442 3751 qni
485 3699 714 3737 exortum
751 3685 996 3736 canicula
1043 3697 1162 3734 oeto
1208 3683 1380 3732 diebus
1464 3682 1606 3730 velis.
1656 3682 1785 3730 Hine
1846 3681 1981 3744 oequi
2026 3681 2178 3744 pedes
2215 3691 2334 3729 sunt
2381 3681 2488 3730 veh

357 3766 650 3814 enteeedunt
668 3798 684 3823 ,
711 3774 762 3813 et
785 3767 857 3812 tv
881 3764 952 3814 id.
985 3765 1076 3826 iul.
1103 3763 1220 3812 flare
1259 3763 1380 3810 inei·
1466 3759 1717 3824 equaliter
1762 3771 1922 3818 tensa,
1966 3760 2103 3825 quod
2144 3759 2295 3808 fiebat
2339 3775 2493 3824 quum

355 3845 517 3909 piant.
549 3847 716 3893 Pons.
1465 3849 1669 3904 aequatae
1710 3855 1837 3888 aura
1878 3839 2098 3887 velorum
2146 3841 2281 3888 sinus
2321 3839 2498 3905 imple-

426 3940 476 3974 π.
498 3924 626 3982 Alii,
649 3933 856 3986 oportet.
879 3924 913 3970 J
922 3957 935 3971 .
954 3924 1018 3971 V.
1043 3923 1098 3970 L.
1464 3919 1605 3967 bant.
1636 3918 1782 3966 Salm.
1807 3918 1933 3965 Plin.
1961 3921 2138 3967 Exere.

427 4005 476 4051 3.
505 4001 698 4068 AEqm‘s.
715 4001 880 4066 Vulgo
902 4001 1055 4066 equis.
1083 3999 1234 4050 Pedes
1253 4015 1374 4064 pro-
1536 4000 1590 4058 4.
1620 3998 1884 4061 corrigunt
1932 3999 2153 4057 Testatus,
2202 4011 2379 4061 nempe
2427 3993 2489 4044 C.

359 4082 460 4146 prie
483 4093 598 4130 sunt
631 4083 772 4130 funes
797 4081 860 4128 ed
890 4081 1094 4144 angulos
1117 4080 1336 4128 velorum
1352 4113 1369 4139 ,
1461 4075 1743 4126 Trebatium
1763 4077 1957 4125 Testem
1972 4111 1987 4138 ,
2012 4075 2143 4142 apud
2170 4091 2315 4140 quem
2336 4073 2485 4122 Velia
