3019 4681
439 4321 470 4341 h

477 317 605 390 152
1108 321 1206 387 Μ.
1259 319 1336 385 Τ.
1391 319 1949 388 CICERONIS

2030 505 2583 526 mmmm

1119 692 1732 773 EPISTOLA
1784 694 1935 772 xl.
1992 657 2001 666 ’

464 873 725 930 Fratrem
768 887 938 927 suum
985 867 1182 926 Attico
1217 880 1482 940 excusat3
1541 867 1665 944 ejus
1704 867 1809 926 filii
1844 867 1983 925 vitia
2008 865 2277 944 quaedam
2308 885 2343 924 a
2374 879 2597 938 natura,

541 983 662 1024 non
679 984 714 1022 a
733 963 914 1042 patris
929 962 1285 1040 indulgentia
1299 962 1615 1042 repetenda
1632 983 1756 1022 esse
1771 986 1789 1036 3
1816 963 2137 1021 Antonium
2158 963 2401 1034 venisse,
2424 981 2599 1039 seque

545 1061 620 1120 de
651 1061 1019 1140 navigatione
1057 1059 1368 1119 sollicitum
1398 1080 1539 1119 esse.
1565 1066 1885 1120 Vectenum
1910 1081 1944 1120 a
1970 1080 2032 1119 se
2071 1059 2232 1139 diligi
2258 1058 2475 1119 scribit.
2504 1063 2597 1130 (In

549 1162 844 1231 Cumano,
863 1177 1015 1217 anno
1037 1161 1111 1218 U.
1137 1161 1200 1220 C.
1224 1165 1365 1234 704,
1393 1177 1587 1216 mense
1609 1156 1805 1237 maio.)

1138 1316 1449 1382 CICERO
1495 1317 1816 1382 A'l'rlco
1860 1315 1925 1382 S.

569 1471 986 1540 Onsmnxrs
1027 1469 1178 1574 jam
1219 1467 1522 1566 epistola
1567 1467 1938 1566 superiore
1959 1522 1978 1555 ,
2028 1492 2183 1539 non
2225 1468 2495 1566 placuit
2534 1467 2600 1539 ei

475 1577 667 1666 dari,
711 1578 829 1658 cui
865 1580 1416 1666 constitueram,
1459 1577 1661 1674 quod
1700 1592 1852 1649 erat
1884 1579 2179 1651 alienus,
2217 1583 2472 1676 Itaque
2516 1602 2604 1648 eo

475 1687 594 1760 die
621 1688 787 1760 data
817 1713 970 1760 non
1003 1704 1135 1761 est.
1175 1689 1472 1759 Interim
1507 1690 1709 1760 venit
1746 1687 2174 1760 Philotimus
2198 1743 2217 1776 ,
2248 1704 2322 1761 et
2350 1687 2528 1758 mihi
2566 1713 2606 1759 a

473 1813 545 1871 te
577 1798 815 1872 literas
841 1797 1156 1871 reddidit
1191 1824 1210 1868 ε
1257 1795 1528 1895 quibus
1564 1823 1725 1895 quae
1754 1797 1844 1870 de
1876 1797 2097 1868 fratre
2130 1821 2296 1868 meo
2322 1795 2607 1884 scribiS,

470 1932 640 1990 sunt
658 1941 742 1988 ea
761 1917 1060 2014 quidem
1085 1939 1341 2013 parum
1369 1912 1611 2001 firma,
1635 1913 1762 1985 sed
1785 1912 2057 1985 habent
2075 1915 2253 1984 nihil
2278 1921 2537 1985 ὕπουλον
2556 1915 2606 2001 ¹,

473 2026 657 2100 nihil
699 2023 952 2111 fallax,
1002 2025 1182 2095 nihil
1225 2047 1378 2094 non
1421 2020 1738 2094 flexibile
1786 2021 1873 2092 ad
1910 2023 2352 2111 bonitatem,
2388 2022 2607 2108 nihil,

474 2134 675 2236 quod
711 2160 898 2223 non,
933 2161 1083 2232 quo
1112 2133 1325 2219 velis,
1369 2157 1524 2203 uno
1560 2156 1895 2204 sermone
1932 2132 2161 2230 possis
2187 2133 2605 2230 perducere.

471 2251 583 2319 Ne
637 2245 903 2332 multa3
947 2269 1200 2316 omnes
1241 2266 1446 2332 sum,
1499 2243 1711 2312 etiam
1760 2241 2031 2339 quibus
2082 2244 2413 2313 irascitur
2454 2268 2606 2313 cre-

473 2356 708 2440 brius,
745 2368 992 2425 tamen
1029 2376 1232 2425 caros
1274 2352 1525 2439 habet,
1565 2376 1680 2424 me
1722 2353 2019 2451 quidem
2059 2378 2135 2425 se
2183 2356 2340 2451 ipso
2384 2355 2606 2425 cario-

475 2489 653 2537 rem.
696 2462 916 2556 Quod
951 2462 1042 2533 de
1074 2487 1306 2562 puero
1333 2462 1590 2533 aliter²
1630 2460 1721 2533 ad
1763 2477 1836 2534 te
1866 2464 2185 2562 scripsit,
2227 2477 2300 2534 et
2336 2462 2425 2533 ad
2456 2486 2609 2533 ma-

477 2590 664 2647 trem
685 2572 776 2644 de
790 2570 944 2643 filio
960 2627 980 2660 ,
1003 2597 1154 2643 non
1174 2570 1658 2670 reprehendO.
1686 2576 1793 2643 De
1814 2574 2068 2644 itinere
2082 2570 2110 2617 ³
2137 2589 2209 2645 et
2227 2573 2317 2644 de
2338 2596 2609 2658 sorore,

478 2709 640 2782 quae
707 2682 992 2771 scribiS,
1055 2680 1354 2755 molesta
1407 2698 1617 2771 sunt,
1675 2708 1913 2781 eoque
1963 2688 2226 2779 magis,
2277 2682 2479 2782 quod
2529 2709 2612 2755 ea

477 2808 808 2890 tempora
837 2807 1081 2863 nostra
1119 2808 1326 2882 sunt,
1363 2808 1448 2865 ut
1477 2816 1611 2890 ego
1648 2791 1761 2863 his
1802 2792 2071 2865 mederi
2120 2820 2271 2865 non
2311 2796 2605 2892 possim.

474 2909 662 2977 Nam
706 2917 901 2975 certe
939 2903 1289 2976 mederer.
1341 2902 1481 2975 Sed
1523 2900 1793 2998 quibus
1824 2908 1901 2974 in
1943 2904 2187 2992 malis,
2235 2918 2308 2975 et
2354 2929 2500 3001 qua
2532 2904 2611 2973 in

475 3014 980 3112 desperatione
1007 3038 1250 3086 rerum
1283 3018 1507 3087 simus
1524 3068 1544 3102 ,
1570 3012 1789 3085 videS.
1824 3014 1949 3086 Illa
1979 3014 2070 3085 de
2098 3015 2379 3085 ratione
2408 3040 2613 3085 num-

477 3126 701 3197 maria
733 3150 883 3195 non
921 3138 1092 3195 sunt
1127 3123 1482 3219 ejusmodi
1520 3126 1748 3221 (saepe
1777 3125 1971 3198 enim
2001 3124 2217 3195 audio
2250 3150 2339 3195 ex
2372 3124 2611 3223 ipso),

477 3250 562 3307 ut
603 3259 756 3307 non
797 3237 1043 3333 cupiat
1079 3232 1211 3304 tibi
1250 3248 1584 3331 praestare
1608 3236 1663 3323 ⁴,
1700 3248 1772 3306 et
1822 3238 1900 3305 in
1937 3260 2026 3306 eo
2062 3233 2346 3307 laboret
2372 3230 2424 3305 ⁵.
2472 3234 2611 3305 Sed

551 3428 601 3459 ι.
635 3399 860 3461 Ϋπουλον.
887 3409 1180 3459 subdolum.
1453 3420 1458 3425 ”
1588 3410 1679 3459 nit.
1702 3410 1846 3460 Conf.
1865 3413 1956 3470 IV,
1971 3428 2051 3476 ep.
2074 3427 2122 3459 α.
2139 3414 2345 3461 Mun—
2356 3412 2512 3461 Mults
2530 3412 2610 3460 hic

550 3506 601 3538 a.
637 3492 809 3539 Aliter.
848 3491 1055 3539 Patruus
1089 3506 1164 3549 es;
1205 3500 1361 3539 mater
1393 3500 1499 3539 est:
1587 3489 1855 3551 conjiciunt
1880 3500 2000 3539 vett.
2028 3490 2237 3539 editores
2268 3502 2473 3555 propter
2499 3506 2609 3538 cor-

479 3568 620 3617 aliter
649 3569 879 3619 scribitur
902 3569 966 3617 ad
989 3582 1251 3634 patmum,
1275 3569 1414 3617 aliter
1435 3567 1511 3615 ad'
1587 3569 1825 3633 ruptelsm
1861 3568 2005 3618 MSS.
2042 3570 2201 3617 Nimis
2237 3581 2405 3633 arguta
2436 3572 2613 3619 Junius

481 3658 682 3696 mamm
707 3662 720 3695 :
755 3648 976 3697 dolorem
997 3650 1126 3697 enim
1160 3649 1234 3696 illi
1257 3648 1498 3709 dedisses,
1586 3659 1636 3697 et
1658 3648 1847 3697 Bosius.
1868 3648 1957 3696 Al.
1976 3650 2050 3695 De
2066 3648 2258 3716 juvene.
2284 3651 2317 3697 J
2322 3684 2336 3697 .
2353 3652 2420 3697 V.
2446 3653 2505 3697 L.

478 3728 918 3777 commemorandis
935 3726 1025 3777 filii
1044 3728 1192 3777 vitiis.
1221 3731 1320 3777 En.
1664 3736 1713 3784 4.
1740 3730 2002 3775 Proeseare.
2024 3728 2329 3787 satisfacere,
2355 3728 2560 3776 solvere.

549 3806 602 3853 3.
641 3806 718 3853 De
738 3804 909 3855 itincre
932 3820 982 3856 et
1005 3808 1068 3855 de
1093 3824 1270 3856 sorore.
1311 3808 1386 3855 De
1415 3807 1498 3855 iti·
1658 3806 1705 3853 5.
1734 3806 1963 3854 Laborat.
2000 3806 2193 3870 Vulgo,
2222 3806 2441 3855 laborat.
2480 3807 2611 3855 Hinc

475 3900 590 3933 nere
626 3884 799 3946 Quinti
833 3882 922 3933 filii
938 3921 953 3945 ,
987 3896 1038 3935 et
1065 3887 1127 3935 de
1162 3902 1328 3935 sorore
1359 3896 1440 3934 tua
1466 3902 1494 3933 a
1585 3883 1779 3933 Sehiitz.
1798 3883 1953 3931 edidit
1966 3919 1983 3943 ,
2014 3906 2041 3926 α
2057 3884 2144 3931 sed
2168 3885 2223 3932 in
2252 3902 2313 3933 eo
2339 3885 2528 3933 laborat
2548 3907 2573 3925 n
2594 3902 2609 3946 ;

473 3964 584 4011 vim
629 3979 720 4012 suo
739 3998 754 4023 ‚
798 3965 943 4013 fram
981 3981 1122 4024 meo,
1164 3964 1494 4014 dissentiente.
1583 3963 1697 4026 quia
1720 3962 1980 4027 praecedit:
2007 3982 2031 4005 ι
2052 3978 2157 4010 non
2182 3974 2295 4011 sunt
2312 3964 2611 4024 ejusmodi».

471 4042 646 4109 Neque
661 4058 776 4093 sene
799 4034 1030 4107 nmquam
1051 4044 1178 4093 inter
1199 4058 1284 4092 eos
1308 4058 1492 4091 conve·
1582 4042 1781 4091 Bosium
1801 4051 1851 4089 et
1872 4042 2061 4090 Ernest.
2080 4042 2345 4105 sequimur.
2371 4044 2463 4093 En.
