3019 4681
684 361 1229 433 EPISTOLAE
1275 362 1415 432 AD
1463 359 1972 446 ΑΤΤΙΟΠΜ,
2009 358 2154 446 Χῐ,
2210 383 2322 428 22.

455 486 669 582 eique
699 485 807 555 rei
842 482 1155 570 mederi3
1192 507 1287 553 ne
1322 484 1557 579 rogari
1581 477 1940 577 ⁵quidem
1971 503 2046 551 se
2075 502 2323 576 passus
2362 493 2470 550 est
2501 478 2592 549 de

454 593 623 664 illo:
666 592 865 691 quod
894 591 1191 690 quidem
1222 591 1401 661 mihi
1424 591 1811 662 molestum
1850 614 2002 660 non
2041 603 2194 679 est3
2229 587 2409 660 illud
2433 613 2592 660 mo-

452 701 741 788 lestius,
763 704 933 774 istas
956 696 1497 801 impetrationes
1521 696 1848 772 nostras⁶
1874 700 2056 772 nihil
2077 700 2338 771 valere.
2360 699 2556 772 Sulla
2573 753 2592 786 ,

450 827 536 884 ut
590 814 905 912 opinor,
949 837 1105 885 cras
1153 811 1271 884 hic
1315 815 1454 883 erit
1494 836 1662 882 cum
1713 810 2060 883 Messalla.
2126 814 2453 883 Currunt
2500 808 2594 881 ad

448 921 653 992 illum
704 922 893 1020 pulsi
919 947 961 992 a
988 920 1375 1010 militibus3
1414 923 1544 1022 qui
1585 945 1660 992 se
1705 935 1974 1019 negant
2021 929 2414 1018 usquam7,
2454 921 2592 990 nisi

452 1031 882 1127 acceperint.
920 1035 1109 1128 Ergo
1137 1031 1255 1103 ille
1288 1030 1435 1105 huc
1459 1035 1738 1118 veniet,
1777 1028 1981 1127 quod
2011 1055 2162 1101 non
2191 1027 2588 1127 putabant3

446 1138 658 1211 tarde
709 1139 1026 1239 quidem.
1074 1143 1343 1214 Itinera
1382 1145 1578 1212 enim
1618 1143 1714 1212 ita
1746 1138 1914 1212 facit
1945 1195 1965 1229 ,
2002 1154 2085 1212 ut
2119 1138 2390 1210 multos
2438 1138 2592 1211 dies

447 1247 525 1318 in
563 1246 965 1348 oppidum8
996 1265 1242 1349 ponat.
1269 1251 1672 1323 Pharnaces
1709 1265 1950 1322 autem
1974 1305 1994 1338 ,
2037 1274 2340 1347 quoquo
2369 1247 2591 1321 modo

449 1371 648 1456 aget,
692 1358 947 1432 afferet
986 1385 1265 1432 moram
1282 1373 1338 1432 9.
1389 1361 1585 1455 Quid
1627 1347 1808 1434 mihi
1846 1363 2067 1459 igitur
2111 1360 2588 1432 censes?Jam

447 1468 643 1540 enim
694 1494 1002 1568 corpore
1051 1473 1169 1542 vix
1203 1473 1528 1544 sustineo
1577 1474 1994 1570 gravitatem
2016 1481 2078 1516 ¹⁰
2135 1470 2354 1566 hujus
2394 1471 2586 1558 caeli,

446 1580 575 1675 qui
604 1579 783 1650 mihi
818 1579 1145 1654 laborem
1175 1580 1385 1655 affert
1411 1583 1489 1652 in
1523 1581 1798 1654 dolore.
1841 1591 1954 1653 An
1988 1581 2102 1652 his
2126 1591 2184 1624 ¹¹
2204 1581 2378 1651 illuc
2409 1605 2589 1652 eun-

444 1687 643 1760 tibus
673 1690 1011 1762 mandem
1030 1706 1145 1780 ,ut
1166 1717 1285 1764 me
1310 1706 1657 1764 excusent
1674 1692 1862 1790 ,ipse
1889 1689 2222 1761 accedam
2242 1689 2588 1787 propius?

446 1800 743 1889 QuaeSO,
786 1797 1122 1890 attende3
1172 1816 1245 1873 et
1282 1825 1399 1874 me
1426 1859 1445 1891 ,
1500 1799 1705 1899 quod
1755 1799 1996 1872 adhuc
2048 1823 2234 1897 saepe
2291 1812 2586 1896 rogatus

442 1931 599 1980 non
643 1908 912 2000 fecisti,
966 1913 1268 1984 consilio
1315 1913 1492 2008 juva
1539 1940 1555 1982 τ
1591 1913 1740 1984 scio
1781 1935 1936 1982 rem
1974 1907 2340 1980 difficilem
2390 1931 2584 1994 esse;

448 2017 621 2109 sed,
648 2035 730 2091 ut
760 2022 835 2091 in
857 2031 921 2066 ¹²
958 2023 1435 2093 malis.2Etiam
1472 2021 1656 2094 illud
1680 2046 1841 2093 mea
1877 2022 2119 2118 magni
2147 2020 2479 2105 interest,
2511 2033 2584 2088 te

442 2140 528 2198 ut
554 2129 858 2201 videam.
888 2130 1229 2203 Profecto
1265 2131 1542 2229 aliquid
1578 2129 1988 2230 profecero,
2035 2130 2093 2200 si
2120 2127 2196 2199 id
2221 2125 2578 2198 acciderit.

442 2241 551 2309 De
586 2252 1052 2332 testamento,
1105 2257 1190 2312 ut
1232 2241 1525 2331 scribis,
1564 2239 2112 2313 animadvertes,

1626 2372 1680 2423 8.
1718 2374 1778 2419 In
1803 2370 2056 2435 oppidum.
2089 2368 2206 2417 Non
2243 2366 2479 2431 explano,
2517 2368 2585 2415 Ut

2446 380 2586 452 217

514 2370 563 2417 5.
584 2371 785 2437 Rogat-1⁸.
806 2372 996 2430 Statim,
1018 2371 1205 2436 inquit,
1226 2388 1467 2436 quecun»

356 2506 363 2513 .
441 2462 535 2512 que
556 2449 819 2513 postulavit
839 2452 903 2513 Q.
924 2449 1055 2499 filius
1078 2452 1137 2499 de
1154 2461 1292 2515 patre
1311 2453 1465 2515 impe-
1549 2451 1603 2497 in
1653 2466 1957 2516 unoquoque
2007 2448 2196 2514 oppido
2247 2446 2427 2496 multoe
2479 2445 2582 2494 dies

440 2528 614 2586 travit,
648 2528 717 2577 ita
752 2528 921 2589 facile,
952 2539 1010 2577 nt
1049 2546 1111 2579 ne
1138 2530 1329 2593 rogari,
1370 2541 1461 2579 etc.

510 2607 561 2655 6.
580 2607 953 2671 Impar-aciones
970 2620 1179 2657 nostras.
1198 2609 1463 2674 Scripserat

438 2684 659 2743 Atticm,
682 2701 827 2749 poue
852 2688 1135 2737 Ciceronem
1160 2686 1349 2737 efficere
1366 2722 1381 2747 ,
1406 2700 1464 2739 ut

437 2780 501 2812 ne
526 2766 715 2827 Quinto
740 2767 876 2815 fratri
903 2766 999 2815 iuae
1026 2768 1253 2817 obessent
1272 2768 1425 2817 literoe
1439 2802 1457 2829 ,

440 2842 503 2892 de
528 2844 708 2908 quibus
734 2846 951 2909 queritur
975 2847 1178 2909 Cicero3
1206 2865 1349 2913 poue
1374 2847 1465 2896 im·-

432 2932 629 2987 peerare
674 2940 703 2971 a
745 2925 964 2984 Caesare,
1008 2942 1071 2975 ne
1110 2928 1301 2990 Quinto
1340 2936 1464 2975 esset

436 3000 605 3051 intus.
636 3002 949 3066 Respondet,
979 3005 1113 3054 nulla
1146 3022 1197 3053 se
1232 3007 1285 3053 in
1312 3006 1463 3070 gratia

437 3094 543 3127 eene
566 3079 699 3142 apud
726 3080 986 3142 (ἵκοι-σω,
1020 3084 1145 3132 nihil
1170 3085 1265 3131 sibi
1285 3084 1349 3132 ab
1375 3086 1464 3133 illo

438 3156 607 3206 tribui.
621 3158 781 3206 Video
794 3193 809 3215 ‚
833 3158 1021 3223 inquit,
1040 3162 1183 3226 istas,
1204 3162 1265 3211 de
1284 3162 1464 3227 quibus

434 3236 635 3293 scribis,
668 3236 1031 3300 impetrationes
1058 3257 1185 3289 meas
1219 3241 1347 3291 nihil
1366 3259 1465 3291 va-

422 3314 536 3362 ·Iere
554 3330 573 3361 .·
598 3315 663 3363 ita
690 3316 842 3365 intus
868 3318 1003 3367 fratri
1026 3336 1131 3369 non
1162 3332 1263 3383 est,
1308 3338 1335 3369 a
1360 3337 1462 3385 quo

436 3409 514 3442 me
530 3393 659 3443 videt
672 3396 883 3459 graviter
894 3396 1063 3446 laesum
1080 3416 1181 3449 esse
1192 3434 1207 3459 ‚
1226 3411 1282 3448 nt
1300 3402 1463 3449 omnin

438 3472 631 3521 donarit
657 3474 819 3537 αἶπος
856 3498 879 3519 ι
898 3492 959 3524 ne
984 3479 1145 3540 rogari
1173 3478 1373 3542 quidem
1405 3494 1457 3526 ee

434 3567 603 3616 paetus
638 3554 702 3601 sit
737 3569 752 3603 :
804 3556 961 3604 nostri
1011 3557 1195 3605 nnllam
1218 3580 1243 3599 a
1288 3556 1458 3605 fecerit

432 3652 461 3672 c·
474 3633 829 3692 mentionem»,
858 3645 915 3683 nt
931 3646 1001 3683 eet
1016 3636 1067 3684 in
1086 3638 1335 3701 superiore
1354 3636 1456 3700 epi-

433 3710 575 3758 stola.
584 3711 927 3761 condonatum
940 3715 1095 3761 fuerat
1103 3715 1293 3778 Quinto
1308 3716 1458 3778 priua,

432 3804 578 3853 qnam
608 3791 768 3849 fratri,
798 3808 942 3856 quem
969 3792 1182 3852 laeeerat,
1208 3792 1453 3840 ntiesace·

431 3877 522 3916 ret.
545 3868 605 3915 Id
628 3870 799 3917 Marco
823 3867 927 3919 erat
942 3871 1218 3920 molestum.
1244 3874 1390 3921 Omv.

508 3962 555 4007 7.
594 3950 825 4013 Usquam.
858 3950 1064 4016 Supple,
1098 3964 1457 4011 commotores,

432 4024 529 4071 nisi
554 4028 865 4091 πωροι-ἔοις
898 4046 971 4080 ιο.
995 4032 1191 4095 praemia
1215 4047 1324 4096 qnae
1349 4033 1457 4080 (ἴω-

433 4118 513 4151 ιιι·
536 4106 853 4168 promisisset.
880 4110 973 4157 En.

1550 2530 1712 2579 (ἔων
1737 2538 2021 2590 consumat,
2055 2528 2143 2576 sed
2161 2562 2177 2588 ,
2207 2528 2276 2575 Ut
2300 2525 2361 2575 ab
2392 2524 2580 2590 oppido

1549 2608 1614 2655 ad
1639 2608 1878 2673 oppidum
1903 2607 2170 2656 multorum
2197 2607 2385 2656 dierum
2409 2608 2580 2654 itinere

1548 2687 1817 2751 perveniat.
1865 2685 2020 2749 Quale
2065 2685 2191 2734 illud
2233 2696 2308 2734 est
2356 2701 2434 2749 ep.
2482 2684 2548 2733 3⁵
2559 2718 2576 2743 ‚

1549 2766 1639 2815 lib.
1657 2767 1791 2815 xn:
1812 2787 1837 2808 α
1855 2766 1931 2813 Ne
1952 2776 2114 2815 totum
2133 2766 2259 2813 diem
2279 2766 2330 2812 in
2351 2764 2515 2811 villam
2529 2786 2577 2813 π.

1549 2844 1650 2893 Ubi
1673 2845 1915 2893 subaudio
1928 2880 1942 2902 ‚
1955 2861 2144 2909 ponam
2159 2862 2179 2902 ,⁰
2209 2845 2325 2893 dum
2345 2844 2398 2891 in
2416 2842 2579 2891 villam

1549 2940 1632 2973 eo.
1657 2925 1803 2973 Mur.
1820 2950 1892 2961 --
1910 2924 2068 2973 Priori
2091 2936 2256 2973 tamen
2279 2923 2429 2971 modo
2451 2921 2580 2969 aeci·

1549 3004 1624 3069 pit
1639 3005 1688 3053 J.
1711 3008 1762 3051 10.
1785 3006 2011 3053 Gronov.
2035 3015 2091 3052 ut
2109 3002 2338 3051 nimirum
2364 3016 2582 3050 conven-

1549 3080 1682 3131 tibus
1699 3083 1896 3147 agendis
1913 3093 1962 3130 et
1977 3081 2234 3129 audiendis
2256 3078 2581 3145 legationibus

1549 3162 1731 3211 multoe
1753 3162 1856 3210 dies
1878 3161 1926 3208 in
1945 3160 2176 3225 oppidum
2194 3171 2348 3225 ponat
2369 3160 2545 3207 Cesar.

1623 3256 1677 3303 9.
1718 3238 1918 3305 Aff'eree
1949 3256 2155 3287 moram.
2201 3240 2332 3287 Male
2354 3236 2538 3283 divinat
2559 3250 2576 3284 :

1550 3336 1662 3367 nun
1682 3322 1899 3385 quinque
1913 3318 2084 3367 diebus
2097 3318 2280 3367 bellum
2299 3317 2577 3365 confectum

1551 3410 1640 3447 est.
1694 3400 1861 3462 (nist.
1908 3398 2032 3447 Bell.
2073 3395 2316 3447 Alexand.
2371 3398 2573 3443 Sueton-

1543 3479 1599 3527 in
1624 3480 1657 3527 J
1660 3476 1770 3541 ul.)
1807 3479 1900 3526 En.

1622 3574 1703 3606 ιο.
1759 3557 2062 3605 Gravitatem
2109 3553 2252 3619 hujus
2292 3551 2416 3602 eceli.
2495 3554 2576 3601 sie

1544 3652 1656 3701 unp.
1683 3653 1762 3701 ep.
1808 3656 1833 3679 ι
1853 3634 1952 3683 loci
1977 3635 2184 3701 gravitas
2207 3634 2292 3681 hic
2312 3632 2576 3681 miserrime

1545 3714 1834 3781 perferenda
1855 3737 1899 3763 a.
1930 3716 2026 3763 En.

1620 3811 1641 3842 ι
1657 3808 1702 3843 1.
1741 3792 1848 3842 His.
1881 3794 2028 3842 Sullae
2054 3803 2102 3841 et
2127 3790 2382 3842 Messallae.
2407 3792 2533 3841 Illuc
2553 3808 2573 3839 .·

1545 3872 1608 3923 nd
1626 3876 1878 3923 Gentem.
1899 3875 2156 3921 Eoeetcsent
2168 3890 2186 3921 .·
2207 3872 2344 3937 quod
2360 3870 2575 3920 Brundi-

1546 3954 1622 4003 sio
1669 3952 1964 4001 discesserim
1982 3988 1998 4015 ,
2042 3964 2091 4002 et
2137 3952 2344 4018 propius
2385 3951 2570 4000 Urbem

1547 4032 1847 4083 acce-nerim.
1875 4034 2014 4082 Mun.

1627 4128 1709 4161 ω.
1739 4109 1895 4161 Abest
1927 4113 1994 4163 in.
2020 4113 2156 4163 LV.
2178 4112 2235 4159 1..

2205 4252 2232 4275 0
