3019 4681
579 375 1106 453 EPISTOLAE
1155 377 1292 445 AD
1339 376 1428 465 Q.
1465 376 1983 465 FRATREM,
2024 378 2187 465 III,
2229 382 2297 465 4.
2384 378 2528 453 635

386 490 736 578 Lentule,
773 474 1537 586 subscriptoribusque
1576 488 1733 585 ejus
1758 487 2152 578 infantius3
2190 492 2371 565 nihil
2405 494 2531 567 illo

386 599 692 672 consilio
728 598 1110 671 sordidius.
1168 598 1308 670 Sed
1360 617 1648 687 tamen,
1690 600 1829 672 nisi
1877 602 2318 679 incredibilis
2360 629 2535 679 con·

389 712 620 783 tentio
646 764 665 797 ,
710 724 781 781 et
821 734 1076 807 preces
1125 712 1494 807 Pompeii,
1546 708 1916 783 dictaturae
1976 715 2190 785 etiam
2239 740 2491 787 rumor
2515 772 2536 807 ,

388 820 649 917 plenus
713 820 1042 909 timoris,
1114 816 1402 907 fuisset,
1451 822 1609 918 ipse
1658 821 1973 893 Lentulo
2026 848 2178 895 non
2230 850 2538 924 respon-

389 929 653 1018 disset,
693 931 823 1026 qui
863 945 1016 1004 tum
1051 929 1178 1001 illo
1214 944 1664 1021 accusatore,
1704 932 1981 1029 illoque
2027 936 2335 1007 consilio
2370 961 2539 1009 sen-

391 1041 638 1113 tentiis
676 1039 1202 1121 coudemnatus
1233 1042 1323 1113 sit
1357 1066 1590 1129 xxxii,
1608 1066 1840 1139 quum
1868 1068 2006 1115 Lxx
2034 1042 2385 1117 tulissent.
2414 1050 2543 1117 Est

393 1152 698 1221 omnino
735 1164 880 1219 tam
931 1151 1128 1246 gravi
1174 1148 1363 1221 fama
1424 1151 1568 1222 hoc
1602 1151 1956 1247 judicium
1989 1206 2010 1242 ,
2074 1169 2159 1225 ut
2210 1154 2543 1228 videatur

393 1258 696 1354 reliquis
731 1256 1017 1351 judiciis
1051 1260 1420 1356 periturus
1441 1314 1462 1346 ,
1494 1275 1569 1332 et
1611 1266 1922 1335 maxime
1951 1263 2043 1336 de
2072 1268 2399 1363 pecuniis
2428 1292 2541 1338 re-

391 1367 756 1467 petundis.
773 1366 914 1437 Sed
945 1368 1142 1439 vides
1177 1368 1450 1439 nullam
1479 1394 1633 1441 esse
1668 1374 2190 1472 rempublicam
2210 1433 2230 1467 ,
2260 1379 2543 1450 nullum

397 1492 764 1564 senatum,
797 1477 996 1549 nulla
1031 1477 1344 1572 judicia,
1397 1477 1675 1549 nullam
1706 1484 1783 1551 in
1822 1482 2029 1553 nullo
2066 1500 2399 1557 nostrum
2438 1485 2545 1557 di-

395 1590 766 1685 gnitatem.
801 1586 998 1678 Quid
1024 1586 1237 1683 plura
1263 1585 1354 1657 de
1386 1586 1798 1682 judicibus?
1816 1588 1965 1663 duo
1999 1596 2317 1687 praetorii
2343 1594 2547 1669 sede·-

397 1712 610 1785 runt,
645 1699 1010 1769 Domitius
1030 1697 1402 1785 Calvinus;
1435 1700 1495 1768 is
1534 1714 1784 1795 aperte
1814 1699 2256 1791 absolvit‚ut
2292 1726 2547 1775 omnes

396 1807 730 1881 viderent
760 1836 775 1877 :
817 1821 890 1879 et
913 1813 1091 1879 Cato
1109 1816 1132 1852 ¹
1166 1835 1188 1897 ;
1221 1812 1308 1893 is,
1326 1808 1705 1906 diremptis
1727 1821 1755 1853 ²
1783 1808 2088 1899 tabellis,
2121 1810 2213 1883 de
2227 1808 2545 1883 circulo³

399 1944 476 1991 se
519 1917 871 1991 subduxit
907 1974 928 2007 ‚
989 1934 1062 1991 et
1119 1921 1466 2017 Pompeio
1495 1922 1527 1971 ⁴
1567 1920 1849 2017 primus
1898 1924 2275 1993 nuntiavit.
2327 1924 2549 1993 Aiunt·

401 2030 774 2119 nonnulli,
809 2030 1188 2101 Sallustius
1213 2030 1426 2118 item,
1460 2054 1580 2101 me
1614 2031 2023 2128 oportuisse
2058 2054 2415 2105 accusare.
2454 2033 2549 2103 Iis

402 2164 538 2237 ego
585 2137 954 2235 judicibus
997 2140 1589 2211 committerem?
1651 2138 1850 2231 Quid
1916 2164 2146 2211 essem
2183 2195 2206 2230 ,
2269 2143 2378 2226 si,
2429 2165 2547 2211 me

403 2265 692 2348 agente,
718 2264 904 2321 esset
935 2249 1261 2348 elapsus?
1287 2248 1431 2320 Sed
1463 2274 1581 2320 me
1613 2250 1751 2321 alia
1780 2266 2187 2321 moverunt.
2217 2254 2385 2325 Non
2423 2273 2558 2348 pua

404 2374 624 2435 tasset
661 2359 801 2432 sibi
829 2361 1216 2460 Pompeius
1248 2360 1340 2432 de
1368 2360 1561 2434 illius
1588 2362 1853 2448 salute,
1890 2360 2015 2432 sed
2046 2361 2137 2432 de
2170 2385 2295 2444 sua
2325 2359 2551 2460 digni-

404 2485 550 2544 tate
593 2495 880 2542 mecum
920 2495 1074 2543 esse
1111 2485 1527 2560 certamen3
1582 2475 1658 2542 in
1701 2470 1979 2543 Urbem
2024 2473 2357 2545 intrasset
2393 2497 2414 2558 ;
2452 2471 2553 2543 ad

405 2583 818 2654 inimicitias
855 2606 972 2656 res
1001 2583 1356 2672 venisset3
1383 2607 1549 2656 cum
1566 2579 1989 2666 'AEsernin05
2007 2585 2325 2655 Samnite
2361 2584 2553 2655 Paci-

406 2693 710 2767 deianus
747 2709 1208 2794 comparatus
1241 2692 1560 2783 viderer3
1592 2693 1987 2766 auriculam
2023 2690 2323 2768 fortasse
2356 2718 2556 2766 mor·-

482 2887 528 2920 ι.
556 2873 701 2922 Cato.
717 2871 837 2919 Non
853 2871 919 2931 is,
939 2873 1024 2936 qni
1041 2883 1210 2938 postea
1234 2869 1427 2919 Ueieen·
1518 2893 1543 2914 α
1566 2871 1785 2920 discretis
1803 2905 1817 2929 ,
1868 2869 2183 2920 dinumeratis
2207 2892 2232 2912 ι-
2254 2887 2268 2920 2
2314 2880 2394 2934 nt,
2438 2887 2548 2936 qun

405 2950 470 3002 eis
506 2950 669 2998 dictus
711 2961 800 3000 est.
827 2953 942 2998 Erat
987 2953 1118 3012 enim
1156 2952 1256 2999 hoc
1297 2967 1430 3000 anuo

406 3040 618 3098 [ιι-κτοις
661 3039 894 3092 praetores
929 3041 1090 3078 sutem
1127 3031 1180 3077 in
1221 3031 1430 3080 aliorum

406 3118 672 3173 praetorum
718 3106 928 3155 consilio
967 3108 1161 3168 judices
1210 3109 1390 3157 sedisse
1411 3142 1428 3166 ,

409 3203 512 3236 non
548 3198 624 3235 est
649 3197 704 3233 ut
728 3185 862 3233 credi
895 3189 1071 3252 possit.
1103 3187 1313 3237 Accedit
1345 3187 1432 3235 illa

411 3269 568 3327 ratio,
599 3265 737 3328 quod
768 3266 846 3314 vir
881 3265 1102 3314 omnium
1135 3265 1352 3332 optimus
1383 3276 1436 3314 et

410 3331 844 3393 constantissimus
873 3361 1026 3409 quum
1078 3357 1202 3392 esset
1227 3379 1244 3403 ‚
1292 3361 1435 3392 num·

413 3440 584 3488 quam,
605 3424 836 3472 adulandi
854 3425 1031 3488 gratia,
1056 3425 1318 3472 Gabinium
1342 3423 1433 3471 ab·

415 3503 636 3552 solutum
673 3505 860 3568 primus
893 3503 1128 3567 Pompeio
1149 3503 1435 3552 nuntiasset.

417 3584 500 3629 Est
524 3581 671 3644 igitur
695 3582 818 3631 alins
835 3583 960 3633 Cato
976 3618 993 3643 ,
1021 3583 1097 3631 vel
1121 3583 1340 3642 Porcius,
1359 3582 1439 3630 vel

415 3661 680 3720 Hostilius3
703 3663 788 3725 qni
814 3679 898 3710 sua
923 3663 1160 3711 sententia
1173 3661 1436 3711 Gabinium

413 3739 608 3787 videtur
629 3739 909 3790 absolvisse.
932 3743 1008 3790 De
1025 3743 1084 3792 C.
1111 3745 1297 3792 Catone
1316 3776 1332 3802 ,
1352 3741 1441 3806 qni

417 3818 639 3866 tribunus
665 3819 802 3883 pleb.
827 3822 920 3868 fuit
937 3820 1228 3870 Marcellino
1252 3832 1302 3870 et
1325 3821 1441 3868 Phi-

415 3897 559 3962 lippo
597 3913 720 3967 coss.
762 3914 864 3948 non
907 3901 1024 3948 licet
1059 3899 1286 3964 intelligi.
1323 3899 1441 3949 Non

414 3979 545 4025 enim
573 3993 675 4026 nno
705 3989 898 4027 tantum
924 3995 1056 4028 anno
1079 3991 1194 4044 post
1221 3979 1442 4028 tribuna-

417 4065 520 4105 tum
548 4072 712 4121 gerere
739 4068 999 4122 proeturam
1025 4062 1210 4124 potuit.
1231 4061 1378 4108 Mn«.

487 4153 514 4184 a
528 4169 541 4184 .
573 4138 807 4202 Die-teptis.
841 4139 1012 4188 Malim
1032 4139 1314 4204 diremptis,
1345 4155 1440 4204 pro

1519 2950 1852 3008 damnassent,
1876 2961 2269 3014 cognosceretur.
2282 2949 2403 2998 Non
2421 2952 2551 2999 enim

1520 3029 1740 3076 discessit
1768 3029 1921 3090 Cato,
1950 3028 2046 3076 nisi
2079 3040 2249 3094 postea
2289 3044 2451 3092 quam,
2486 3040 2553 3077 ta·-

1517 3106 1657 3154 hellis
1676 3104 2012 3166 dinumeratis,
2032 3107 2297 3155 Gabinium
2315 3105 2441 3155 vidit
2460 3107 2551 3156 ab·

1521 3187 1755 3235 solutum.
1774 3189 1852 3235 In.
1880 3213 1949 3224 ·—
1984 3186 2169 3233 Junius
2204 3201 2324 3233 vero
2352 3185 2552 3252 direptis

1520 3265 1639 3330 legit
1662 3283 1727 3316 ex
1748 3265 2049 3330 interpolato
2073 3265 2180 3312 MS.

1598 3346 1645 3392 3.
1680 3343 1889 3391 Circtdo.
1918 3343 2014 3390 Ubi
2036 3342 2231 3404 judices
2262 3344 2390 3392 circa
2421 3360 2551 3410 prae·

1523 3423 1645 3470 toris
1668 3420 1884 3469 tribunal
1912 3420 2137 3468 sedentes
2182 3423 2447 3471 sententias
2480 3434 2553 3471 tu-

1522 3501 1695 3550 lerant.
1726 3503 1879 3548 [nex.

1601 3589 1650 3638 4.
1675 3567 1928 3646 Pompeio'.
1944 3579 2093 3628 Extra
2112 3578 2299 3627 urbem.
2318 3581 2445 3629 Nam
2455 3593 2557 3634 orat

1528 3677 1639 3710 cum
1656 3661 1884 3725 imperio.
1912 3659 1973 3707 Id
2004 3657 2297 3707 confirmant
2322 3660 2432 3722 ills,
2449 3679 2557 3728 qnae

1530 3739 1697 3806 paullo
1731 3751 1847 3804 post
1891 3751 2187 3803 sequuntur.
2225 3739 2413 3792 verbs:
2456 3765 2477 3786 ι
2497 3747 2557 3794 In

1531 3819 1705 3868 urbem
1730 3819 1994 3880 introiisset
2008 3841 2052 3867 ι.

1608 3899 1655 3948 5.
1679 3899 1796 3946 Cum
1817 3897 2097 3946 AEsernino.
2126 3899 2321 3963 Insigne
2347 3917 2437 3966 par
2454 3903 2557 3966 gh.-

1530 3978 1774 4026 diatorum
1799 3979 2054 4026 inductum
2080 3977 2346 4041 videretur,
2374 3992 2431 4029 ut
2459 3984 2555 4030 Pa·

1531 4057 1751 4107 cidianus
1787 4075 1901 4106 cum
1927 4057 2183 4106 AEsernino
2205 4070 2508 4124 pugnaturus
2539 4075 2553 4109 :

1531 4139 1593 4188 de
1625 4139 1807 4202 quibus
1834 4138 2045 4188 Lucilius
2068 4147 2230 4203 poeta.
2250 4139 2380 4188 vide
2408 4139 2552 4187 libel-
