3019 4681
402 243 541 313 310
906 285 917 294 ·
1035 245 1133 312 M.
1186 245 1263 312 T.
1317 245 1894 314 CICERONIS

400 364 563 461 quis
611 363 687 434 in
738 364 1174 458 Pompeiano
1224 362 1603 434 Nolanove
1664 362 1936 435 venalis
1990 365 2118 434 sit..
2157 362 2540 462 Epitomen

402 475 605 546 Bruti
634 472 1123 544 Coelianorum
1146 483 1175 514 ²
1210 473 1421 544 velim
1446 472 1630 544 mihi
1659 469 1934 560 mittas,
1965 486 2037 542 et
2065 496 2106 542 a
2139 472 2542 546 Philoxeno

404 581 745 651 Παναιτίου
772 582 911 676 περὶ
938 581 1221 676 προνοίας
1246 576 1297 648 3.
1324 583 1423 650 Te
1448 577 1622 650 idib.
1656 575 1923 648 videbo
1955 600 2122 648 cum
2152 580 2316 648 tuis·

468 771 517 804 α.
555 755 890 804 ΟωΙίαηονωη.
928 755 999 802 Ut
1027 754 1416 812 Fannianorum,
1581 755 1628 802 3.
1651 749 1908 802 Παναιτίου
1932 747 2044 820 περὶ
2061 749 2304 820 προνοίας.
2329 751 2548 801 Pana-m*

398 838 495 883 ΧΠ
511 871 529 898 ,
551 847 603 902 7.
628 835 703 884 Do
723 835 820 882 hoc
841 833 1024 894 Coelio,
1044 833 1179 880 Brut.
1206 834 1291 880 αδ.
1508 831 1570 879 de
1583 831 1896 897 providentia
1915 831 2114 880 librum.

402 997 960 1020 mmmwmm
968 995 1698 1015 mmmmm-mm

2067 993 2543 1014 mmmm

1045 1181 1682 1262 EPISTOLA
1751 1181 1908 1262 IX.

398 1353 615 1414 Scribit
649 1353 721 1412 ad
750 1377 811 1416 se
835 1355 1059 1412 venisse
1085 1353 1424 1414 Trebatium
1446 1393 1461 1424 ‚
1511 1356 1807 1426 Curtium,
1849 1354 2214 1415 Dolabellam
2231 1396 2248 1429 ,
2279 1360 2542 1432 Torqua-

480 1465 617 1510 tum.
648 1453 871 1528 Quaerit
895 1473 969 1509 an
1000 1452 1219 1530 nuptiae
1245 1453 1409 1512 Bruti
1434 1472 1569 1510 eum
1597 1453 1806 1510 Porcia
1831 1452 2110 1512 eonfeetae
2125 1454 2258 1512 sint.
2289 1451 2413 1512 Sibi
2433 1457 2541 1510 Ar·

480 1551 683 1628 pinum
715 1549 971 1608 eundum
1002 1569 1123 1608 esse
1157 1549 1453 1627 significat.
1493 1553 1602 1623 (In
1629 1550 1986 1624 Tusculano,
2011 1569 2163 1607 anno
2195 1554 2267 1610 U.
2297 1553 2358 1608 C.
2397 1549 2541 1622 708,

477 1665 671 1705 mense
702 1643 976 1725 quintili.)

1086 1787 1398 1852 CICERO
1444 1787 1764 1852 ATTICO
1807 1788 1873 1854 S.

496 1935 937 2002 Gomuonuu
970 1929 1395 2002 discesseras
1420 1929 1619 2019 heri,
1655 1956 1886 2027 quum
1917 1929 2294 2003 Trebatius
2319 1932 2540 2018 venit,

404 2040 651 2142 paullo
691 2054 859 2138 post
892 2041 1218 2126 Curtius3
1260 2038 1381 2109 hic
1416 2039 1774 2110 salutandi
1809 2061 2020 2111 causa
2054 2066 2070 2108 :
2111 2039 2236 2111 sed
2281 2039 2543 2110 mansit

406 2153 769 2222 invitatus,
803 2147 1221 2220 Trebatium
1250 2148 1634 2220 nobiscum
1661 2149 2035 2222 habemuS.
2067 2149 2302 2222 Hodie
2329 2174 2541 2222 mane

404 2257 801 2332 Dolabella.
842 2257 1118 2327 Multus
1148 2283 1387 2328 sermo
1418 2258 1506 2328 ad
1547 2253 1854 2330 multum
1895 2261 2108 2331 diem.
2146 2260 2339 2332 Nihil
2377 2283 2543 2358 pos·

408 2392 573 2438 sum
602 2366 840 2435 dicere
867 2366 1538 2459 ἐκτενέστερονῐ,ηἰὶ·ιίὶ
1576 2371 2115 2466 φιλοστοργότερον
2141 2377 2194 2435 ².
2222 2368 2540 2437 Ventum

406 2488 515 2544 est
554 2488 795 2542 tamen
840 2468 929 2541 ad
976 2472 1329 2559 Quintum
1348 2467 1400 2540 ³.
1448 2471 1680 2543 Multa
1712 2472 1926 2565 ἄφατα
1941 2477 1996 2561 4,
2027 2468 2380 2570 ἀδιήγηταε
2415 2470 2544 2545 sed

405 2607 637 2653 unum
697 2579 1097 2677 ejusmodi,
1156 2580 1354 2679 quod
1384 2634 1403 2665 ,
1464 2586 1606 2651 nisi
1664 2584 2018 2653 exercitus
2081 2584 2330 2671 sciret,
2391 2606 2544 2652 non

400 2694 623 2765 modo
678 2694 923 2762 Tironi
976 2690 1287 2779 dictare,
1343 2690 1469 2762 sed
1521 2718 1614 2763 ne
1655 2694 1810 2791 ipse
1853 2692 2151 2791 quidem
2191 2692 2542 2779 auderem

404 2798 742 2872 scribere.
787 2797 925 2870 Sed
962 2800 1335 2870 hactenus.
1366 2794 1726 2895 Εὗκαίρως5
1765 2796 1858 2869 ad
1891 2824 2008 2870 me
2043 2799 2278 2881 venit,
2311 2822 2543 2894 quum

400 2910 743 2983 haberem
789 2907 1285 2995 Dolabellam,
1328 2906 1830 3006 Torquatus⁶;
1884 2908 2544 3002 humanissimeque

396 3020 772 3093 Dolabella
800 3074 819 3107 ‚
873 3018 1145 3116 quibus
1196 3017 1433 3091 verbis
1486 3042 1737 3089 secum
1783 3020 2132 3115 egissem,
2189 3016 2542 3115 exposuit·

399 3131 889 3204 Commodum
936 3131 1129 3200 enim
1176 3153 1463 3225 egeram
1519 3128 2064 3227 diligentissime
2107 3156 2122 3198 ε
2171 3152 2332 3227 quae
2383 3125 2544 3198 dili—

398 3244 641 3341 gentia
676 3254 875 3337 grata
902 3254 1010 3310 est
1042 3242 1189 3311 visa
1222 3244 1618 3337 Torquato.
1662 3246 1723 3311 A
1755 3254 1826 3309 te
1860 3254 2243 3337 exspect0‚
2277 3238 2336 3309 si
2366 3234 2544 3333 quid

473 3451 518 3485 1.
542 3424 870 3499 ercvieapov.
899 3433 1019 3481 Cum
1040 3428 1227 3493 majone
1244 3428 1435 3498 signifi·
1519 3448 1600 3480 ro·
1651 3432 1744 3480 Cn.
1798 3431 2022 3497 Pompeii
2081 3430 2264 3479 bellum
2319 3426 2544 3493 gerentis.

399 3514 592 3563 catione
635 3510 985 3560 benivolencioe.
1030 3512 1093 3557 Et
1132 3509 1433 3573 subintelligi
1519 3512 1822 3559 Vre-rorum.

400 3594 715 3659 perspicuum
737 3602 837 3648 est,
864 3590 993 3636 illius
1018 3580 1255 3637 sermo'ne.
1285 3590 1429 3639 Mur.
1594 3599 1643 3646 4.
1666 3576 1860 3654 Repu-ca.
1884 3588 2002 3638 Non
2023 3586 2246 3636 dicenda.
2265 3572 2543 3653 Ᾰδιῆγητα,

476 3688 523 3721 a.
550 3668 963 3738 Φιλοςοργότερον.
990 3668 1265 3717 Amantius.
1519 3684 1623 3719 non
1651 3668 1910 3717 narranda.

474 3753 525 3800 3.
568 3750 819 3812 Quintum.
866 3748 1152 3797 Ciceronem
1192 3763 1427 3810 puerum,
1593 3751 1640 3798 5.
1667 3745 1924 3813 Εὖκαίρως.
1955 3748 2267 3809 Opportune.

398 3832 540 3891 cujus
575 3828 725 3877 multa
762 3829 923 3891 gravia
962 3828 1139 3875 scelera
1171 3827 1427 3876 Dolabella
1585 3828 1639 3875 6.
1675 3830 1962 3891 Torquatus.
1987 3826 2144 3873 Aulus
2167 3840 2182 3873 ε
2205 3840 2315 3871 unm
2335 3822 2546 3881 Lucius,

392 3894 645 3967 narrabat,
672 3918 945 3973 perpetrata
972 3906 1034 3954 ab
1062 3924 1124 3955 eo
1148 3909 1203 3954 iu
1226 3907 1395 3955 casu-is
1410 3942 1425 3966 ‚
1513 3907 1616 3968 ejus
1643 3906 1791 3953 freter
1805 3940 1820 3965 ,
1842 3904 2049 3969 perierat
2067 3940 2082 3964 ‚
2119 3915 2177 3954 ut
2197 3912 2330 3953 recte
2353 3901 2548 3955 monuit

390 3989 507 4039 dum
536 4004 698 4036 comes
720 3986 919 4036 caesaris
948 3996 1073 4036 esset
1095 3998 1267 4035 contra
1294 3986 1419 4035 libe-
1515 3984 1787 4035 Mannum.
1811 3986 1910 4035 En.
