3019 4681
562 357 703 453 378
1216 362 1313 430 M.
1363 362 1439 427 T.
1499 361 2064 432 CICERONIS

564 504 810 564 secum
832 535 851 567 ,
920 506 1070 579 quo
1123 477 1465 581 'tempore
1531 485 1751 556 Sextii
1809 497 2073 580 rogatu
2129 483 2294 556 veni
2351 480 2450 554 ad
2499 507 2651 554 eum
2673 537 2689 564 ,

566 615 797 687 quum
834 605 1323 690 exspectarem
1364 590 1624 664 sedens
1648 648 1667 680 ,
1705 592 1968 665 dixisse
1999 620 2016 662 ε
2063 621 2096 656 α
2123 595 2272 690 Ego
2317 617 2524 662 nunc
2563 607 2686 662 tam

562 702 701 772 sim
739 703 1042 791 stultus,
1096 716 1180 771 ut
1228 702 1426 774 hunc
1466 705 1705 802 ipsum
1741 701 2070 776 facilem⁶
2116 702 2537 792 hominem,
2569 727 2686 800 pu·

562 823 711 880 tem
748 810 931 881 mihi
965 835 1116 882 esse
1150 813 1459 885 amicum
1480 868 1500 903 ‚
1549 839 1776 912 quum
1823 814 2102 885 tamdiu
2151 811 2419 885 sedens
2469 835 2687 883 meum

568 915 1039 988 commodum
1058 921 1469 1016 exspectet?
1492 951 1526 984 n
1562 919 1802 992 Habes
1833 921 2054 1017 igitur
2081 921 2482 1015 φαλάκρωμα
2503 932 2556 1007 7,
2571 919 2688 988 ini-

562 1029 1029 1100 micissimum
1070 1031 1239 1118 otii,
1280 1031 1353 1102 id
1384 1045 1525 1117 est,
1561 1032 1785 1103 Bruti.
1821 1037 1904 1102 In
1937 1031 2440 1102 Tusculanum
2471 1021 2690 1112 hodie,

560 1139 866 1209 Lanuvii
913 1163 1103 1227 cras3
1153 1139 1324 1213 inde
1361 1144 1640 1216 Asturae
1684 1141 2115 1242 cogitabam.
2149 1141 2342 1212 Piliae
2376 1155 2690 1238 paratum

563 1260 673 1318 est
716 1247 1108 1346 hospitium
1141 1278 1157 1320 z
1196 1250 1324 1323 sed
1364 1253 1627 1325 vellem
1661 1255 1968 1324 Atticam
2004 1253 2312 1350 (verum
2341 1251 2484 1322 tibi
2510 1252 2690 1349 igno·

563 1349 823 1451 sco⁸);
861 1382 1171 1456 quarum
1204 1363 1495 1461 utrique
1533 1363 1866 1436 salutem.

635 1527 685 1575 6.
727 1527 959 1578 Facilem.
1009 1529 1175 1580 Scribe
1194 1566 1210 1590 ,
1247 1543 1350 1580 eam
1375 1530 1588 1598 facilem
1643 1601 1646 1604 ἢ
1754 1550 1799 1594 7.
1819 1531 2150 1601 Φαλάκρωμα.
2167 1531 2300 1578 Vide
2324 1547 2480 1596 supra
2515 1539 2611 1577 unt.
2630 1535 2670 1582 4-

563 1605 827 1657 lwmt'nem.
869 1610 1083 1660 Μσιιτ.
1126 1637 1198 1648 -·
1236 1611 1333 1660 Sed
1372 1627 1481 1661 non
1515 1624 1588 1660 est
1750 1613 1800 1662 8.
1823 1613 1931 1662 Tibi
1943 1613 2158 1678 ignosco.
2174 1613 2225 1660 Si
2240 1623 2338 1659 uum
2353 1611 2553 1659 dulcem
2565 1606 2690 1654 flui-

566 1701 776 1737 necease.
1677 1702 1840 1744 tecum
1857 1693 1931 1742 vin
1949 1691 2177 1740 retinete.
2207 1693 2362 1740 Ιυιιι.

1116 1843 1578 1863 mmm
1949 1837 2672 1864 mmmm

1200 2019 1842 2100 EPISTOLA
1893 2019 2070 2099 III.

567 2198 829 2258 Breviter
846 2198 919 2257 de
942 2198 1193 2277 publicis
1221 2197 1572 2277 quibusdam
1595 2211 1654 2258 et
1675 2199 1916 2277 privatis
1946 2198 2213 2276 negotiis.
2242 2197 2346 2277 (In
2363 2197 2686 2262 Tusculano,

1138 2315 1290 2357 anno
1319 2302 1391 2359 U.
1407 2302 1480 2361 .C.
1511 2317 1660 2375 709,
1687 2315 1884 2357 mense
1917 2296 2135 2376 aprili.)

1245 2444 1556 2509 CICERO
1603 2445 1921 2509 ATTICO
1967 2445 2029 2511 S.

668 2578 1250 2661 TRANQUILLAE
1302 2594 1443 2650 tuae
1492 2579 1787 2675 quidem
1852 2579 2114 2666 literae3
2175 2578 2380 2676 quod
2431 2584 2685 2651 utinam

573 2686 880 2759 diutius!
924 2712 1091 2759 nam
1119 2691 1383 2760 Matius
1417 2712 1628 2789 posse
1666 2686 1996 2788 negabat.
2037 2694 2220 2761 Ecce
2250 2704 2497 2760 autem
2521 2690 2686 2757 st‘ru-

573 2812 809 2870 ctores
853 2804 1121 2871 nostri¹
1166 2800 1252 2873 ad
1299 2798 1751 2873 frumentum
1801 2799 2139 2899 profecti,
2185 2826 2419 2898 quum
2462 2802 2685 2871 inanes

574 2908 990 2997 rediissent,
1045 2934 1413 2981 rumorem
1475 2907 1796 2981 afferunt
1847 2934 2232 3009 magnum,
2295 2916 2539 2981 Romae
2577 2902 2686 2975 do-

570 3038 777 3086 mum
806 3015 894 3089 ad
924 3020 1325 3088 Antonium
1363 3015 1812 3091 frumentum
1846 3040 2064 3088 omne
2088 3017 2397 3113 portari:
2424 3010 2686 3087 ϊεανυώνΒ

574 3141 809 3215 certe3
856 3127 1255 3224 scripsisses
1286 3130 1503 3201 enim.
1555 3124 1972 3225 Corumbus
2014 3120 2264 3197 Balbi³
2303 3126 2545 3199 nullus
2579 3116 2685 3190 ad·

576 3236 760 3326 huc;
800 3240 921 3308 et‘·
962 3238 1140 3307 mihi
1182 3253 1441 3309 notum
1492 3262 1808 3309 nomen:
1841 3237 2075 3309 bellus
2109 3241 2304 3308 enim
2343 3258 2498 3307 esse
2533 3228 2686 3303 dici-

577 3361 698 3417 tur
744 3344 1195 3419 architectus.
1253 3347 1365 3420 Ad
1415 3346 1999 3447 obsignandum⁵
2039 3361 2120 3419 tu
2155 3346 2524 3419 adhibitus
2555 3360 2683 3413 non

576 3456 731 3527 sine
766 3480 981 3528 causa
1016 3456 1295 3529 videris.
1332 3458 1611 3529 Volunt
1635 3460 1830 3531 enim
1859 3482 1996 3531 nos
2020 3460 2120 3529 ita
2141 3472 2418 3557 putare.
2455 3450 2683 3529 Nescio

649 3643 670 3675 1
683 3664 698 3677 .
716 3630 983 3677 seruatores
1000 3630 1168 3679 nostri.
1198 3629 1266 3690 13,
1283 3644 1493 3694 quorum
1514 3630 1598 3682 hio
1755 3635 1810 3693 4.
1831 3632 1932 3679 Pro
1965 3641 2015 3677 ee
2044 3630 2236 3679 Emest.
2269 3628 2562 3691 conjiciebat
2587 3621 2683 3678 seda·

574 3720 691 3761 utor
735 3724 883 3774 opera
924 3710 989 3761 ad
1034 3710 1197 3761 villam
1244 3709 1593 3761 aedffienndam.
1685 3708 1882 3763 Sabata.
1913 3708 2244 3769 conjecturam
2269 3708 2324 3757 in
2353 3718 2538 3757 textum
2554 3702 2682 3755 admi·

576 3788 794 3841 Murum
1683 3789 1764 3838 sit.
1793 3792 1827 3839 J
1833 3820 1846 3835 .
1863 3790 1929 3837 V.
1949 3790 2002 3838 1..

650 3881 699 3917 2.
730 3866 951 3919 Πανοιόν.
984 3893 1010 3913 ιι
1026 3870 1191 3921 lumin
1208 3880 1365 3919 terror
1380 3890 1421 3919 »0
1759 3869 1814 3919 5.
1855 3866 1946 3917 Ad
1987 3866 2362 3931 obsignandum.
2387 3869 2680 3917 Tuumn-

648 3948 697 3997 3.
744 3948 1009 3999 Corumbus
1044 3950 1203 4001 Balbi.
1244 3950 1562 4015 Subinteluge
1581 3984 1598 4013 ,
1697 3950 1768 3997 Tu
1815 3946 2078 4001 adhibitus.
2113 3950 2161 3997 A
2209 3946 2504 4011 quibusdam
2553 3946 2682 3997 Cen·

575 4044 759 4079 nervus.
808 4030 987 4081 Nullus
1030 4030 1207 4081 adhuc.
1258 4030 1493 4081 Nondum
1537 4028 1602 4079 ad
1689 4029 1854 4079 rimis.
1889 4030 2002 4077 Non
2033 4027 2138 4077 sine
2166 4044 2348 4078 causa.
2395 4030 2464 4075 Ut
2509 4036 2562 4073 tu
2601 4022 2678 4069 110⁰

578 4126 655 4157 me
687 4120 899 4157 venerat.
939 4110 1033 4156 En.
1689 4108 1808 4159 mihi
1833 4106 2034 4157 indices.
2059 4108 2218 4157 Coun.
