3019 4681
386 438 753 461 mmm
1688 444 1780 465 m
1791 442 1884 465 m
1889 444 2344 471 mmmm
2351 450 2534 473 m

788 648 979 751 M.
1048 566 1181 749 T.
1254 646 2094 757 CICERONIS

512 866 2394 1070 EPISTULARUM

958 1194 1123 1272 AD
1178 1194 1286 1297 Q.
1350 1192 1937 1273 FRATREM

871 1408 1321 1513 LIBER·
1382 1409 2008 1514 PRIMUS.

1535 1686 1552 1725 5

1080 1814 1695 1897 EPISTOLA
1761 1814 1825 1895 I.

374 1998 631 2075 Quintus
652 1998 859 2059 Cicero
886 2015 957 2055 ex
988 2006 1246 2073 praetura
1268 1992 1634 2073 provinciam
1656 1994 1852 2055 Asiam
1881 1996 2150 2073 sortitus,
2174 2015 2360 2061 annos
2384 2002 2508 2081 jam

452 2097 603 2155 duos
630 2094 937 2154 continuos
957 2112 1167 2172 parum
1182 2090 1435 2150 secunda
1462 2092 1614 2149 fama
1637 2111 1764 2151 eam
1781 2092 2226 2155 administrarat.
2241 2104 2436 2175 Quum
2453 2102 2515 2161 in

452 2210 672 2250 annum
698 2190 933 2249 tertium
958 2200 1341 2267 prorogatum
1368 2186 1454 2246 illi
1481 2188 1792 2265 imperium
1819 2188 2048 2263 fuisset,
2075 2197 2311 2253 Marcus
2335 2195 2517 2257 frater

319 2293 327 2300 ’
452 2288 591 2348 inde
615 2288 975 2348 occasionem
998 2306 1129 2346 eum
1156 2284 1233 2345 ad
1262 2284 1491 2345 laudem
1523 2284 1870 2346 cohortandi
1897 2289 2179 2367 sumpsit,
2231 2293 2393 2371 quod
2439 2294 2516 2356 de

452 2387 779 2448 accessione
812 2385 926 2445 bac
951 2405 1143 2444 annua
1180 2385 1373 2444 facere
1412 2385 1579 2442 illum
1611 2384 1916 2446 certiorem
1947 2388 2138 2448 vellet.
2190 2393 2296 2450 Est
2320 2405 2516 2453 autem

450 2483 729 2566 bipartita
760 2482 1089 2542 cohortatio
1113 2505 1127 2540 ε
1152 2483 1321 2562 prior
1354 2481 1509 2540 enim
1541 2501 1679 2561 pars
1705 2481 1780 2540 ad
1808 2499 1876 2541 ea
1901 2503 2032 2562 quae
2057 2485 2322 2566 rempub.
2345 2490 2518 2550 attin·

449 2593 631 2661 gunt,
668 2581 849 2642 altera
875 2578 949 2638 ad
982 2598 1051 2638 ea
1080 2597 1213 2657 quae
1249 2579 1480 2657 privata
1517 2591 1577 2636 et
1616 2577 1822 2655 Quinti
1859 2578 1982 2640 sere
2011 2582 2308 2662 praecipua
2345 2600 2514 2658 sunt,

448 2682 736 2759 pertinet:
768 2697 901 2738 nam
930 2677 989 2736 in
1018 2678 1217 2755 priore
1252 2689 1421 2754 parte
1460 2693 1532 2734 ea
1559 2677 1964 2754 persequitur,
2013 2699 2148 2757 quae
2185 2679 2262 2738 ad
2305 2683 2512 2759 Quinti

448 2777 758 2856 imperium
782 2795 850 2834 ac
867 2772 1279 2853 provincialem
1302 2771 1862 2832 administrationem
1882 2788 2175 2854 spectant3
2200 2776 2274 2836 de
2297 2779 2513 2858 quibus

447 2872 870 2952 quadripartite
906 2871 1183 2948 disputat.
1208 2868 1407 2928 Primo
1430 2869 1610 2946 igitur
1631 2869 1794 2941 loco,
1845 2869 1920 2928 de
1950 2872 2175 2948 Quinto
2203 2873 2330 2952 ipso
2360 2896 2513 2955 prae-

451 2983 619 3048 cepta
645 2968 746 3026 dat
770 2990 783 3024 :
817 2966 920 3025 sed
952 2987 1073 3025 non
1100 2967 1181 3024 ita
1205 2965 1367 3044 quasi
1396 2963 1473 3023 de
1494 2963 1720 3038 Quinto
1743 2983 1811 3024 ac
1837 2967 1963 3026 cive
1991 2987 2271 3044 roman03
2297 2992 2505 3034 verum

450 3078 515 3123 ut
545 3065 619 3124 de
645 3063 999 3141 amplissimo
1024 3061 1230 3141 populi
1255 3061 1481 3120 romani
1509 3061 1851 3137 magistratu
1871 3105 1889 3136 ,
1916 3065 2110 3123 Asiam
2143 3067 2506 3144 provinciam

446 3181 577 3220 cum
600 3179 827 3219 summo
850 3159 1099 3238 imperio
1124 3159 1580 3218 administrante.
1605 3160 1806 3219 Altero
1836 3158 1984 3226 loco,
2006 3161 2080 3219 de
2102 3163 2171 3220 iis
2195 3165 2508 3226 comitibus

444 3257 735 3338 praecipit,
775 3276 925 3335 quos
952 3275 1145 3314 secum
1172 3256 1233 3313 in
1258 3254 1620 3335 provinciam
1646 3254 1878 3332 imperii
1906 3254 1995 3314 sui
2027 3259 2320 3320 ministros
2337 3305 2356 3335 ,
2400 3283 2508 3341 pu-

442 3354 846 3432 blicorumque
870 3353 1239 3432 negotiorum
1271 3351 1565 3430 adjutores
1591 3351 1888 3410 eduxerat.
1923 3357 2128 3412 Postea
2155 3354 2230 3414 de
2255 3357 2508 3420 vitandis

440 3460 779 3514 Graecorum
802 3463 862 3510 et
885 3450 1331 3531 publicanorum
1354 3450 1548 3508 nimiis
1576 3449 2060 3510 familiaritatibus
2079 3451 2246 3512 illum
2269 3471 2502 3528 monet;

441 3564 647 3629 utpote
671 3548 887 3628 quibus
910 3547 1139 3627 imperii
1164 3547 1254 3606 sui
1284 3547 1534 3626 dignitas
1561 3545 1900 3606 labefactari
1930 3547 2098 3608 facile
2135 3553 2501 3633 convellique

438 3647 638 3726 possit.
675 3652 1016 3718 Postremo,
1050 3643 1224 3704 etiam
1262 3643 1337 3702 ‹le
1368 3642 1549 3704 servis
1579 3643 1906 3704 cautionem
1935 3643 2177 3705 adhibet
2199 3690 2218 3721 ‚
2262 3648 2504 3731 ejusque

438 3757 617 3822 caput
642 3743 756 3802 hoc
784 3762 908 3802 esse
936 3741 1153 3814 voluit,
1180 3761 1253 3800 ne
1276 3739 1419 3819 quid
1449 3738 1520 3798 iis
1540 3782 1557 3809 ‚
1585 3738 1744 3818 quod
1780 3739 1853 3798 ad
1885 3761 2067 3820 remp.
2101 3745 2216 3802 ulla
2235 3766 2306 3803 ex
2332 3761 2502 3826 parte

438 3841 726 3919 pertineat
740 3838 1176 3912 ‚comminatum
1190 3837 1392 3896 Altera
1414 3857 1552 3915 pars
1574 3855 1641 3893 ea
1657 3877 1675 3905 ,
1706 3848 1770 3893 ut
1792 3850 1928 3896 ante
1952 3837 2092 3910 dixi,
2119 3861 2248 3919 quae
2267 3845 2516 3920 privata·

438 3937 619 4016 magis
646 3949 780 3996 sunt
795 3978 813 4009 ,
844 3934 907 3994 id
927 3948 1015 3992 est
1031 3977 1049 4007 ‚
1076 3953 1207 4012 quae
1231 3933 1437 4008 Quinti
1463 3949 1777 4010 personam
1805 3945 1979 4012 atque
2012 3934 2268 3996 officium
2295 3919 2503 4018 praeci‘-

436 4055 555 4114 pue
582 4035 912 4114 attingunt,
953 4031 1381 4110 complectitur.
1417 4035 1568 4090 Nam
1598 4030 1788 4108 primo
1828 4031 1988 4105 loco,
2025 4031 2100 4092 de
2141 4035 2500 4100 moderanda

437 4131 751 4192 acerbitate
768 4176 786 4206 ‚
812 4151 931 4211 qua
958 4150 1093 4190 usus
1124 4129 1182 4190 in
1207 4129 1507 4210 suppliciis
1533 4141 1700 4188 antea
1735 4127 1953 4202 fuerat,
1979 4129 2170 4211 deque
2197 4133 2500 4197 retinenda
2575 4197 2588 4213 .
