3019 4681
610 376 1126 446 EPISTOLAE
1173 374 1316 445 AD
1367 375 1456 464 Q.
1507 377 2029 465 ΕΒΑΤΒΕΜ,
2076 382 2143 467 1,
2194 405 2249 450 1.
2358 381 2491 479 547

368 523 610 598 neque
635 513 706 570 te
731 500 960 595 patiar
985 497 1390 593 (quantum
1425 500 1502 567 in
1532 520 1651 569 me
1674 498 1851 595 erit)
1884 524 2053 571 cum
2076 507 2499 600 exceptione

367 608 662 681 laudari.
717 612 986 677 Omnes
1031 607 1258 692 enim,
1302 610 1433 703 qui
1475 609 1687 679 istinc
1718 609 2060 698 veniunt,
2094 612 2193 683 ita
2244 613 2335 685 de
2374 630 2502 688 tua

366 721 634 791 virtute
659 768 680 801 ,
732 717 1142 814 integritate
1167 770 1188 803 ,
1242 716 1691 789 humanitate
1750 741 2360 812 commemorant,
2420 741 2505 797 ut

366 832 442 900 in
487 829 628 899 tuis
663 829 962 899 summis
995 824 1336 899 laudibus
1369 829 1732 925 excipiant
1772 854 1989 899 unam
2030 833 2497 907 iracundiam.

364 937 582 1031 Quod
617 937 870 1009 vitium
904 960 1136 1034 quum
1173 938 1252 1007 in
1283 936 1422 1007 hae
1439 938 1719 1033 privata
1752 938 2325 1039 quotidianaque
2358 950 2505 1016 vita

365 1049 541 1120 levis
573 1072 728 1119 esse
759 1049 984 1119 animi
1011 1061 1231 1144 atque
1269 1044 1541 1117 infirmi
1573 1046 1903 1137 videtur3
1932 1065 2089 1121 tum
2116 1074 2293 1124 vero
2326 1055 2505 1125 nihil

365 1178 476 1235 est
511 1178 658 1233 tam
691 1157 1054 1248 deforme,
1091 1184 1313 1257 quam
1347 1160 1438 1231 ad
1475 1186 1841 1233 summum
1870 1166 2258 1261 imperium
2292 1171 2509 1241 etiam

367 1272 830 1345 acerbitatem
855 1286 1130 1343 naturae
1155 1270 1573 1368 adjungere.
1611 1275 1855 1362 Quare
1890 1273 2073 1344 illud
2104 1300 2253 1347 non
2284 1283 2511 1351 susci·-

365 1385 594 1481 piam‚
635 1396 754 1467 ut,
791 1404 954 1477 quae
990 1379 1082 1452 de
1117 1380 1492 1452 iracundia
1534 1380 1675 1452 dici
1719 1382 1955 1456 solent
1996 1410 2037 1455 a
2079 1386 2511 1463 doctissimis

368 1491 829 1579 hominibuS,
880 1514 964 1561 ea
1015 1489 1150 1561 tibi
1179 1516 1396 1562 nunc
1453 1514 1857 1588 exponam,
1909 1518 2136 1591 quum
2182 1510 2255 1568 et
2298 1501 2513 1572 nimis

369 1603 629 1698 longus
669 1624 824 1673 esse
858 1599 1088 1672 nolim
1110 1652 1130 1685 ,
1177 1614 1252 1670 et
1299 1622 1386 1670 ex
1423 1599 1827 1671 multorum
1866 1603 2151 1702 scriptis
2185 1630 2267 1675 ea
2304 1603 2513 1687 facile

367 1715 597 1810 possis
632 1734 1068 1807 cognoscere
1099 1736 1116 1779 ε
1161 1708 1362 1806 quod
1377 1702 1448 1771 ⁸9
1483 1724 1595 1780 est
1628 1710 1948 1807 epistolae
1983 1717 2389 1809 proprium,
2428 1732 2513 1789 ut

367 1824 464 1909 is,
524 1822 614 1893 ad
665 1846 888 1919 quem
939 1819 1327 1909 scribitur,
1385 1818 1478 1891 de
1520 1821 1609 1891 iis
1654 1818 1914 1909 rebUS,
1966 1812 2147 1919 quas
2188 1825 2509 1921 ignorat,

366 1936 634 2007 certior
669 1932 832 2021 fiat,
870 1928 1573 2030 praetermittendum
1616 1954 1772 2003 esse
1809 1955 1961 2002 non
2006 1947 2207 2029 puto.

463 2048 582 2115 Sic
609 2042 702 2113 ad
737 2068 873 2115 nos
909 2065 1166 2114 omnes
1201 2040 1350 2113 fere
1384 2038 1761 2128 deferunt,
1796 2041 2018 2131 nihii,
2058 2068 2285 2140 quum
2326 2045 2514 2118 absit

367 2152 771 2239 iracundia,
819 2165 892 2223 te
927 2150 1087 2237 fieri
1123 2174 1334 2249 posse
1373 2150 1812 2245 jucundius3
1848 2151 1975 2223 sed
2012 2178 2243 2249 quum
2280 2168 2349 2225 te
2379 2155 2509 2225 ali·

370 2262 580 2358 cujus
621 2259 1046 2360 improbitas
1097 2262 1678 2359 perversitasque
1730 2266 2240 2353 commoverit,
2284 2270 2386 2337 sic
2434 2280 2509 2337 te

365 2377 610 2446 animo
661 2372 972 2458 incitari,
1019 2386 1104 2442 ut
1151 2368 1243 2443 ab
1294 2369 1645 2442 omnibus
1698 2384 1821 2442 tua
1872 2369 2324 2445 desideretur
2372 2375 2508 2448 hu-

368 2487 698 2557 manitas.
748 2484 1028 2573 Quare,
1071 2481 1418 2578 quoniam
1461 2483 1541 2551 in
1578 2505 1739 2552 eam
1779 2484 2135 2557 rationem
2175 2486 2334 2555 vitae
2370 2511 2507 2558 nos

370 2617 524 2666 non
560 2607 706 2664 tam
744 2590 1104 2689 cupiditas
1133 2589 1464 2688 quaedam
1495 2590 1778 2687 glot-im,
1823 2613 2043 2688 quam
2085 2617 2201 2665 res
2236 2595 2387 2691 ipsa
2424 2621 2511 2668 ac

369 2701 662 2774 fortuna
697 2701 1039 2789 deduxit,
1075 2713 1162 2772 ut
1195 2702 1680 2799 sempiternus
1713 2725 1949 2773 sermo
1988 2703 2372 2775 hominum
2414 2705 2508 2777 de

369 2812 584 2884 nobis
647 2809 936 2882 futurus
994 2813 1136 2898 sit;
1199 2835 1577 2883 caveamus
1603 2865 1624 2898 ,
1680 2826 2037 2908 quantum
2096 2813 2383 2886 efficere
2432 2831 2509 2887 et

369 2921 722 3018 consequi
765 2944 1195 3019 possumus,
1231 2935 1316 2992 ut
1357 2946 1450 2993 ne
1487 2919 1694 3017 quod
1727 2923 1803 2993 in
1846 2923 2059 2996 nobis
2094 2927 2373 3021 insigne
2400 2930 2507 2994 vi·

369 3035 554 3104 tium
588 3030 808 3102 fuisse
853 3028 1156 3102 dicatur.
1197 3033 1454 3128 Neque
1490 3053 1633 3132 ego·
1671 3055 1869 3104 nunc
1913 3031 2054 3102 hoe
2099 3035 2503 3120 contende,

369 3138 577 3238 quod
631 3137 934 3210 fortasse
989 3163 1220 3236 quum
1279 3143 1358 3210 in
1417 3135 1617 3210 omni
1673 3154 1973 3228 natura,
2030 3157 2183 3212 tum
2223 3143 2369 3237 jam
2422 3146 2501 3214 in

370 3264 613 3322 nostra
650 3263 854 3322 aetate
895 3247 1188 3322 difficile
1225 3264 1366 3338 est,
1413 3263 1695 3320 mutare
1725 3252 2045 3332 animum
2068 3303 2088 3336 ,
2130 3265 2203 3322 et
2232 3254 2291 3322 si
2323 3252 2499 3349 quid

371 3373 478 3432 est
517 3363 808 3457 penitus
844 3361 1138 3432 insitum
1179 3357 1543 3443 moribus,
1586 3357 1661 3430 id
1704 3359 1947 3430 subito
1983 3360 2332 3433 evellere:
2372 3361 2499 3433 sed

371 3486 444 3542 te
483 3470 666 3543 illud
699 3469 1062 3542 admoneo
1083 3525 1104 3558 ,
1137 3483 1220 3542 ut
1247 3524 1266 3559 ‚
1303 3471 1363 3540 si
1400 3467 1542 3539 hoe
1572 3468 1783 3565 plane
1818 3471 2042 3541 vitare
2072 3495 2221 3541 non
2254 3486 2497 3570 poteS,

371 3579 572 3678 quod
629 3596 798 3652 ante
855 3597 1253 3682 occupatur
1314 3579 1599 3651 animus
1656 3577 1748 3649 ab
1808 3580 2216 3671 iracundia,
2278 3609 2500 3680 quam

371 3687 750 3788 providere
792 3694 976 3761 ratio
1028 3695 1302 3789 potuit,
1342 3713 1436 3760 ne
1481 3703 1984 3785 occuparetur,
2018 3705 2101 3762 ut
2140 3703 2299 3763 te9⁰
2330 3710 2497 3765 ante

369 3825 782 3898 compares,
840 3800 1314 3899 quotidieque
1367 3803 1721 3875 meditere
1748 3859 1767 3891 ‚
1816 3802 2292 3876 resistendum·
2347 3829 2499 3878 esse

440 4015 529 4081 89.
553 4019 700 4081 Quod
717 4030 804 4068 est.
823 4017 952 4078 Alii,
987 4019 1167 4078 «illud,
1195 4020 1333 4084 quod
1349 4043 1391 4070 n.
1481 4021 1596 4069 dat:
1628 4021 1763 4084 quod
1784 4020 2023 4084 eleganter
2056 4020 2161 4070 fleri
2196 4023 2319 4070 solet
2340 4058 2353 4080 ,
2379 4041 2499 4087 quo-

442 4113 530 4158 9⁰·
562 4102 624 4144 Ut
647 4109 691 4145 ce
713 4109 844 4148 ante.
873 4099 1112 4148 Particula
1138 4112 1192 4148 ut
1211 4101 1393 4149 redun-
1483 4101 1575 4152 ties
1600 4100 1753 4151 multu
1778 4101 2165 4164 interpono-mr.

2197 4184 2310 4257 35.
