3019 4681
476 370 616 451 440
1110 371 1205 437 Μ.
1260 372 1337 437 Τ.
1391 369 1969 441 CICERONIS
2069 386 2080 397 ·

764 532 1463 561 mmmmm-“Um
1741 536 2286 560 mmmmm*
2291 538 2378 558 Μ
2383 540 2598 559 mm

1106 709 1741 789 EPISTOLA
1810 710 1967 788 IX.

468 872 893 927 Commemorat
922 868 1062 946 ‘quid
1093 890 1125 927 e
1158 868 1323 928 Balbi
1368 869 1548 927 literis
1576 869 1959 947 compererit,
2009 868 2083 925 de
2129 868 2416 945 legatione
2463 868 2590 925 fru—

544 967 826 1023 mentaria
853 970 1035 1023 Bruto
1082 979 1139 1024 et
1166 966 1361 1024 Cassio
1382 1010 1397 1035 ,
1442 968 1697 1043 itemque
1730 964 1802 1023 de
1833 965 2146 1043 provinciis
2173 966 2244 1023 iis
2272 964 2590 1023 decernen-

546 1061 667 1133 dis,
718 1062 1010 1139 animique
1052 1063 1143 1119 sui
1194 1061 1691 1141 perturbationem
1733 1061 2029 1141 siguificat.
2076 1061 2180 1139 (Iu
2234 1062 2594 1135 Tusculano,

548 1176 700 1215 anno
730 1163 806 1218 U.
832 1161 900 1217 C.
928 1178 1042 1236 7⁰9
1059 1179 1290 1231 ,mense
1310 1158 1532 1239 junio.)

1132 1327 1451 1395 CICERO
1497 1315 1810 1392 ATTICO
1855 1328 1918 1393 S.

559 1478 822 1547 Tmrrto
854 1501 1083 1547 nonas
1126 1478 1401 1575 vesperi
1441 1502 1481 1547 a
1525 1477 1745 1549 Balbo
1787 1474 2084 1548 redditae
2119 1474 2295 1547 mihi
2340 1476 2596 1562 literae,

463 1573 622 1655 fore
663 1588 874 1657 nonis
912 1601 1274 1674 senatum,
1328 1600 1413 1657 ut
1444 1592 1709 1657 Brutus
1738 1590 1810 1656 in
1844 1588 2042 1675 Asia,
2081 1587 2362 1657 Cassius
2391 1588 2466 1655 in
2493 1586 2589 1655 Si·

462 1694 625 1765 cilia
656 1692 1105 1767 frumentum
1146 1696 1578 1787 emendum,
1615 1711 1688 1767 et
1719 1694 1811 1766 ad
1847 1694 2118 1767 Urbem
2163 1692 2596 1765 mittendum

464 1821 823 1876 curarent.
866 1812 931 1877 O
978 1832 1133 1878 rem
1172 1804 1540 1877 miseram!
1593 1806 1907 1903 primum
1949 1804 2167 1875 ullam
2221 1803 2314 1874 ab
2337 1814 2356 1847 ¹
2413 1803 2597 1890 istis3

462 1912 633 1984 dein
651 1969 670 2002 ,
698 1920 755 1985 si
776 1915 1117 2013 aliquam,
1140 1915 1329 1986 hanc
1352 1916 1767 2011 legatoriam
1784 1926 1812 1957 ²
1842 1913 2335 2013 provinciam?
2362 1918 2596 2010 Atque

463 2022 659 2094 haud
698 2028 844 2096 scio
872 2081 892 2113 ,
928 2051 1021 2097 an
1066 2026 1329 2097 melius
1365 2027 1488 2113 sit,
1524 2050 1742 2122 quam
1771 2024 1862 2095 ad
1893 2030 2235 2117 Eurotam
2258 2021 2288 2067 ³
2327 2023 2595 2095 sedere.

462 2134 606 2204 Sed
631 2135 783 2206 haec
812 2160 1015 2206 casus
1042 2134 1498 2233 gubernabit.
1531 2136 1648 2204 Ait
1683 2147 1957 2219 autem,
1984 2132 2238 2205 eodem
2267 2147 2598 2231 tempore

464 2241 835 2315 decretum
898 2247 984 2314 iri
1012 2299 1032 2331 ,
1078 2259 1162 2316 ut
1202 2246 1288 2315 iis
1342 2258 1413 2315 et
1470 2244 1768 2342 reliquis
1811 2244 2164 2342 praetoriis
2213 2244 2596 2339 provinciae

461 2353 965 2428 decernantur.
1000 2361 1156 2426 Hoc
1192 2369 1386 2427 certe
1414 2355 1673 2425 melius
1693 2410 1712 2440 ,
1744 2381 1960 2452 quam
1981 2353 2100 2425 illa
2125 2355 2400 2426 Persice
2429 2377 2596 2450 por-

458 2465 709 2538 ticus4.
744 2465 933 2538 Nolo
976 2460 1222 2537 enim⁵
1260 2464 1855 2536 Lacedaemonem
1903 2463 2414 2560 longinquanu
2461 2465 2594 2532 La-

462 2575 765 2644 nuvium
804 2575 1219 2646 existimavi.
1270 2573 1518 2660 Rides,
1557 2575 1872 2672 inquieS,
1911 2577 1986 2645 in
2035 2570 2297 2644 talibus
2331 2570 2597 2643 rebus?

461 2683 655 2773 Quid
692 2682 987 2755 faciam?
1024 2684 1377 2782 plorando
1410 2682 1643 2790 fessus
1679 2709 1860 2755 sum.

538 2830 686 2888 1.'Ab
710 2839 830 2888 iscis.
865 2841 1085 2890 Anton10
1109 2853 1158 2890 et
1183 2843 1481 2892 Caesarianis.
1570 2858 1664 2907 pro
1703 2843 1970 2908 proverbio
2009 2851 2278 2905 acceperat.
2319 2839 2507 2888 Deinde
2532 2841 2595 2889 ad

532 2935 581 2968 α.
610 2920 941 2984 Legatoriam.
980 2923 1073 2970 Per
1112 2933 1481 2986 contemptum3
1570 2937 1926 2986 sensnm,quem
1949 2919 2134 2978 damus,
2149 2921 2378 2968 revertit:
2399 2930 2596 2982 postre-

454 2999 591 3065 quod
604 3000 899 3064 quasiiegsti
918 3001 981 3048 nd
994 3001 1263 3049 curandum
1276 3001 1485 3050 frumen·-
1569 3017 1654 3049 mo
1673 3001 1882 3064 deniqne
1915 3003 2143 3048 Eurotam
2175 2999 2378 3060 conjicit
2405 3015 2510 3046 esse
2531 2999 2598 3046 ri-

457 3088 561 3126 tum
576 3079 896 3128 mitterentur.
912 3079 1092 3148 Scribit
1108 3081 1381 3144 Appianus,
1393 3079 1479 3129 lib.
1559 3081 1738 3129 ‘valum
1762 3080 2016 3144 quemdam
2030 3079 2084 3128 in
2101 3079 2216 3126 villa
2231 3079 2390 3136 Bruti,
2408 3079 2486 3125 cui
2498 3079 2595 3128 hoc

434 3159 547 3216 .111,
566 3170 781 3207 senatum
798 3161 949 3207 Bruto
963 3170 1013 3208 et
1032 3159 1200 3208 Cassio
1217 3161 1481 3219 timentem,
1568 3175 1746 3208 nomen
1771 3175 1830 3208 ex
1847 3175 1982 3208 more
2009 3158 2226 3206 dederat.
2243 3161 2382 3206 Hanc
2402 3156 2593 3205 demum

457 3237 748 3287 demandato
789 3239 860 3286 rei
892 3238 1217 3287 frumentariae
1250 3255 1477 3299 munem,
1567 3241 1856 3288 seutentiam
1879 3238 2132 3302 amplexus
2157 3247 2230 3285 est
2259 3239 2310 3286 J.
2328 3239 2395 3284 V.
2417 3239 2474 3284 L.
2503 3237 2594 3284 En.

454 3317 661 3366 honeste
686 3316 796 3365 illos
818 3316 1113 3364 amandam.
1139 3318 1279 3365 Man.
1637 3324 1690 3381 4.
1717 3318 1907 3368 Persice
1925 3318 2156 3383 porticus.
2193 3317 2414 3366 Porticus
2449 3331 2595 3381 quam

525 3398 576 3444 3.
616 3395 705 3444 Ad
726 3397 981 3444 Eurotam.
1020 3398 1183 3459 Usque
1208 3412 1268 3444 eo
1290 3395 1477 3458 legato·
1565 3400 1622 3447 in
1637 3399 1914 3447 Lanuvinus
1937 3397 2050 3446 villa
2077 3407 2382 3444 exstruxerat
2398 3396 2594 3453 Brutus,

454 3475 573 3522 riam
592 3475 734 3522 istam
755 3474 1056 3538 provinciam
1083 3476 1221 3538 parvi
1250 3477 1403 3534 facio,
1422 3487 1479 3524 ut
1567 3478 1654 3526 ubi
1679 3489 1766 3526 ant
1788 3481 2024 3526 Eurotam
2049 3476 2238 3540 pictum
2259 3473 2596 3532 &hebetauit

452 3553 661 3600 nescim
674 3587 689 3611 ,
710 3563 873 3600 utrum
898 3569 953 3600 ea
964 3554 1029 3600 sit
1040 3554 1212 3601 melius
1230 3554 1317 3612 uti,
1332 3571 1477 3618 quam
1565 3557 1778 3606 rivulum
1797 3557 2051 3622 quemdam
2071 3556 2202 3602 illam
2223 3555 2382 3604 villam
2397 3554 2598 3617 irrigan-

450 3648 655 3698 prorsus
679 3632 803 3680 nihil
824 3647 989 3695 agere.
1006 3643 1057 3680 et
1080 3635 1283 3681 Lanuvii
1294 3633 1477 3695 sedere.
1567 3648 1666 3686 tem
1682 3672 1699 3697 ,
1722 3653 1866 3701 quem
1892 3638 2122 3684 Eurotam
2143 3634 2286 3682 dixit.
2310 3636 2485 3682 (ἂι-κν.

451 3711 655 3758 Lanuvii
680 3711 811 3758 enim
848 3721 949 3758 erat
982 3713 1177 3761 Brutus.
1202 3714 1439 3760 Eurotam
1456 3729 1476 3758 -·
1638 3717 1687 3766 5.
1716 3717 1846 3764 Nolo
1873 3714 2018 3762 enim.
2036 3713 2420 3776 QuiaEnrotam
2441 3712 2596 3758 nomi-
2670 3763 2680 3774 ⁸

449 3787 653 3837 fluvium
689 3791 935 3852 Laconia,
972 3792 1192 3840 Lanuvii.
1214 3792 1399 3855 pictum
1424 3793 1481 3840 in
1567 3796 1708 3854 mvi,
1735 3796 1938 3844 fortasse
1965 3805 2160 3858 poteras
2186 3793 2406 3855 accipere
2424 3789 2485 3836 de
2502 3791 2594 3837 Le·

450 3869 649 3932 porticu
662 3905 679 3925 ,
708 3885 819 3932 quae
838 3869 1026 3918 Persice
1046 3869 1298 3920 dicebatur
1316 3907 1331 3932 ,
1376 3873 1476 3919 for·
1567 3875 1845 3923 cedmone
1861 3907 1875 3932 ,
1895 3887 2040 3936 quam
2057 3871 2342 3934 preterfluit
2361 3872 2591 3917 Eurotas:

450 3957 574 3995 tasse
612 3947 747 4010 quod
781 3947 833 3992 in
876 3963 931 3994 en
966 3948 1271 3996 siruulacrum
1298 3965 1477 4012 pugne
1565 3951 1680 4000 ideo
1701 3951 1872 4000 addidi
1899 3951 1960 3999 de
1979 3950 2169 3997 Persice
2187 3950 2382 4014 porticu
2405 3964 2420 3995 ε
2441 3959 2496 3996 ut
2513 3946 2590 3994 iu·

448 4026 621 4088 fuerit,
646 4041 741 4088 qua
758 4027 917 4072 Persae
942 4045 973 4072 a
994 4027 1179 4074 Graecis
1207 4029 1317 4076 cusi
1342 4039 1472 4077 sunt.
1565 4031 1802 4095 telligeres
1815 4066 1830 4091 ,
1855 4047 1934 4078 me
1961 4028 2024 4076 de
2054 4031 2236 4077 Eurota
2260 4027 2488 4075 sitnulato
2513 4024 2590 4074 lo·

448 4108 747 4172 Mongaltius
754 4106 913 4170 primo
927 4105 1022 4154 aad
1034 4108 1265 4156 Eurotam
1280 4107 1473 4158 sedere»
1565 4121 1770 4174 quntum
1785 4145 1800 4171 ,
1830 4120 1878 4156 et
1901 4107 2169 4156 lanuvium
2204 4103 2492 4170 significare.
