3019 4681
520 309 749 448 ‘1614¹
1214 363 1309 430 Μ.
1350 363 1425 430 Τ.
1467 363 2015 436 CICERONIS

554 489 785 559 cello⁷
850 483 1158 578 cognovi
1214 481 1696 572 timidiorem3
1753 511 1970 584 quem
2035 488 2410 560 consulem
2469 489 2706 564 fuisse

550 594 930 700 poenitetss.
986 583 1049 671 ὁ
1082 611 1312 682 πολλῆς
1356 605 1657 700 ἀγεννείας
1687 614 1722 661 9
1759 602 1772 672 !
1827 607 1958 701 qui
2007 610 2221 678 etiam
2277 613 2700 683 Antonium

552 711 1017 785 confirmasse
1056 712 1352 800 dicitur,
1394 727 1476 784 ut
1515 739 1634 785 me
1669 714 2096 811 impediret;
2134 744 2284 815 quo
2313 721 2504 817 ipse,
2541 747 2706 792 cre-

546 825 679 911 de,
718 825 1095 896 honestius
1120 833 1205 891 ¹⁰.
1244 827 1607 895 Antonius
1637 838 1880 895 autem
1918 851 1990 896 v1
2019 826 2114 897 id.
2163 833 2480 926 Capuam
2517 843 2702 928 pro-

541 936 778 1008 fectus
818 950 925 1007 est
969 963 986 1004 :
1036 933 1125 1004 ad
1173 957 1291 1004 me
1328 935 1556 1022 misit,
1597 957 1706 1022 se,
1753 932 2036 1030 pudore
2083 936 2557 1026 deterritum,
2597 938 2702 1010 ad

546 1071 662 1119 me
714 1071 865 1138 noyn
915 1045 1231 1131 venisse,
1282 1042 1485 1140 quod
1539 1069 1654 1116 me
1701 1045 1841 1116 sibi
1889 1071 2312 1120 succensere
2371 1065 2696 1147 putaret.

546 1156 863 1228 lbitur¹1
910 1157 1165 1251 igitur,
1206 1167 1282 1224 et
1330 1155 1429 1224 ita
1478 1154 1809 1251 quidem,
1852 1171 1934 1226 ut
1972 1180 2255 1246 censes;
2307 1159 2444 1230 nisi
2481 1161 2698 1256 cujus

542 1269 881 1364 gravioris
936 1289 1263 1364 personae
1308 1264 1778 1363 suscipiendae
1817 1291 1981 1364 spes
2023 1268 2161 1338 erit
2199 1283 2367 1340 ante
2423 1270 2688 1341 oblata.

541 1378 681 1448 Sed
722 1381 844 1448 vix
884 1378 1021 1447 erit
1065 1391 1211 1446 tam
1250 1377 1415 1447 cito.
1458 1375 1780 1446 Allienus
1811 1390 2054 1448 autem
2090 1391 2356 1475 praetor
2386 1379 2696 1476 putabat

539 1487 858 1586 aliquem
889 1499 971 1573 ¹²,
1010 1488 1070 1557 si
1115 1510 1251 1583 ego
1300 1510 1487 1574 non,
1529 1511 1616 1557 ex
1656 1485 1948 1584 collegis
1991 1489 2156 1558 suis.
2196 1489 2448 1578 Quivis
2486 1490 2689 1573 licet,

534 1597 937 1668 dummodo
978 1596 1256 1692 aliquis.
1306 1600 1415 1666 De
1446 1620 1735 1683 sorore,
1779 1596 2019 1668 laud0.
2060 1602 2169 1669 De
2205 1601 2484 1688 Quinto
2514 1625 2692 1698 pue-

530 1733 651 1796 r0,
688 1707 901 1779 datur
927 1731 1167 1805 opera.
1196 1709 1425 1803 Spero
1456 1731 1611 1776 esse
1641 1706 1962 1777 meliora.
1993 1711 2100 1778 De
2131 1708 2413 1796 Quinto
2443 1706 2686 1794 fratre,

532 1819 714 1889 scito
752 1843 921 1890 eum
956 1842 1107 1888 non
1156 1815 1624 1887 mediocriter
1667 1816 1995 1889 laborare
2047 1817 2139 1889 de
2177 1815 2522 1908 usura133
2561 1820 2688 1890 sed

536 1930 775 2001 adhuc
804 1928 986 1999 nihil
1023 1953 1063 1998 a
1100 1931 1178 1999 L.
1216 1927 1521 2025 Egnatio
1547 1931 1917 2024 expressit.
1961 1929 2182 1999 Axius
2218 1928 2309 2000 de
2339 1955 2446 1999 xu
2470 1930 2681 2000 milli-

535 2039 675 2110 bus
747 2038 1032 2136 pudens
1063 2039 1147 2107 ¹⁴.
1204 2040 1405 2135 Saepe
1458 2039 1651 2108 enim
1714 2037 2100 2163 adscripsit
2135 2036 2218 2124 ¹⁵,
2272 2054 2358 2109 ut
2401 2040 2681 2138 Gallio,

535 2165 893 2248 quantum
943 2151 1003 2220 is
1044 2126 1303 2232 vellet,
1350 2145 1622 2218 darem.
1680 2148 1903 2237 Quod
1941 2150 2002 2218 si
2050 2174 2201 2220 non
2255 2153 2684 2248 scripsisset,

534 2283 915 2358 possemne
946 2257 1200 2328 aliter?
1240 2270 1313 2328 et
1356 2257 1652 2355 quidem
1693 2283 1878 2357 saepe
1925 2284 2088 2331 sum
2125 2259 2526 2358 pollicitus;
2561 2261 2682 2334 sed

538 2384 822 2442 tantum
865 2368 1098 2440 voluit
1129 2370 1292 2439 cito.
1323 2373 1443 2439 Me
1462 2394 1638 2441 vero
1661 2366 1722 2413 ¹⁶
1751 2369 2178 2465 adjuvarent
2205 2369 2316 2441 his
2346 2372 2423 2440 in
2461 2396 2682 2471 angu-

608 2538 657 2582 7.
692 2518 889 2569 sehfitz.
926 2538 955 2569 e
989 2522 1298 2582 conjectura,
1336 2516 1391 2567 G.
1422 2523 1568 2568 Mar-

534 2601 731 2649 cellum.
762 2600 909 2648 Male.
928 2601 979 2647 J.
998 2601 1062 2647 V.
1084 2601 1140 2647 Ι...

608 2681 659 2729 8.
704 2678 926 2728 Paenitet.
956 2678 1085 2741 Quin
1112 2676 1207 2725 scit
1230 2678 1281 2724 in
1304 2676 1567 2725 consulatu

534 2774 586 2805 se
621 2757 851 2817 injuriam
879 2756 1058 2809 Cauri
1090 2755 1286 2813 fecisse,
1328 2755 1565 2805 ultionem

537 2838 697 2885 timet.
728 2838 869 2885 Mun
1482 2890 1493 2899 .

606 2933 658 2979 9.
696 2901 737 2963 ἢ
760 2919 934 2972 πολλῆς
977 2913 1231 2985 ἀγεννείας.
1270 2914 1562 2974 Abiectum,

534 2993 864 3058 humilemque
900 2996 1142 3054 animum,
1178 3005 1380 3059 propter
1416 2996 1564 3042 timo-

536 3092 637 3121 rem
668 3076 905 3139 poenitere
930 3066 1127 3122 summae
1156 3072 1404 3138 dignitatis
1420 3107 1434 3132 ,
1469 3088 1566 3137 qun

534 3153 733 3218 gloriari
756 3155 901 3201 etiam
925 3153 1139 3201 deberet.
1166 3154 1320 3201 Ῑυιιι.

609 3248 692 3282 ιο.
726 3232 1005 3281 Honestius.
1026 3235 1299 3279 Remanere
1315 3230 1562 3290 videatur,

533 3312 573 3359 si
594 3328 672 3359 me
692 3312 881 3359 socium
902 3310 1092 3359 habeat.
1108 3312 1278 3360 Con.

508 3420 521 3431 -
609 3407 689 3438 12.
706 3390 875 3439 Ibitur.
890 3390 971 3438 Ad
990 3388 1294 3452 Pompeium.
1313 3390 1569 3447 Uecenses,

530 3470 710 3535 palam.
732 3469 845 3517 Nisi
854 3486 959 3533 spes
970 3504 986 3531 ,
1000 3468 1062 3516 de
1074 3483 1197 3531 pace
1209 3466 1401 3529 agendi.
1416 3468 1471 3513 M
1476 3484 1562 3517 u«.

532 3576 602 3587 --
618 3548 864 3612 Mongnlt.
885 3557 1047 3595 tamen
1072 3547 1133 3594 de
1156 3547 1361 3609 imperio
1380 3546 1566 3593 mavult

529 3629 777 3691 accipere,
800 3626 1033 3675 Ciceroni
1055 3641 1084 3673 a
1112 3624 1397 3672 cohortibus
1414 3658 1429 3683 ,
1454 3641 1564 3688 quae

528 3726 555 3755 a
582 3708 768 3757 Caenre
798 3706 1111 3753 descivissent
1124 3738 1139 3763 ,
1171 3703 1448 3753 defmndo.
1482 3704 1560 3753 Ne

531 3788 601 3833 sic
628 3785 829 3849 quidem
854 3784 994 3831 male.
1018 3784 1139 3830 Seu.

608 3880 690 3911 11.
755 3862 998 3927 Aliquem.
1064 3862 1193 3909 Huic
1243 3864 1315 3909 rei
1376 3858 1562 3925 prefici

535 3955 781 4009 oportere.
988 3962 1005 3983 ο

608 4025 689 4073 13.
725 4024 803 4070 De
830 4037 1003 4069 usura.
1043 4022 1113 4068 Ut
1140 4019 1230 4067 tibi
1256 4019 1429 4067 solvat.
1466 4021 1559 4084 Ep.

531 4120 582 4167 9.
608 4106 833 4171 an—
855 4102 969 4149 Em.
984 4109 1123 4163 putat
1142 4096 1412 4149 Corn-adum
1430 4108 1562 4146 recte

1655 2512 1925 2573 conjecisse
1963 2514 2028 2560 de
2057 2529 2262 2562 versia-a
2285 2530 2307 2561 .·
2345 2530 2460 2561 nam
2493 2516 2580 2562 vix
2609 2524 2682 2562 eut

1656 2592 1890 2639 credibile
1921 2592 1976 2640 iu
2009 2608 2152 2641 usura
2191 2604 2442 2657 teutopeoe
2475 2594 2682 2643 laborari

1655 2672 1886 2732 pomisne.
1925 2673 2054 2735 Ergo
2097 2671 2158 2720 de
2203 2688 2395 2719 versura
2431 2672 2684 2721 laborabat

1656 2750 1900 2811 Quintus,
1923 2752 1960 2797 i.
1979 2768 2025 2799 e.
2055 2750 2115 2799 de
2135 2748 2375 2799 solvendo
2405 2750 2576 2799 debito
2595 2768 2684 2815 per

1654 2844 1896 2876 versuram
1909 2864 1924 2887 ‚
1937 2826 2292 2897 aitque2Cicero
2317 2831 2580 2893 Egnatium
2597 2831 2686 2879 foe-

1652 2919 1927 2957 nenton-em
1959 2908 2181 2957 nondum
2216 2908 2398 2957 adduci
2435 2910 2683 2972 potuisse,

1652 2994 1708 3033 ut
1749 2986 1924 3049 Quinti
1968 2988 2163 3035 nomine
2207 2988 2379 3035 Attico
2423 2988 2684 3053 pecuniam

1653 3064 1884 3115 solveret.
1917 3066 2033 3115 Sca.

1729 3154 1813 3202 14.
1841 3146 2054 3195 Pudens.
2079 3145 2182 3208 Qui
2203 3158 2383 3209 praeter
2399 3162 2508 3195 eam
2535 3164 2686 3211 pecu·—

1653 3223 1747 3270 niae
1783 3240 2018 3272 summam
2037 3258 2053 3283 ,
2090 3240 2237 3288 quam
2265 3225 2429 3273 Gallio
2465 3227 2684 3285 credidi,

1652 3318 1730 3349 me
1757 3304 1870 3352 dare
1892 3306 2065 3366 jubeat
2089 3305 2248 3354 eidem
2277 3322 2360 3353 ιη
2385 3306 2539 3353 millia
2563 3309 2684 3355 11·s.

1653 3382 1845 3431 Bosrus.

1731 3464 1812 3513 15.
1855 3462 2034 3511 Gallio.
2073 3465 2291 3511 Fortasse
2328 3464 2448 3511 Axii
2481 3462 2618 3519 filio,
2651 3478 2681 3509 a

1655 3542 1816 3593 Gallio
1871 3542 2132 3606 adoptato.
2211 3543 2450 3604 Quen-itur
2508 3543 2684 3592 Cicero

1653 3623 1833 3670 Axium
1853 3638 1956 3668 non
1983 3618 2134 3669 modo
2161 3638 2262 3671 uon
2286 3621 2402 3669 dare
2429 3620 2568 3683 quod
2589 3620 2682 3669 de·-

1649 3702 1762 3761 bet,
1787 3718 1962 3765 nempe
1982 3717 2060 3749 xu
2089 3704 2222 3759 H-s‚
2267 3701 2353 3749 sed
2387 3702 2534 3749 etiam
2569 3701 2682 3765 plus

1645 3792 1829 3845 petere.
1865 3778 2138 3845 Adscn‘psie
2155 3812 2172 3839 ‚
2209 3780 2253 3826 si
2285 3796 2458 3827 veru-m
2485 3791 2586 3839 ωε,
2611 3782 2682 3827 in-

1651 3859 1811 3921 tellige
1831 3880 1853 3901 ι
1875 3860 2046 3907 scribit
2065 3860 2266 3923 insuper
2279 3880 2326 3905 a.
2347 3860 2490 3909 Man.
2517 3858 2680 3907 mallet

1649 3937 1860 4000 scripsit.
1887 3940 1981 3985 En.

1729 4018 1807 4064 ιδ.
1831 4019 1913 4063 Me
1933 4033 2073 4080 vero,
2095 4027 2190 4067 etc.
2219 4016 2416 4067 Scilicet
2442 4032 2556 4081 cum
2583 4017 2682 4065 im-

1651 4096 1749 4145 uin.
1773 4098 1826 4145 M
1833 4110 1916 4145 Aa.
