3019 4681
890 693 901 710 =
973 636 1126 736 M.
1186 633 1313 736 T.
1404 631 2234 738 CICERONIS

591 847 2600 1056 EPISTOLARUM

1115 1186 1273 1263 AD
1330 1185 1434 1286 Q.
1493 1183 2068 1263 FRATREM

930 1423 1423 1525 LIBER
1511 1419 2247 1528 TERTIUS.

1224 1901 1836 1982 EPISTOLA
1919 1905 1979 1980 1.

518 2063 591 2119 In
619 2061 853 2140 praediis
873 2061 1073 2134 Quinti
1098 2079 1160 2117 se
1190 2059 1363 2116 fuisse
1379 2101 1396 2127 ‚
1428 2071 1483 2116 et
1506 2058 1772 2135 quaedam
1799 2055 1910 2128 ibi,
1950 2057 2012 2114 in
2029 2057 2232 2135 primis
2257 2058 2316 2116 in
2349 2059 2650 2118 aedificandi

598 2155 845 2224 ratione,
870 2153 1207 2224 correxisse,
1226 2151 1591 2212 constituisse
1610 2165 2047 2224 commemorat,
2072 2164 2132 2210 et
2151 2151 2228 2210 ad
2253 2163 2372 2210 tres
2395 2153 2652 2232 epistolas

602 2273 635 2310 e
660 2253 847 2311 Gallia
872 2270 906 2310 a
926 2250 1147 2324 Quinto
1168 2263 1430 2328 acceptas
1459 2248 1536 2307 de
1554 2249 1730 2307 variis
1753 2247 1928 2307 rebus
1955 2249 2289 2327 respondet,
2317 2252 2488 2309 simul
2511 2271 2651 2328 quae·

602 2350 737 2408 dam
784 2349 857 2407 de
892 2347 1070 2407 rebus
1113 2348 1392 2407 Romanis
1442 2346 1769 2427 perscribit.
1816 2352 2091 2421 (Romae‚
2129 2367 2285 2407 anno
2311 2353 2392 2408 U.
2423 2354 2484 2408 C.
2515 2351 2652 2427 699,

602 2466 798 2505 mense
828 2442 1201 2523 septembri.)

1108 2636 1453 2703 MARCUS
1502 2638 1590 2719 Q.
1640 2638 1956 2707 FRATm
2001 2640 2063 2703 s.

525 2752 734 2869 Eoo
790 2819 881 2864 ex
937 2794 1216 2891 magnis
1267 2791 1630 2865 caloribus
1685 2793 1888 2889 (non
1947 2796 2142 2863 enim
2199 2798 2654 2865 meminimus

519 2902 875 3000 majores)
927 2905 1003 2974 in
1056 2905 1383 3003 Arpinati
1429 2928 1705 2975 summa
1745 2920 1918 2975 ‘cum
1957 2904 2373 2977 amoenitate
2421 2904 2652 2979 flumi-

517 3018 631 3088 nis
654 3026 675 3057 ¹
721 3039 839 3087 me
881 3012 1099 3086 refeci
1139 3013 1481 3085 ludorum
1519 3011 1808 3098 diebuS‚
1844 3012 2232 3114 Philotimo
2269 3014 2652 3086 tribulibus

522 3124 1113 3222 commendatis2.
1160 3129 1245 3195 In
1300 3122 1631 3195 Arcano-⁹·
1691 3150 1753 3195 a.
1807 3123 1878 3195 d.
1933 3150 2042 3195 1111
2096 3124 2260 3197 idus
2305 3142 2490 3223 sept.
2530 3124 2648 3197 fui.

518 3237 631 3309 Ibi
667 3236 1085 3308 Messidium
1124 3260 1288 3307 cum
1328 3236 1730 3307 Philoxeno
1746 3233 1802 3320 ⁴,
1845 3260 2256 3333 aquamque
2281 3292 2300 3327 ,
2345 3262 2564 3335 quam
2607 3240 2650 3307 ii

518 3348 883 3421 ducebant
910 3374 1060 3419 non
1089 3346 1305 3445 longe
1340 3372 1382 3417 a
1415 3347 1618 3436 villa,
1654 3346 1847 3419 belle
1883 3372 2056 3419 sane
2089 3346 2444 3420 fluentem
2474 3349 2652 3433 vidi,
2733 3360 2738 3367 '

590 3573 635 3605 ι.
676 3554 928 3605 Fluminis.
962 3558 1038 3603 De
1083 3554 1289 3603 Fibreno
1335 3524 1535 3602 fluuiine
1623 3556 1762 3603 locus
1783 3553 1847 3601 ad
1866 3554 2188 3619 spectandum
2213 3555 2428 3603 daretur.
2451 3556 2532 3604 Ad
2545 3558 2648 3605 Au.

510 3636 763 3699 intelligit:
794 3659 817 3678 n
832 3652 931 3699 quo
966 3635 1093 3683 nibil
1117 3635 1357 3682 amoenius
1376 3669 1391 3691 ,
1412 3633 1537 3681 nihil
1625 3636 1694 3693 11,
1715 3651 1761 3693 1,
1784 3645 1832 3682 et
1857 3650 1950 3698 pro
1977 3636 2199 3681 Murena.
2230 3636 2381 3682 Inus.

508 3714 730 3779 frigidius
748 3729 799 3763 a:
826 3726 882 3761 ut
907 3716 959 3763 in
986 3714 1117 3763 libro
1144 3717 1193 3762 11
1220 3714 1281 3762 de
1306 3715 1535 3778 Legibus.
1701 3714 1750 3763 3.
1773 3720 1992 3763 Arcano.
2023 3715 2200 3777 Quinti
2225 3714 2444 3778 praedio,
2469 3715 2530 3763 de
2554 3732 2646 3779 quo

503 3797 724 3843 Mutum
1625 3794 1714 3841 inf.
1734 3810 1812 3858 ep.
1837 3796 1864 3843 3
1883 3806 1934 3842 et
1959 3810 2012 3856 9.

579 3890 628 3922 a.
674 3872 936 3923 Tn'bulibus
962 3872 1327 3921 cotumendaeuis.
1364 3876 1433 3922 Ut
1468 3875 1540 3922 eis
1701 3882 1750 3929 4.
1787 3871 2072 3922 Messidium
2111 3891 2224 3922 cum
2247 3874 2534 3923 Philoxeno.
2565 3878 2644 3923 Re-

506 3967 617 4000 meo
640 3951 837 3999 nomine
862 3950 927 3999 ad
954 3952 1247 4015 spectandos
1281 3950 1427 4000 ludos
1460 3952 1538 4001 lo·
1625 3952 1906 4020 demptoree
1961 3964 2098 4001 erant
2150 3970 2288 4019 aqua!
2335 3954 2642 4003 deducenda.

502 4048 613 4081 oum
641 4030 792 4079 daret.
812 4032 969 4078 Moris
986 4032 1113 4077 enim
1133 4043 1234 4079 erat
1252 4066 1265 4090 ,
1283 4042 1337 4079 ut
1365 4033 1533 4079 amicis
1621 4032 1775 4095 Quod
1802 4035 1854 4081 in
1883 4032 1974 4081 hac
1996 4034 2101 4097 ipsa
2123 4033 2327 4097 epistola
2343 4072 2360 4099 ,
2384 4036 2512 4085 infra
2526 4070 2541 4096 ,
2579 4037 2640 4081 vi-

503 4122 552 4158 et
588 4110 846 4159 tribulibus
874 4110 1001 4157 etin
1039 4110 1169 4159 circo
1188 4144 1203 4170 ‚
1244 4123 1289 4159 et
1326 4112 1376 4158 in
1423 4114 1531 4161 soro
1621 4113 1764 4163 detur
1787 4130 1932 4178 posse
1953 4114 2152 4177 conjici.
2174 4114 2321 4170 Mur.
