3019 4681
642 329 1189 400 EPISTOLA-3
1234 329 1371 399 AD
1420 329 1930 418 ΑΤΤΙΟΗΜ,
1967 333 2150 418 x11,
2199 328 2268 400 6.
2395 333 2538 431 239

402 453 493 522 sit
514 503 537 537 ‚
584 465 667 520 ut
718 449 897 520 mihi
950 449 1249 546 quidem
1302 449 1830 522 dubitationem
1881 475 2176 524 omnem
2227 453 2534 528 tolleret.

400 563 703 633 Atticam
744 559 959 631 doleo
990 573 1137 630 tam
1174 559 1301 631 diu
1324 557 1385 604 ¹⁵
1415 589 1431 629 :
1470 559 1980 658 sedquoniam
2003 561 2152 656 jam
2185 565 2342 636 sine
2372 564 2544 636 hor-

400 695 569 742 rore
604 684 749 758 est,
786 694 1007 768 spero
1040 693 1193 741 esse
1215 725 1238 758 ,
1284 683 1364 740 ut
1404 669 1762 742 volumus.

475 838 554 884 15.
586 837 709 885 Tam
729 835 835 884 diu.
851 835 991 883 Febri
1008 833 1245 884 laborare.
1268 839 1421 900 Supra
1444 837 1588 900 epist.
1620 851 1665 884 1.
1695 839 1843 886 Mau.

400 1009 859 1031 mmmm
1134 1010 1227 1028 m
1232 1009 2331 1031 mmmmm-“mmmmm
2335 1013 2517 1034 mm

1027 1173 1640 1257 EPISTOLA
1693 1177 1896 1256 VII.

420 1345 581 1420 Quid
608 1365 743 1406 cum
764 1346 1045 1405 Cicerone
1070 1343 1193 1402 filio
1224 1363 1421 1404 coram
1447 1345 1650 1422 egerit,
1673 1346 1930 1424 exponit.
1951 1347 2150 1424 (Anno
2170 1352 2242 1410 U.
2268 1352 2330 1410 C.
2353 1358 2514 1426 707-)

1070 1521 1387 1585 emano
1430 1483 1756 1600 A'r‘rico
1796 1524 1860 1588 S.

495 1669 675 1758 Qum.⁵
712 1662 1109 1750 desideras,
1152 1663 1401 1732 omnia
1433 1662 1688 1759 scripsi
1718 1664 1796 1732 in
1823 1663 2170 1738 codicillis
2189 1677 2242 1753 ¹,
2262 1693 2533 1766 eosque

396 1779 596 1847 Eroti
639 1773 844 1865 dedi,
894 1774 1237 1862 breviter,
1288 1770 1413 1843 sed
1464 1773 1678 1843 etiam
1717 1771 1926 1872 plura
1975 1800 2194 1871 quam
2242 1781 2532 1876 quaeris3

394 1887 481 1956 iu
500 1885 626 1972 iis,
650 1885 741 1956 de
770 1885 1159 1987 Cicerone.
1192 1880 1399 1976 cujus
1437 1881 1737 1979 quidem
1765 1886 2220 1982 cogitationis
2245 1889 2531 1960 initium

398 2009 477 2066 tu
504 1995 685 2066 mihi
710 1995 1032 2066 attulisti.
1070 1997 1455 2090 Loquutus
1483 2016 1649 2062 sum
1675 2017 1842 2064 cum
1881 2019 1972 2066 eo
2001 1995 2528 2070 liberalissime.

394 2103 596 2201 quod
634 2129 723 2176 ex
770 2106 970 2201 ipso,
1006 2102 1268 2189 velim,
1309 2101 1367 2172 si
1404 2099 1626 2173 modo
1671 2102 1802 2174 tibi
1841 2105 1979 2176 erit
2015 2107 2485 2179 commodum
2510 2165 2529 2194 ,

394 2214 774 2285 sciscitere.
813 2211 955 2284 Sed
988 2211 1165 2308 quid
1203 2208 1520 2282 differo?
1555 2215 1913 2311 Exposui,
1950 2228 2021 2286 te
2055 2241 2143 2286 ex
2177 2241 2294 2287 me
2332 2216 2534 2289 detu-

390 2319 555 2394 lisse
569 2333 625 2411 ²,
673 2320 937 2420 ecquid
972 2319 1223 2407 vellet,
1268 2319 1532 2418 ecquid
1577 2327 2020 2421 requireret3
2059 2325 2242 2399 velle
2275 2329 2531 2427 Hispa-

392 2434 628 2521 niam,
672 2436 1044 2529 requirere
1094 2428 1624 2502 liberalitatem.
1666 2437 1774 2505 De
1825 2432 2248 2508 liberalitate
2276 2490 2294 2523 ,
2341 2438 2528 2525 dixi,

393 2557 745 2638 quantum
786 2540 1138 2613 Publilius
1160 2530 1215 2629 ³,
1258 2556 1616 2638 quantum
1661 2542 1924 2615 flamen
1971 2546 2320 2617 Lentulus
2353 2546 2525 2620 filio.

391 2656 501 2723 De
549 2653 932 2752 Hispania,
985 2649 1135 2722 duo
1182 2650 1441 2740 atmli3
1485 2652 1805 2749 primum
1852 2652 2080 2742 idem,
2124 2655 2324 2752 quod
2363 2656 2531 2747 tibi,

392 2786 509 2834 me
565 2764 802 2836 vereri
862 2761 1520 2858 vituperationem:
1583 2786 1732 2832 non
1789 2765 1956 2833 satis
2010 2787 2206 2852 esse,
2263 2768 2320 2835 si
2378 2766 2530 2839 haec

392 2876 635 2945 arma4
674 2871 1262 2971 reliquissemus?
1302 2874 1517 2943 etiam
1559 2869 2007 2943 contraria5?
2039 2871 2308 2947 deiude
2339 2873 2528 2965 fore,

391 2999 474 3054 ut
524 2998 934 3082 angeretur,
981 3007 1213 3080 quum
1267 3006 1309 3052 a
1356 2978 1626 3053 fratre⁶
1683 2980 2157 3054 familiaritate
2207 2998 2283 3055 et
2327 2990 2526 3057 omni

388 3096 613 3191 gratia
656 3096 1089 3165 vinceretur.
1138 3092 1419 3165 Velim⁷
1472 3094 1697 3189 magis
1730 3091 2151 3163 liberalitate
2188 3098 2294 3164 uti
2330 3118 2527 3186 mea,

464 3306 509 3339 1.
550 3284 807 3337 Codchme.
839 3286 1047 3337 Tabellas
1076 3299 1213 3336 erant
1236 3288 1409 3351 ligneae

388 3384 497 3417 cera
522 3368 661 3417 initae
686 3368 867 3432 quibus
886 3384 1000 3417 cum
1022 3368 1154 3433 stylo
1178 3366 1408 3415 inscribe-

386 3446 548 3497 batur.
578 3449 672 3497 En.

1572 3293 1624 3341 4.
1655 3290 1826 3334 Ama.
1855 3284 2168 3349 Pompeiam.
2193 3288 2340 3337 Mu.

1570 3366 1618 3415 5.
1676 3364 1945 3414 Coun-aria.
1999 3364 2318 3431 subintellige
2363 3370 2517 3431 sequi.

1494 3446 1649 3493 htx.

456 3542 508 3574 ς.
532 3528 597 3575 st
612 3542 681 3575 η·
697 3526 1021 3575 audemusne.
1039 3526 1111 3573 Το
1130 3524 1407 3575 odnie-w-

387 3622 498 3653 nem
514 3604 669 3655 filium
694 3606 923 3655 detulisse
942 3604 1083 3669 quod
1096 3620 1161 3652 αι
1172 3620 1253 3653 me
1268 3603 1408 3652 intel-

384 3684 596 3745 lenm-m,
624 3686 805 3734 diecret
828 3685 1008 3749 ecquid
1030 3684 1204 3743 vellet,
1228 3682 1409 3747 ecquid

384 3766 660 3828 requireret.
706 3764 854 3813 Illum
898 3762 1235 3828 respondisse,
1282 3760 1409 3811 velle

384 3845 439 3890 in
466 3841 751 3907 Hispaniam
776 3845 849 3891 ire
879 3858 991 3893 cum
1020 3843 1209 3893 Caeure
1236 3850 1409 3890 contr·

384 3924 603 3986 Pompeii
630 3924 839 3983 {iheu-os,
865 3934 959 3973 etc.
990 3924 1187 3971 Poma.

460 4004 509 4051 δ’.
535 4003 617 4051 Al.
648 4004 871 4063 Publius,
894 4002 1033 4069 quod
1056 4002 1279 4052 Gravio-
1306 4016 1407 4050 senx-

386 4082 536 4131 vnit.
568 4084 617 4131 J.
638 4084 701 4129 V.
728 4086 784 4130 L.

1566 3526 1616 3574 6.
1662 3526 1849 3573 Fratre.
1883 3525 1947 3585 Q.
1985 3522 2214 3573 Ciceroni
2253 3526 2361 3577 filio
2376 3562 2392 3589 ,
2431 3532 2516 3595 qui

1494 3603 1776 3651 familiarior
1817 3614 1867 3650 et
1915 3602 2174 3665 gratiosior
2219 3618 2344 3657 met
2384 3613 2517 3675 apud

1495 3684 1732 3732 Can-rom
1747 3717 1763 3741 ,
1785 3694 1956 3747 utpote
1970 3682 2056 3745 qui
2074 3683 2322 3747 Lupercus
2339 3689 2392 3739 in
2409 3706 2518 3755 gra-

1496 3762 1613 3809 tiam
1631 3759 1762 3808 illius
1779 3760 1962 3809 fuisset.
1985 3761 2138 3809 Intu.

1572 3856 1621 3901 7.
1649 3839 1818 3887 Velim.
1833 3838 1992 3897 Volo,
2007 3850 2067 3887 ut
2081 3842 2246 3905 potius
2262 3848 2516 3907 pecuniam

1496 3936 1524 3967 a
1557 3936 1633 3969 me
1650 3954 1667 3979 ,
1700 3930 1930 3983 quantum
1975 3920 2078 3969 vult
2092 3955 2109 3981 ,
2150 3934 2333 3985 sumat,
2371 3943 2518 3990 quam

1498 4002 1554 4049 in
1579 4000 1862 4065 Hispaniam
1888 4010 1980 4048 en.
2003 4002 2068 4049 Et
2087 4001 2232 4061 dicit,
2255 4005 2358 4053 Sua
2377 4008 2522 4055 Iiber-

1500 4092 1628 4140 taee,
1651 4081 1944 4145 quia‚siM.
1969 4080 2144 4131 ciam
2167 4082 2218 4131 in
2237 4084 2522 4151 Hispaniam
