3019 4681
471 375 566 423 oo
1098 346 1197 413 M.
1251 344 1331 411 T.
1385 338 1970 410 CICERONIS

1113 692 1721 805 EPISTOLA
1773 718 1963 800 IX?

467 886 784 967 Epistolam
815 900 989 943 suam·
1005 878 1079 939 ad
1101 881 1380 937 Gaesarem
1403 874 1691 945 defendit3
1712 872 1979 951 Pompeii
2011 871 2257 941 consilia,
2278 870 2602 951 reprehen-

545 984 663 1058 dit;
700 980 845 1061 quid
875 976 1087 1038 Balbus
1116 975 1308 1034 minor
1333 992 1529 1032 secum
1556 972 1837 1050 loquutus
1866 970 1942 1027 sit
1959 1012 1977 1039 ‚
2008 967 2193 1046 major
2227 982 2421 1027 autem
2456 965 2605 1027 scri-

541 1080 726 1162 pserit
746 1120 764 1150 ,
793 1064 992 1136 refert.
1021 1072 1289 1147 (Formiis
1304 1114 1322 1143 ,
1349 1088 1502 1128 anuo
1524 1073 1599 1129 U.
1624 1072 1691 1128 C.
1712 1076 1826 1141 ‘704
1845 1110 1863 1140 ,
1888 1085 2084 1125 mense
2112 1060 2454 1142 februario.)

1133 1246 1448 1320 CICERO
1491 1244 1813 1319 A'I'I'ICO
1858 1250 1923 1315 S.

562 1414 970 1479 Eris‘romm
995 1412 1016 1445 ¹
1054 1421 1285 1471 meam
1330 1395 1533 1495 quod
1575 1387 2067 1495 pervulgatam
2115 1385 2370 1466 scribis
2418 1414 2607 1482 esse,

461 1532 621 1590 ‘non
659 1516 814 1588 fero
847 1510 1163 1583 moleste.
1195 1509 1395 1600 Quin
1435 1507 1645 1577 etiam
1686 1500 1840 1605 ipse
1862 1496 2111 1576 multis
2143 1501 2309 1576 dedi
2347 1503 2608 1577 descri-

463 1627 805 1702 bendam.
847 1628 947 1694 Ea
982 1620 1176 1691 e'nim
1221 1632 1294 1691 et
1345 1614 1760 1688 acciderunt
1796 1615 1942 1711 jam
1968 1669 1987 1703 ‚
2028 1628 2102 1685 et
2141 1606 2606 1711 impendent,

465 1756 552 1814 ut
591 1750 932 1809 testatum
950 1750 1106 1803 esse
1133 1728 1384 1815 velim,
1422 1726 1511 1798 de
1544 1738 1717 1823 pace
1736 1718 1917 1821 quid
1952 1724 2325 1794 senserim.
2358 1726 2608 1815 Quum

465 1866 708 1923 autem
745 1845 834 1917 ad
872 1858 1030 1914 eam
1079 1839 1408 1911 hortarer
1428 1846 1483 1924 ²,
1523 1850 1691 1907 eum
1749 1832 2143 1930 praesertim
2191 1830 2606 1921 hominem,

465 1986 616 2033 non
654 1953 954 2028 videbar
994 1948 1145 2022 ullo
1183 1946 1404 2020 modo
1449 1939 1727 2018 facilius
1756 1954 2124 2027 moturuS,
2162 1964 2379 2037 quam
2408 1932 2466 2012 sl
2497 1942 2610 2030 id,

468 2070 672 2169 quod
706 2091 874 2139 eum
913 2052 1283 2161 hortarer3
1305 2114 1325 2143 ‚
1373 2047 1766 2129 convenire
1809 2052 1967 2145 ejus
2008 2041 2375 2148 sapientiae
2412 2042 2608 2123 dice-

465 2196 646 2253 rem.
685 2182 854 2248 Eam
890 2177 949 2245 si
973 2168 1468 2244 admirabilem
1502 2157 1690 2250 dixi,
1722 2183 1951 2258 quum
1977 2176 2143 2231 eum
2178 2158 2266 2231 ad
2304 2161 2607 2233 salutem

469 2291 715 2392 patriae
758 2282 1138 2372 hortabar,
1180 2306 1331 2353 non
1373 2302 1535 2351 sum
1570 2264 1877 2360 veritus,
1912 2297 2007 2343 ne
2043 2262 2324 2344 viderer
2364 2287 2612 2345 assen-

469 2393 642 2490 tari3
676 2403 792 2472 cui
831 2396 953 2468 tali
997 2397 1074 2465 in
1109 2418 1191 2465 re
1227 2389 1571 2462 lubenter
1612 2408 1729 2455 me
1773 2382 1862 2453 ad
1900 2382 2119 2480 pedes
2168 2381 2609 2478 abjecissem.

473 2516 637 2605 Qua
663 2523 904 2581 autem
941 2502 1138 2600 esti&
1174 2531 1208 2567 α
1243 2496 1541 2595 Aliquid
1578 2495 1946 2592 impertias
1982 2499 2362 2592 temporis;
2390 2525 2423 2562 »
2456 2511 2613 2568 non

469 2640 579 2695 est
612 2622 704 2693 de
736 2643 914 2718 pace
935 2672 954 2706 ‚
998 2613 1164 2700 sed,
1199 2610 1290 2682 de
1329 2633 1445 2679 me
1479 2608 1678 2704 ipse,
1714 2619 1786 2676 et
1820 2603 1911 2676 de
1946 2629 2112 2678 meo
2145 2595 2390 2678 officio
2413 2591 2479 2696 ⁵,
2526 2621 2615 2679 ut

469 2730 743 2830 aliquid
781 2728 1070 2824 cogitet.
1131 2725 1317 2793 Nam
1369 2709 1575 2814 quod
1631 2711 1973 2785 testificor
1998 2760 2019 2802 ‚
2067 2740 2184 2787 me
2237 2730 2611 2814 expertem
2646 2789 2650 2794 ,

470 2843 644 2917 belli
685 2839 908 2912 fuisse
931 2891 950 2924 ‚
988 2833 1123 2906 etsi
1148 2831 1225 2900 id
1265 2847 1346 2900 re
1385 2839 1845 2926 perspectum
1877 2839 2017 2912 est,
2050 2840 2296 2898 tamen
2326 2851 2413 2897 eo
2444 2826 2614 2898 scri-

472 2958 621 3055 psi,
667 2975 819 3050 quo
854 2951 932 3019 in
963 2935 1339 3016 suadendo
1383 2936 1547 3035 plus
1590 2936 2031 3006 auctoritatis
2064 2934 2443 3026 baberem3
2486 2961 2613 3007 eo-

471 3065 788 3160 demque
853 3055 1172 3154 pertinet
1207 3102 1227 3137 ,
1281 3045 1485 3144 quod
1536 3059 1823 3116 causam
1896 3046 2051 3139 ejus
2112 3044 2420 3144 probofi.
2474 3045 2616 3118 Sed

537 3272 564 3303 ’ἡ
600 3277 742 3324 flam
771 3268 917 3332 epist.
968 3259 1170 3310 doctiss.
1212 3257 1492 3318 Rabienus,
1658 3271 1702 3302 ι.
1729 3256 2001 3320 Epistulam
2040 3256 2105 3305 td
2132 3257 2367 3306 Cassi-em
2405 3258 2467 3306 do
2492 3273 2617 3323 pseu

471 3361 682 3413 Suoous,
702 3343 942 3412 judicavit
965 3341 1021 3388 in
1047 3339 1170 3386 duas
1205 3347 1364 3401 partes
1392 3353 1493 3384 esso
1583 3334 1835 3399 scriptam.
1857 3337 1950 3384 En.

473 3431 787 3486 dividendam
811 3440 825 3474 :
866 3437 1072 3486 quarum
1094 3417 1234 3482 prior
1256 3433 1409 3480 nsque
1431 3417 1494 3464 sd
1656 3430 1705 3462 ει.
1720 3407 1821 3462 Alii
1835 3449 1851 3473 ,
1872 3403 2129 3462 hortabar.
2158 3416 2307 3462 Forte
2334 3415 2533 3464 rectius.

470 3519 611 3565 hm:
640 3531 664 3554 .
689 3521 811 3570 quas
836 3501 1056 3548 visurum
1096 3512 1173 3544 me
1210 3506 1379 3560 postea
1415 3495 1499 3544 do·
1660 3494 1708 3542 3.
1734 3493 1860 3551 Alii,
1895 3503 1953 3540 nt
1973 3493 2170 3543 Lallem.
2208 3493 2313 3541 «sd
2338 3494 2478 3557 quod
2505 3509 2619 3542 enm

474 3589 734 3658 speravi»,
760 3581 858 3629 ulio
889 3574 1214 3625 transferenda
1240 3586 1343 3632 est,
1359 3585 1414 3624 ut
1435 3575 1500 3622 sit
1586 3573 1869 3620 hortarer».
1895 3573 1944 3620 J.
1958 3573 2023 3622 V.
2052 3574 2109 3622 L.

474 3682 592 3738 post
610 3660 920 3715 undecimam
942 3655 1057 3702 libri
1077 3656 1216 3702 noni.
1237 3657 1354 3702 Hoee
1371 3665 1500 3702 certe
1664 3659 1713 3708 4.
1743 3653 1852 3714 Qua
1870 3663 2037 3700 autem
2064 3663 2153 3700 ese.
2169 3651 2321 3712 Quod
2336 3661 2499 3699 sutem
2516 3648 2623 3715 epi·

478 3763 594 3816 pm
620 3741 816 3790 videtur
842 3734 1022 3798 scripta
1042 3732 1214 3794 fuine,
1230 3747 1380 3794 quum
1395 3735 1504 3783 Cae·
1592 3732 1735 3781 stolae
1778 3747 1899 3780 ἐκ
1940 3743 2085 3796 parto
2138 3732 2377 3795 scriptum
2416 3743 2489 3780 est
2530 3731 2588 3780 id
2604 3765 2622 3790 ‚

479 3842 559 3877 ..ι-
594 3815 863 3870 Brundisio
911 3811 1112 3871 rediret,
1159 3811 1345 3876 reliqna
1386 3829 1503 3861 vero
1594 3811 1733 3875 qnod
1756 3811 1992 3873 seqnitur.
2019 3813 2185 3860 Con.

481 3917 638 3970 quum
677 3898 857 3946 Cnaeus
901 3903 951 3940 et
992 3891 1148 3940 eam
1192 3891 1504 3940 Brundisium
1669 3891 1719 3938 5.
1741 3887 1935 3956 Officio.
1966 3892 2027 3936 In
2053 3889 2361 3952 Pompeium.
2394 3890 2487 3936 En.

479 3987 721 4048 peterent.
761 3975 876 4020 Hoc
917 3983 1078 4018 tamen
1117 3968 1312 4021 Schiitz.
1349 3987 1508 4034 neque
1669 3969 1720 4015 6.
1750 3969 1927 4015 Probo.
1954 3970 2081 4016 Eum
2101 3966 2237 4016 hund
2264 3967 2430 4031 iniqua
2448 3977 2623 4032 posm-

485 4068 652 4115 ποιοῖ,
675 4069 832 4117 neque
852 4052 1086 4114 seqnitur.
1112 4052 1204 4098 En.
1598 4048 1700 4094 lare
1728 4049 1960 4094 concessi.
1977 4047 2093 4094 Sca.
