3019 4681
601 419 742 501 204
1243 421 1340 487 M.
1385 421 1464 487 T.
1519 419 2097 489 CICERONIS

597 545 724 616 Ille
761 545 952 617 enim
973 556 994 587 ¹
1057 549 1158 618 ita
1197 543 1482 615 videtur
1524 541 2029 614 Alexandriam
2084 557 2331 615 tenere
2354 599 2376 632 ‚
2432 559 2514 616 ut
2554 570 2703 617 eum

597 652 906 726 scribere
951 655 1162 726 etiam
1208 653 1522 753 pudeat²
1562 651 1654 724 de
1690 653 1829 724 illis
1868 652 2107 724 rebuS.
2152 656 2241 725 Hi
2289 670 2527 728 autem
2558 654 2587 700 ³
2630 683 2701 727 ex

599 762 830 836 Africa
864 767 1012 861 jam
1051 763 1397 836 affuturi⁴
1434 763 1824 851 videntur-3
1875 763 2167 835 Achaei⁵
2222 768 2399 838 item
2440 791 2527 838 ex
2560 767 2701 839 Asia

595 875 901 948 redituri
935 876 1025 948 ad
1059 901 1183 948 eos
1202 873 1238 964 ‚'
1273 889 1400 947 a'ut
1432 873 1661 946 lib'ero
1702 875 1948 972 aliquo
1984 874 2149 947 loco
2187 878 2696 948 commoraturi.

599 986 796 1076 Quid
834 985 1267 1085 mihi'igitur
1311 999 1523 1085 putas
1565 986 1971 1082 agendum?
2003 985 2218 1058 video
2252 985 2544 1059 difficile
2570 1009 2699 1059 esse

601 1096 1004 1166 consilium.
1059 1100 1234 1168 Sum
1291 1098 1489 1166 enim
1532 1095 1770 1182 solus,
1841 1109 1964 1166 aut
2018 1119 2185 1166 cum
2240 1093 2548 1184 altero⁶‚
2604 1097 2700 1166 eui

600 1227 840 1301 neque
877 1204 967 1275 ad
1011 1203 1216 1275 illos⁷
1253 1204 1529 1276 reditus
1571 1205 1697 1292 sit,
1736 1229 1979 1301 neque
2022 1204 2114 1276 ab
2152 1205 2261 1278 his
2303 1209 2475 1305 ipsis
2512 1204 2702 1302 quid-

601 1337 821 1410 quam
867 1314 955 1384 ad
1018 1338 1221 1413 spem
1270 1313 1714 1386 ostendatur.
1770 1314 1909 1385 Sed
1960 1327 2199 1385 tamen
2245 1316 2429 1387 scire
2476 1315 2699 1400 velim,

601 1423 778 1520 quid
829 1448 1158 1511 censeas;
1209 1421 1431 1521 idque
1483 1437 1635 1494 erat
1674 1447 1839 1494 cum
1886 1423 2076 1512 aliis,
2128 1449 2260 1496 cur
2296 1440 2405 1516 te,
2457 1428 2512 1497 si
2568 1423 2707 1495 fieri

600 1547 879 1629 posset,
923 1559 1266 1634 cuperem
1300 1532 1567 1605 videre.
1600 1533 2000 1604 Minucium
2036 1529 2186 1604 ‚ma
2222 1536 2373 1607 sola
2415 1559 2705 1620 curasse,

601 1645 851 1742 scripsi
889 1643 979 1743 ad
1007 1661 1078 1716 te
1106 1660 1317 1716 antea
1361 1672 1377 1715 ε
1419 1643 1625 1742 quod
1652 1659 2017 1743 superest,
2054 1646 2272 1718 velim
2310 1646 2549 1718 videas
2571 1701 2589 1734 ‚
2634 1659 2712 1716 ut

603 1767 915 1825 curetur.
957 1756 1271 1845 Quintus
1313 1779 1466 1825 non
1522 1752 1743 1826 modo
1789 1780 1939 1826 non
1989 1780 2157 1828 cum
2209 1782 2465 1855 magna
2514 1780 2711 1856 prece

604 1861 695 1934 ad
728 1887 846 1934 me
875 1919 894 1952 ‚
948 1863 1074 1936 sed
1115 1863 1569 1936 acerbissime
1612 1867 1937 1963 scripsit3
1984 1863 2175 1938 filius
2215 1891 2387 1938 vero
2425 1863 2711 1938 mirifico

606 1972 797 2046 odio,
826 1974 1024 2046 Nihil
1059 1973 1238 2073 fingi
1270 1989 1509 2073 potest
1544 1973 1932 2071 mali,·quo
1969 2000 2121 2047 non
2156 2000 2436 2073 urgear.
2468 1976 2717 2047 Omnia

603 2098 846 2155 tamen
912 2100 1085 2156 sunt
1133 2083 1490 2173 faciliora,
1549 2109 1770 2183 quam
1832 2088 2106 2184 peccati
2160 2086 2369 2159 dolor
2396 2143 2415 2176 ‚
2470 2088 2593 2184 qui
2650 2098 2717 2157 et

603 2193 959 2265 maximus
989 2208 1118 2281 est,
1133 2209 1205 2266 et
1236 2206 1585 2265 aeternus:
1626 2195 1831 2290 cujus
1858 2199 2133 2294 peccati
2164 2199 2223 2268 si
2248 2201 2479 2270 socios
2504 2197 2715 2270 essem

610 2300 990 2375 habiturus
1036 2328 1170 2403 ego
1189 2358 1208 2393 ‚
1245 2328 1430 2403 quos
1481 2309 1729 2403 putavi
1760 2362 1780 2395 ‚
1824 2321 2065 2379 tamen
2108 2323 2294 2382 esset
2335 2306 2714 2381 consolatio

607 2415 867 2485 tenuis.
922 2414 1062 2485 Sed
1115 2413 1335 2487 habet
1387 2414 1748 2488 aliorum9
1792 2420 2119 2489 omnium
2180 2421 2362 2490 ratio
2415 2419 2715 2501 exitum,

686 2651 728 2683 1.
741 2636 834 2686 1110
854 2636 1000 2686 enim.
1017 2640 1325 2689 catsant-5011.
1342 2640 1498 2691 malit.
1520 2641 1624 2689 ⁸11-

608 2716 767 2763 lum...
789 2715 1085 2764 Alexandria
1103 2740 1144 2767 n.
1173 2718 1365 2767 alludit
1399 2719 1465 2767 ad
1484 2720 1629 2769 Cleo-

599 2803 823 2857 ·patram,
849 2794 1093 2843 Ptolemaei
1122 2812 1337 2845 sororem
1359 2832 1376 2858 ‚
1413 2815 1507 2862 pro
1532 2813 1629 2862 que

613 2872 773 2921 Caeear
796 2872 978 2921 bellum
1023 2876 1181 2938 gennit.
1207 2878 1241 2924 J
1248 2881 1356 2925 .·V.
1385 2881 1441 2928 L.
1462 2877 1630 2926 -Ad

579 2978 586 2985 -
611 2950 746 2999 hune
799 2949 962 2999 locum
995 2953 1198 3004 adducit
1249 2955 1589 3021 Montes-quien
1609 2991 1627 3014 ,

617 3030 812 3077 Grand.
831 3042 878 3079 et
901 3030 1090 3079 Decad.
1121 3049 1230 3097 cap.
1250 3050 1312 3092 11,
1344 3056 1368 3075 ι
1397 3036 1630 3099 quoique

613 3109 716 3157 l'ou
733 3109 800 3158 ait
819 3110 889 3158 dit
912 3109 972 3159 de
993 3126 1044 3157 sa
1067 3109 1306 3175 diligence
1322 3114 1459 3177 apres
1485 3114 1631 3163 Phar-

613 3188 736 3247 eale,
763 3188 970 3237 ciceron
992 3189 1198 3239 l’eecuee
1219 3191 1280 3239 de
1301 3189 1489 3239 lenteur
1515 3208 1630 3241 aveo

612 3268 790 3317 raison.
810 3268 852 3315 11
891 3268 964 3316 dit
993 3268 1022 3316 ὲ
1051 3269 1244 3319 Caesius
1269 3270 1390 3333 qu'il
1425 3269 1633 3319 n'aurait

607 3348 778 3407 jamnia
798 3363 885 3395 em
903 3364 997 3411 que
1017 3349 1064 3396 le
1088 3350 1218 3413 parti
1253 3348 1314 3396 de
1342 3348 1554 3414 Pompee
1580 3366 1632 3399 se

613 3424 686 3475 ffit
731 3426 853 3474 ainsi
901 3427 1060 3475 releve'
1103 3444 1183 3475 en·
1213 3429 1436 3492 Eepague
1483 3438 1533 3476 et
1570 3445 1632 3476 en

614 3506 820 3569 Afrique
831 3538 952 3555 .....
1003 3522 1071 3553 un
1123 3505 1192 3553 fol
1239 3506 1412 3552 amour
1459 3506 1532 3553 lui
1572 3504 1632 3555 fit

616 3602 816 3651 essuyer
863 3595 1034 3649 quatre
1080 3601 1274 3649 guerree
1288 3621 1303 3647 ,
1345 3596 1439 3633 etc.
1461 3606 1484 3628 ι
1527 3588 1636 3651 Ipse

617 3665 955 3729 Montesquieu
993 3666 1202 3713 conferri
1242 3664 1384 3726 iubet
1405 3665 1550 3729 epist.
1573 3664 1637 3713 ad

617 3744 832 3792 Cassium
850 3743 914 3791 nd
948 3744 1063 3793 Div.
1082 3746 1196 3803 XV,
1224 3745 1304 3793 15.
1327 3745 1441 3793 Hoc
1455 3743 1637 3794 confir·

613 3832 749 3870 mant
773 3822 920 3882 huius
943 3823 1058 3871 libri
1083 3834 1308 3872 atremae
1325 3840 1438 3889 epp.
1466 3826 1561 3873 En.

687 3918 738 3950 2.
774 3903 839 3948 Ue
855 3918 964 3951 eum
981 3903 1188 3953 scribere
1205 3903 1353 3951 etiam
1365 3904 1559 3968 pudeat
1576 3904 1637 3951 de

613 3979 708 4027 illis
729 3980 881 4030 rebus.
898 3982 1024 4031 Nam
1049 3984 1093 4029 ei
1122 3982 1304 4031 bellum
1333 3985 1492 4033 Caenr
1513 4000 1635 4032 con-

614 4060 802 4107 fecisset
822 4095 837 4119 ,
901 4077 1006 4110 non
1056 4062 1265 4124 puderet
1313 4062 1454 4111 illum
1509 4064 1633 4111 ecri-

609 4138 739 4189 bere.
767 4140 925 4189 Coun.
1025 4176 1028 4185 .

1786 2637 1840 2685 3.
1862 2634 1933 2685 Hi
1948 2646 2130 2683 autem.
2150 2634 2447 2699 Pompeiani.
2470 2636 2621 2683 Ῐυιι.

1789 2725 1840 2772 4.
1878 2714 2119 2780 Affioeun‘.
2179 2717 2237 2762 In
2284 2714 2475 2763 ltaliam
2520 2710 2714 2761 venturi.

1716 2795 1869 2842 lunt.

1790 2867 1839 2921 5.
1869 2871 2056 2921 thoei.
2082 2874 2292 2935 Achaeon
2317 2883 2462 2923 vocnt
2483 2870 2715 2919 obscurius

1718 2962 1767 3000 et
1794 2953 1973 3001 rectius
1992 2991 2009 3017 ‚
2056 2954 2143 3019 qui
2168 2953 2221 3001 in
2247 2952 2480 3001 Achaiam
2513 2952 2717 3015 fugerant

1716 3044 1831 3097 post
1866 3034 2087 3096 prelium
2111 3032 2451 3081 Pharsalicum.
2476 3034 2595 3081 Hac
2616 3042 2715 3076 vem

1718 3110 1953 3175 loquendi
1973 3128 2145 3177 genera
2174 3112 2399 3161 Ciceroni
2421 3110 2489 3159 ad
2511 3110 2717 3159 Atticum

1718 3191 1965 3239 scribendi
1988 3192 2257 3255 frequentia
2280 3208 2383 3239 esee
2405 3206 2553 3238 nemo
2572 3198 2717 3256 potest

1720 3269 1943 3333 ignorare
1961 3307 1978 3331 ‚
2006 3270 2100 3318 nisi
2126 3273 2211 3335 qui
2234 3286 2497 3334 numquam
2516 3270 2611 3318 hoe
2629 3268 2716 3332 epi-

1722 3350 1953 3397 stolarum
1968 3350 2199 3399 volumen
2212 3350 2439 3415 inspexit.
2454 3350 2625 3398 (ἔω.

1791 3430 1843 3477 6.
1873 3434 1976 3479 Aue
1999 3446 2107 3477 eum
2141 3432 2314 3480 altero.
2356 3434 2501 3480 Hune
2557 3432 2713 3478 Manu-

1722 3508 1821 3557 tius
1844 3525 1945 3557 esee
1968 3512 2029 3558 D.
2056 3510 2256 3559 Laelium
2282 3508 2502 3571 coniicit.
2522 3510 2612 3558 En.

1799 3602 1845 3647 7.
1887 3588 2019 3636 Illos.
2056 3591 2381 3654 Pompeianos
2410 3603 2424 3637 ε
2448 3588 2524 3637 leis
2572 3586 2674 3651 ipsis
2696 3618 2711 3642 ‚

1724 3667 2021 3716 caesarianis.
2042 3668 2265 3717 ΜΛκστ.

1795 3747 1845 3796 8.
1870 3748 1989 3795 XII.
2018 3748 2144 3797 H-s.
2166 3748 2229 3796 de
2244 3748 2456 3812 hoc,ep.
2474 3746 2714 3813 superiore.

1724 3828 1875 3873 Iunt-

1796 3920 1847 3967 9.
1868 3903 2115 3953 Aliorum.
2146 3905 2303 3955 Ceteri
2324 3904 2627 3969 Pompeiani,
2646 3900 2716 3963 qui

1724 3985 1778 4031 in
1798 3982 2021 4034 Africam.
2036 4000 2139 4032 non
2156 3983 2352 4031 iverunt
2364 4018 2379 4043 ‚
2398 3981 2613 4031 excusari
2632 3994 2717 4027 om·

1722 4080 1809 4112 nes
1825 4063 1987 4127 aliqua
2010 4080 2061 4111 re
2080 4074 2291 4128 poscunt
2314 4099 2329 4123 ‚
2362 4078 2455 4127 ego
2474 4062 2615 4111 nulla.
2636 4062 2713 4107 lta-

1726 4157 1821 4207 que
1832 4141 1907 4190 illi
1920 4143 2130 4191 reditum
2147 4141 2332 4191 habent
2352 4141 2417 4190 ad
2431 4158 2548 4191 tuoe
2558 4174 2573 4202 ,
2595 4150 2711 4203 qua¹¹
