3019 4681
592 401 1112 474 EPISTOLAE
1158 403 1295 472 AD
1338 404 1426 492 Q.
1470 403 1978 488 FRATREM,
2019 405 2127 488 ΙΙ,
2177 426 2278 472 ιο.
2350 401 2484 500 597

360 520 490 594 sed
516 521 607 594 ab
635 546 801 594 area
820 515 1103 618 ‘Syra¹⁸.
1136 525 1407 595 Marius
1438 537 1514 595 et
1537 521 1932 596 valitudine
1959 538 2064 596 est
2083 579 2102 608 ‚
2141 540 2216 597 et
2231 540 2491 598 natura

360 631 808 705 imbecillior.
844 635 953 703 De
996 631 1616 732 interpellatione,
1656 647 1942 704 tantum
1983 657 2262 706 sumam
2300 660 2341 707 a
2375 660 2497 706 vo·

339 741 474 813 .bis
495 743 847 841 temporis
861 740 953 813 ad
980 740 1449 816 scribendum
1468 798 1489 832 ‚
1516 757 1870 840 quantum
1894 742 2175 815 dabitis.
2201 745 2498 816 Utinam

362 852 543 926 nihil
589 850 773 939 detis
794 906 816 944 ‚
871 867 955 924 ut
1007 855 1253 951 potius
1302 867 1538 925 vestra
1577 853 1841 949 injuria
1863 909 1882 938 ,
1945 877 2166 950 quam
2217 857 2498 951 ignavia

361 986 521 1035 mea
559 959 867 1036 cessem!
910 966 1019 1034 De
1052 961 1423 1060 republica
1450 964 1758 1036 nimium
1795 979 1868 1036 te
1889 962 2218 1036 laborare
2247 963 2496 1053 dolen,

361 1088 437 1145 et
472 1073 850 1145 meliorem
896 1078 1121 1144 civem
1162 1098 1359 1162 esse,
1412 1099 1632 1172 quam
1683 1073 2147 1146 Philoctetem
2170 1085 2267 1162 ι9,
2321 1077 2449 1172 qui
2482 1129 2502 1164 ‚

362 1198 656 1282 accepta
691 1185 987 1282 injuria,
1030 1183 1149 1256 illa
1184 1185 1598 1282 spectacula
1614 1194 1680 1228 ²⁰
1719 1182 2128 1281 quaerebat,
2164 1209 2326 1282 quae
2363 1185 2498 1256 tibi

360 1293 622 1366 acerba
652 1319 807 1368 esse
832 1295 1073 1367 video,
1112 1293 1393 1368 Amabo
1432 1311 1536 1384 te,
1570 1294 1826 1368 advola
1861 1323 1876 1364 ε
1917 1294 2351 1384 consolabor
2381 1309 2456 1369 te
2478 1351 2498 1384 ‚

362 1416 438 1473 et
485 1427 779 1475 omnem
826 1403 1262 1502 abstergebo
1323 1404 1652 1476 dolorem
1699 1431 1713 1473 :
1809 1418 1882 1476 et
1941 1404 2176 1476 adduc
2203 1459 2224 1492 ‚
2279 1407 2338 1478 si
2381 1431 2501 1478 me

358 1537 587 1601 amaS,
616 1517 947 1586 Marium.
982 1515 1122 1588 Sed
1158 1514 1660 1614 adproperate.
1688 1520 1958 1585 Hortus
1993 1513 2192 1587 domi
2225 1531 2352 1587 est.

360 1677 592 1725 examit-
618 1679 840 1737 sonatur,
866 1693 1021 1741 quum
1055 1699 1079 1722 ιι
1100 1693 1151 1725 ss
1174 1677 1391 1743 pbiloso-
1478 1693 1604 1736 mss,
1626 1685 1824 1741 accepta
1853 1691 1882 1724 s
1907 1677 2010 1724 suis
2035 1677 2366 1735 dvibns‚hoc
2392 1691 2464 1726 est
2483 1717 2500 1742 ,

360 1756 503 1821 phari
520 1757 577 1804 in
592 1772 701 1805 am
715 1777 739 1801 ι
752 1790 769 1815 ,
787 1756 887 1804 hoe
902 1768 993 1819 est,
1011 1772 1151 1806 sunm
1172 1757 1391 1806 studium
1476 1771 1505 1802 a
1523 1755 1734 1815 Grecis,
1752 1756 1928 1816 injuris
1944 1789 1960 1814 ,
1979 1755 2133 1820 quain
2149 1757 2206 1804 in
2217 1759 2402 1806 lemno
2418 1761 2500 1806 in-

360 1837 417 1884 in
442 1835 593 1884 fabri·
619 1835 903 1884 mdis
924 1851 1107 1901 ponere
1128 1834 1389 1900 significat.
1476 1834 1582 1883 sula
1603 1833 1866 1883 destitutus
1887 1844 1987 1894 est,
2016 1834 2359 1884 exsecrabatur
2385 1853 2471 1884 eos
2485 1874 2502 1900 ,

363 1915 584 1963 Mam.
1474 1929 1503 1962 s
1531 1913 1711 1977 quibus
1747 1929 1853 1961 eam
1882 1913 2109 1974 injuriam
2149 1914 2393 1962 immerito
2421 1926 2506 1962 tu·

438 1994 523 2042 18.
558 1995 699 2042 Area
722 1995 885 2055 ‹bv-a..
904 1997 967 2042 In
990 2009 1087 2057 qn·
1116 1994 1243 2042 servi
1270 1994 1386 2058 Syri
1474 1993 1624 2041 iisset.
1645 1993 1723 2040 Tu
1749 2003 1945 2049 conti-23
1965 2007 2118 2054 quum
2141 2007 2226 2039 eos
2249 1991 2398 2054 cives,
2414 1995 2501 2057 qui

362 2087 492 2136 opus
518 2071 721 2122 faciunt.
756 2074 833 2120 In.
859 2098 929 2108 -
958 2073 1119 2120 Locus
1158 2072 1211 2120 in
1253 2071 1387 2120 codi-
1474 2089 1568 2122 nos
1603 2072 1954 2136 indignissimis
1975 2083 2024 2120 et
2049 2071 2368 2136 iniquissimis
2395 2089 2502 2122 mo·

362 2151 503 2200 cibus
544 2161 823 2216 corruptus.
851 2154 1073 2200 Fortasse
1112 2151 1290 2212 orrea,
1332 2162 1387 2200 ut
1476 2153 1552 2202 dis
1579 2162 1843 2209 vani-unt,
1860 2151 1998 2200 doles
2017 2163 2176 2200 tamen
2192 2185 2208 2210 ,
2233 2161 2328 2199 etc.
2351 2151 2497 2202 Mu.

361 2231 520 2280 Attio.
556 2233 648 2289 lv,
701 2247 791 2292 10,
828 2244 857 2277 a
891 2232 1054 2295 Cyro,
1091 2229 1383 2290 architecto,
1548 2246 1632 2280 ao.
1661 2230 1762 2278 Illa
1792 2232 2103 2294 spectacula,
2125 2239 2217 2278 etc.
2245 2230 2498 2280 Calamin-

363 2310 427 2360 de
450 2326 555 2376 qno
577 2309 701 2360 ibid.
722 2313 797 2371 11,
835 2311 886 2360 3.
1475 2323 1550 2361 tes
1586 2320 1638 2360 et
1678 2309 1894 2359 miserias
1933 2325 2132 2362 snorum
2166 2308 2350 2359 civium
2387 2325 2497 2374 gra·

438 2406 519 2453 ¹9·
550 2389 889 2440 Philooeecem.
924 2391 1012 2439 Ille
1045 2391 1271 2439 Herculis
1304 2406 1387 2439 eo·
1474 2391 1710 2439 viminu.
1735 2392 1884 2439 Inu-

1747 2561 1835 2579 Μ
1845 2560 2296 2579 ΕΩΌὟἉΝΜ
2303 2560 2490 2579 mm

1006 2562 1464 2581 mmm

1000 2742 1636 2822 EPISTO'LA
1707 2744 1868 2822 XI.

357 2908 447 2963 De
472 2904 745 2965 Tenediis
772 2905 987 2961 frustra
1014 2900 1343 2961 libertatem
1372 2900 1703 2981 petentibus
1728 2924 1741 2957 :
1777 2902 1851 2961 de
1879 2902 2148 2962 laudibus
2175 2904 2408 2977 Quinti,
2438 2916 2496 2962 et

444 3000 519 3060 de
560 3001 819 3061 Lucretii
848 3020 916 3059 ac
952 2999 1209 3059 Sallustii
1236 2996 1620 3077 poematibus·
1657 3001 1872 3078 (Anno
1911 3005 1982 3060 U.
2026 3004 2092 3059 C.
2123 3000 2276 3077 698,
2311 3020 2504 3060 mense

434 3098 726 3175 januario.
748 3097 771 3175 )

960 3208 1315 3274 MARCUS
1362 3210 1444 3291 Q.
1493 3209 1811 3273 FRATRJ
1856 3210 1917 3273 s.
2041 3172 2051 3181 ’

459 3345 875 3412 ΕΡῙεΤοιΑΜ
911 3338 1103 3409 hauc
1142 3340 1473 3409 convicio
1508 3334 1994 3435 efflagitarunt
2031 3338 2342 3410 codicilli
2379 3342 2506 3411 tui.

368 3453 553 3523 Nam
576 3474 694 3521 res
717 3448 1066 3547 quidem
1046 3470 1247 3545 ipsa,
1283 3461 1356 3518 et
1377 3446 1439 3518 is
1474 3446 1666 3536 dies,
1697 3471 1850 3544 quo
1877 3462 1960 3518 tu
1989 3472 2066 3519 es
2102 3445 2509 3544 profectus,

366 3560 551 3632 nihil
583 3560 767 3631 mihi
799 3556 889 3630 ad
926 3555 1395 3631 scribendum
1422 3558 1832 3655 argumenti
1867 3580 2038 3629 sane
2089 3553 2326 3627 dabat.
2369 3559 2512 3630 Sed

366 3666 988 3768 quemadmodum
1044 3690 1285 3739 coram
1338 3690 1572 3763 quum
1636 3691 1944 3755 sumus,
2005 3690 2244 3738 sermo
2300 3666 2512 3739 nobis

368 3776 617 3851 deesse
646 3804 799 3851 non
824 3777 1045 3865 solet,
1076 3781 1177 3848 sic
1208 3776 1528 3875 epistola:
1559 3792 1820 3847 nostrae
1849 3775 2121 3849 debent
2144 3776 2513 3848 interdum

373 3884 828 3959 hallucinari.
848 3886 1334 3957 Tenediorum
1358 3898 1377 3931 ¹
1427 3888 1649 3985 igitur
1686 3885 1982 3959 libertas
2020 3892 2258 3959 securi
2281 3892 2513 3961 Tene·

446 4068 494 4102 ι.
518 4050 857 4099 Tenediorum.
882 4050 1097 4099 Petitum
1120 4062 1193 4100 est
1212 4067 1241 4097 s
1266 4050 1399 4113 legs·
1490 4051 1561 4099 dii
1603 4052 1704 4098 suis
1742 4050 1932 4115 legibus
1967 4052 2206 4100 viverent.
2249 4052 2510 4116 Negatum.

374 4128 435 4179 tis
455 4146 520 4179 αι
542 4129 698 4179 insula
724 4126 927 4178 Tenedo
956 4130 1113 4179 missis
1126 4164 1141 4190 ,
1170 4140 1225 4177 ut
1244 4129 1403 4177 Tene·
1491 4130 1660 4203 Potius
1684 4129 1815 4177 enim
1835 4130 2024 4179 censuit
2041 4140 2255 4201 senatus,
2271 4140 2328 4177 ut
2349 4130 2518 4179 eadem
