3019 4681
670 376 1199 453 EPISTO‘LAE
1252 386 1447 454 CIC.·
1500 384 1626 452 ET
1665 386 2028 472 BRUTI,
2093 385 2194 455 16.
2357 387 2502 487 689

376 505 993 606 reprehendimus.
1035 508 1290 601 Itaque
1326 506 1654 577 resistere
1685 508 2004 579 Antonio
2039 511 2458 582 Ciceronem
2478 568 2501 602 ,

375 620 507 688 etsi
533 638 791 713 magna
818 612 1031 686 laude
1059 612 1363 711 dignum
1394 630 1547 703 est3
1583 628 1862 704 tamen,
1899 619 2066 714 quia
2098 618 2216 690 ille
2243 622 2502 693 consul

375 728 574 798 hunc
620 725 1073 798 consularem
1109 726 1369 797 merito
1402 728 1736 824 praestare
1775 727 2096 815 videtur,
2127 752 2345 801 nemo
2380 730 2500 803 ad-

374 841 697 910 miratur.
716 836 918 907 Idem
940 837 1193 908 Cicero
1218 836 1279 906 si
1296 835 1576 907 flexerit
1601 836 1940 909 adversus
1961 837 2136 909 alios
2147 839 2500 932 judicium

374 969 585 1015 suum
604 999 623 1031 ‚
660 943 859 1042 quod
892 958 1091 1015 tanta
1116 942 1453 1016 firmitate
1482 970 1566 1016 ac
1600 946 2096 1044 magnitudine
2125 948 2387 1022 direxit
2419 952 2500 1021 in
2583 1016 2590 1023 .
2677 1044 2682 1053 .

372 1052 822 1125 exturbando
858 1056 1207 1143 Antoni0‚
1238 1079 1389 1125 non
1416 1054 1642 1127 modo
1679 1055 1940 1153 reliqui
1977 1058 2322 1156 temporis
2351 1059 2502 1156 glo-

371 1166 549 1233 riam
606 1166 959 1263 eripuerit·
1002 1163 1173 1249 sibi,
1223 1164 1351 1236 sed
1394 1168 1610 1237 etiam
1663 1171 2020 1264 praeterita
2080 1192 2500 1243 evanescere

372 1286 581 1370 coget
610 1272 833 1367 (nihil
868 1274 1059 1345 enim
1090 1298 1221 1372 per
1261 1299 1338 1346 se
1379 1276 1704 1375 amplum
1743 1291 1888 1367 est,
1923 1278 2059 1348 nisi
2095 1281 2170 1348 in
2210 1303 2358 1376 quo
2384 1282 2500 1377 ju-

372 1381 540 1454 dicii
564 1388 747 1455 ratio
775 1384 1091 1481 exstat):
1133 1387 1305 1482 quia
1335 1389 1698 1459 neminem
1736 1390 1958 1485 magis
1993 1376 2236 1473 decet,
2279 1415 2504 1486 quam

369 1507 479 1581 te,
552 1494 1077 1594 rempublicam
1141 1518 1378 1567 amare
1399 1552 1419 1585 ‚
1484 1496 1982 1596 libertatisque
2044 1497 2500 1572 defensorem

351 1628 561 1693 esse,
616 1605 729 1675 vel
764 1608 1087 1705 ingenio,
1119 1607 1237 1678 vel
1272 1606 1493 1678 rebus
1530 1608 1746 1703 gestis
1772 1662 1792 1695 ‚
1831 1607 1944 1678 vel
1987 1608 2230 1681 studio
2281 1624 2500 1707 atque

370 1711 882 1810 efflagitatione
919 1719 1266 1787 omnium.
1300 1718 1544 1806 Quare
1572 1742 1724 1788 non
1749 1721 2088 1789 Octavius
2114 1733 2223 1789 est
2249 1742 2502 1815 rogan-

370 1821 545 1913 dus,
584 1839 667 1896 ut
696 1826 869 1897 velit
906 1850 1043 1897 nos
1080 1827 1309 1899 salvos
1344 1851 1496 1899 esse
1539 1854 1554 1895 t
1601 1830 1826 1926 magis
1870 1842 1951 1899 tu
1984 1844 2058 1900 te
2103 1833 2454 1901 exsuscita
2479 1884 2500 1918 ,

369 1952 453 2008 ut
495 1962 654 2009 eam
696 1940 1091 2027 civitatem,
1139 1941 1214 2010 in
1275 1966 1419 2038 qua
1461 1942 1768 2012 maxima
1821 1944 2141 2037 gessisti,
2197 1940 2501 2013 liberam

368 2060 587 2145 atque
606 2049 983 2120 honestam
1018 2048 1175 2122 fore
1202 2066 1445 2148 putes,
1466 2054 1526 2123 si
1556 2050 1775 2123 modo
1811 2055 1956 2123 sint
1979 2051 2254 2149 populo
2282 2040 2500 2123 duces

367 2157 457 2228 ad
496 2159 973 2231 resistendum
1005 2160 1509 2259 improborum
1553 2162 1888 2234 consiliis.

368 2349 535 2398 eadem
555 2363 781 2415 praestet,
808 2352 891 2400 illa
916 2351 1141 2400 videatur
1166 2367 1281 2400 casu
1312 2352 1387 2401 fe·
1474 2353 1656 2416 risque.
1681 2354 1778 2402 En.
1818 2379 1890 2389 —-
1925 2351 2348 2418 Reprehendimus.
2372 2353 2493 2400 Haee

367 2431 488 2478 cisse
504 2465 521 2493 ,
567 2447 656 2479 nec
697 2432 983 2497 dignitatem
1018 2449 1152 2480 suam
1179 2443 1383 2481 tueatur.
1474 2432 1596 2480 adeo
1630 2432 1751 2479 dura
1787 2442 1900 2479 sunt
1921 2443 1971 2479 et
1994 2447 2169 2496 parum
2193 2434 2350 2480 Bruto
2372 2447 2489 2479 con-

367 2511 602 2574 Quare,si
628 2513 897 2576 paullulum
917 2513 1203 2572 offenderit,
1226 2514 1389 2560 remis-
1470 2511 1714 2561 venientia
1737 2511 1988 2573 videntur,
2007 2521 2060 2558 ut
2086 2510 2316 2558 Mos-abin
2327 2545 2345 2568 ,
2369 2508 2492 2558 Hisc-

366 2591 561 2654 siorque
602 2608 660 2639 ac
702 2592 983 2642 dissolutior
1024 2592 1169 2640 fuerit
1186 2627 1201 2650 ‚
1238 2593 1383 2640 etiam
1470 2591 1534 2639 de
1559 2590 1775 2646 Cicer-on,
1801 2601 1906 2640 not.
1934 2606 1954 2636 1
1971 2605 2090 2652 109,
2121 2590 2248 2638 hanc
2269 2589 2416 2654 epist.
2445 2598 2496 2638 et

363 2669 515 2718 futuri
541 2671 773 2736 temporis
789 2672 993 2734 gloriam
1015 2671 1247 2735 eripuerit
1272 2672 1386 2733 eibi,
1476 2681 1754 2734 sequentem
1776 2687 1869 2734 pro
1896 2668 2072 2734 spuriis
2098 2667 2338 2717 habuerit.
2357 2670 2497 2716 Tuu-

366 2759 416 2796 et
434 2751 667 2813 praeteriti
680 2751 980 2798 exstinxerit.
1000 2751 1141 2800 Mu..
1162 2777 1232 2787 --
1253 2753 1387 2814 Lego
1472 2749 1598 2797 stall.
1622 2765 1744 2796 vero
1771 2748 1952 2796 refellit
1987 2764 2064 2812 ep.
2101 2746 2164 2795 ad
2191 2747 2489 2798 Middleton.

366 2845 477 2890 quoe
502 2830 647 2876 aliter
676 2845 787 2877 eum
812 2831 845 2876 J
851 2865 864 2878 .
880 2831 946 2877 V.
967 2831 1025 2878 L.
1048 2841 1099 2877 et
1130 2829 1255 2876 MSS
1286 2829 1389 2893 ple-
1472 2843 1587 2894 pag.
1611 2827 1730 2876 203.
1767 2829 1859 2875 En.

1100 2965 1277 2984 m
1559 2962 2300 2984 mmm-mmmmm
2307 2961 2493 2982 mm

961 3104 1536 3183 EPISTOLA
1601 3105 1900 3183 XVII.

366 3279 454 3334 Dc
490 3275 783 3335 Ciceronis
819 3272 996 3331 nimio
1036 3273 1095 3330 in
1128 3271 1377 3332 Octavio
1422 3269 1688 3329 ornando
1728 3269 1920 3328 studio
1953 3270 2325 3328 vehementer
2361 3288 2494 3325 ron-

444 3373 727 3451 queritur,
750 3371 1134 3449 eumdemque
1169 3369 1425 3446 graviter
1449 3367 1856 3448 reprehendit,
1891 3368 2018 3446 qui,
2056 3387 2234 3445 quum
2257 3365 2494 3425 Antonii

444 3469 894 3528 dominationem
922 3467 1301 3547 oppresserit,
1322 3486 1538 3526 novam
1569 3465 1632 3522 in
1658 3465 1900 3526 Octavio
1931 3463 2184 3522 stabiliat
2208 3476 2267 3522 et
2293 3463 2496 3523 confir-

444 3579 578 3624 met.
612 3566 724 3644 (Ex
754 3565 1124 3638 Macedonia,
1153 3582 1306 3622 anno
1334 3567 1410 3622 U.
1438 3567 1504 3622 C.
1535 3581 1684 3636 ¹710,
1716 3579 1912 3620 mense
1931 3560 2144 3638 junio.)

1026 3725 1357 3792 BRUTUS
1402 3721 1722 3789 A'I'I'ICO
1769 3724 1832 3787 S.

460 3857 739 3926 Scmms
777 3851 993 3940 mihi,
1030 3851 1271 3922 mirari
1301 3853 1728 3921 Ciceronem
1755 3903 1776 3936 ‚
1811 3846 2013 3945 quod
2051 3845 2230 3916 nihil
2271 3845 2495 3942 signi-

361 3963 573 4036 ficem
593 3987 941 4060 umquam
968 3962 1059 4032 de
1084 3965 1228 4032 suis
1252 3962 1442 4031 actis.
1463 3963 1826 4052 Quoniam
1851 3957 2216 4054 efflagitaS‚
2244 3969 2498 4027 coactu

364 4091 493 4147 tuo
543 4073 886 4160 scribam,
949 4098 1110 4171 quae
1158 4073 1411 4143 sentio.
1470 4073 1730 4142 Omnia
1773 4067 2022 4141 fecisse
2071 4070 2495 4138 Ciceronem

556 4195 686 4260 ΙΙΙ.
743 4207 838 4254 cic.
864 4220 978 4266 pm
1001 4213 1177 4266 quana.
2205 4183 2300 4265 (44

363 2963 731 2984 mmm
