3019 4681
360 2103 369 2112 ‘
432 2103 611 2126 mm
626 2109 991 2132 mm

1539 295 1546 304 ·
2225 271 2292 336 0

624 364 1147 468 EPISTOLAE
1196 365 1333 432 AD
1382 365 1893 452 ATTICUNf,
1929 369 2124 454 XII,
2175 362 2288 437 35.
2395 389 2532 464 277

416 480 869 558 tantumdem
902 485 1179 605 populo
1222 485 1545 570 dandum
1587 479 1792 558 esse·
1837 489 2040 585 quod
2085 513 2237 560 non
2275 513 2538 584 magno

417 616 639 689 opere
676 606 1046 677 moveret,
1096 592 1273 678 nisi,
1328 593 1586 664 nescio
1615 592 1988 718 quomodo
2011 649 2030 683 ‚
2071 591 2354 694 ἀλόγως3
2389 593 2540 665 for-

418 715 637 786 tasse,
674 699 948 772 nollem
988 689 1165 771 illud
1194 701 1347 772 ullo
1388 705 1724 791 nomine,
1753 704 1890 774 nisi
1921 700 2118 787 fani,
2167 703 2534 830 appellari.

419 809 638 933 Quod
669 812 730 881 si
764 810 1143 900 volumuS,
1171 835 1462 899 vereor,
1492 838 1586 883 ne
1635 813 1918 910 assequi
1958 839 2111 883 non
2149 816 2544 912 possimu3‚

419 920 559 989 nisi
591 922 911 992 mutato4
945 920 1129 992 loco,
1174 925 1329 992 Hoc
1375 920 1590 1018 quale
1637 922 1728 992 sit
1749 947 2100 1019 ‚quaes0‚
2148 924 2541 994 considera.

420 1031 611 1099 Nam
665 1031 803 1101 etsi
850 1033 1093 1102 minus
1145 1056 1453 1129 urgeor,
1502 1056 1767 1130 meque
1809 1033 1963 1131 ipse
2010 1034 2543 1132 propemodum

422 1138 721 1237 colleg—Q·
767 1155 1009 1212 tamen
1058 1141 1348 1239 indigeo
1404 1144 1514 1212 tui
1559 1142 1876 1213 consilii..
1918 1146 2181 1240 Itaque
2223 1157 2294 1212 te
2333 1142 2550 1213 vehe-

424 1264 709 1320 menter
736 1251 947 1321 etiam
977 1265 1195 1349 atque
1224 1257 1435 1323 etiam
1456 1277 1673 1348 roge,
1704 1254 1926 1348 magis
1952 1277 2174 1350 quam
2201 1277 2244 1322 a
2275 1277 2390 1324 me
2413 1255 2554 1338 vis,

425 1372 551 1429 aut
578 1361 842 1456 pateris
874 1375 946 1431 te
982 1364 1264 1458 rogari,
1332 1377 1416 1433 ut
1454 1361 2192 1459 hanc.cogitationem
2230 1375 2388 1432 toto
2426 1387 2552 1460 pe-

426 1484 627 1540 ctore
654 1471 1115 1569 amplectare.·

427 1631 638 1678 sanxisse
648 1630 707 1678 de
717 1642 917 1694 sumptu
932 1631 1154 1680 funerum
1164 1633 1441 1682 minuendo.
1531 1633 1630 1682 fani
1649 1633 1848 1682 nomine
1864 1631 2151 1698 appelletur.
2174 1636 2234 1680 In
2252 1635 2407 1681 hortis
2423 1632 2554 1681 enim

426 1710 525 1756 Dio
544 1744 560 1769 ,
579 1709 669 1759 lib.
700 1713 888 1769 xL111,
914 1711 1083 1761 scribit
1109 1729 1219 1760 eum
1243 1728 1443 1775 genera-
1532 1713 1574 1759 si
1625 1714 1886 1760 faceremus
1905 1747 1920 1772 ‚
1967 1713 2054 1759 ubi
2093 1713 2244 1759 multa
2291 1711 2556 1759 multorum

428 1789 517 1836 tim
538 1805 707 1846 omnes,
722 1801 943 1854 sumptus
959 1793 1203 1852 minuisse.
1223 1795 1421 1850 Bonus.
1533 1801 1648 1850 sunt
1667 1791 1916 1856 sepulcrm
1939 1791 2151 1856 sepulcri
2170 1790 2368 1838 nomine
2387 1791 2557 1853 potius

503 1869 550 1917 3.
574 1855 782 1936 Ᾱλόγως.
806 1869 917 1916 Sine
935 1870 1149 1929 rationo,
1165 1871 1328 1918 stulte.
1535 1871 1872 1934 appellaretur,
1891 1887 2038 1935 quam
2057 1870 2172 1919 faui.
2190 1871 2337 1920 Mus.
2357 1901 2423 1908 —
2440 1869 2554 1918 Sch-

502 1955 553 2004 4.
584 1949 796 1997 Mutato.
822 1948 873 1997 Si
899 1950 1091 2013 assequi
1111 1949 1367 2010 volumus,
1392 1961 1449 1998 ut
1536 1951 1666 2010 conj.
1695 1972 1720 1992 α
1737 1951 1832 1998 nisi
1857 1960 1966 1998 tuto
1989 1967 2017 1997 a
2043 1949 2314 1998 mutatione
2341 1949 2454 1995 loco
2474 1970 2517 1994 n.

1909 2111 2092 2129 mm
2097 2110 2188 2130 w·
2191 2107 2560 2130 mmmm

881 2279 897 2294 ‘
950 2270 1564 2351 EPISTOLA
1629 2271 2047 2350 XXXVI.

436 2436 556 2491 Cur
600 2432 662 2489 in
704 2443 1081 2489 monumento
1121 2430 1326 2488 Tulliae
1364 2430 1612 2508 sepulcri
1639 2414 2072 2489 similitudinem
2112 2428 2370 2507 effugere
2399 2430 2563 2495 velit,

514 2528 783 2587 ostendit.
814 2533 1055 2587 Brutum
1079 2526 1376 2607 objurgari
1402 2528 1556 2597 vult,
1581 2528 1742 2603 quod
1770 2528 1829 2584 in
1857 2530 2117 2586 Cumano
2145 2547 2267 2585 esse
2295 2528 2564 2585 noluerit.

517 2626 807 2685 Cluatium
840 2625 1219 2685 architectum
1248 2623 1451 2683 exacui
1482 2625 1625 2683 vult.
1656 2624 1748 2703 (In
1773 2625 2020 2698 Antiati,
2048 2645 2200 2683 anno
2232 2626 2305 2685 U.
2331 2629 2395 2684 C.
2424 2625 2566 2699 708,

518 2741 715 2779 mense
738 2720 953 2799 aprili.)

1111 2840 1421 2906 c1cEno
1468 2812 1793 2908 ATTICO
1836 2842 1900 2906 5.

534 2980 801 3047 Fanum
832 2974 989 3046 fieri
1020 2974 1231 3059 volo;
1264 2998 1505 3070 neque
1539 2974 1682 3045 hoc
1713 2972 1892 3043 mihi
1930 2978 2088 3045 erui
2112 2984 2134 3017 ¹
2162 2987 2432 3071 potest:
2464 2999 2571 3047 se·-

439 3087 674 3186 pulcri
689 3084 1235 3157 similitudinem
1263 3081 1582 3181 effugere
1607 3108 1756 3153 non
1784 3098 1926 3153 tam
1954 3097 2252 3181 propter
2276 3106 2568 3179 poenam

441 3196 615 3292 legis
652 3194 950 3279 studeo,
1019 3216 1237 3288 quam
1289 3205 1372 3260 ut
1411 3191 1718 3261 maxime
1773 3212 2110 3284 assequar
2156 3190 2490 3258 ἀποθέωσιν
2518 3192 2569 3260 ².

444 3304 656 3396 Quod
693 3319 1057 3402 poteram,
1096 3305 1155 3374 si
1188 3308 1265 3373 in
1297 3305 1453 3400 ipsa
1478 3300 1647 3371 villa
1674 3297 2036 3370 facerem:
2068 3298 2236 3385 sed,
2275 3311 2358 3367 ut
2385 3322 2572 3396 saepe

443 3415 725 3513 loquuti
745 3440 1030 3503 sumus,
1051 3417 1650 3485 commutationes
1667 3412 2132 3483 dominorum
2150 3409 2566 3483 reformido,

442 3533 526 3599 In
597 3553 771 3624 agro
830 3527 1276 3624 ubicumque
1329 3526 1567 3598 fecero
1601 3582 1619 3613 ‚
1691 3525 1870 3596 mihi
1929 3522 2225 3597 videor-³
2288 3528 2570 3623 assequi

443 3662 689 3736 posse,
730 3654 813 3710 ut
852 3641 1233 3735 posteritas
1269 3636 1534 3708 habeat
1565 3630 2009 3733 religionem.
2046 3641 2170 3705 Hae
2210 3660 2384 3706 meae
2435 3636 2569 3707 tibi

517 3804 561 3839 1.
586 3791 687 3837 Hoc
715 3790 836 3838 milti
861 3789 979 3838 erui.
1017 3790 1096 3837 Sic
1122 3786 1237 3836 edd.
1267 3804 1342 3852 pr.
1361 3790 1461 3836 Bo·
1549 3789 1734 3847 oculos,
1757 3788 1842 3855 qui
1860 3786 2087 3835 dicuntur
2104 3788 2226 3837 oreti,
2247 3788 2384 3837 Idem
2404 3790 2568 3839 mallet

441 3870 541 3917 sius
556 3906 570 3929 ,
587 3887 614 3918 e
634 3872 725 3918 MS
743 3872 795 3917 in
815 3885 914 3935 quo
932 3879 1034 3917 erat
1051 3866 1273 3925 suaderi,
1321 3866 1461 3916 addi·
1550 3867 1688 3933 eripi.
1716 3867 1862 3916 Nulla
1887 3883 2044 3917 causa.
2074 3870 2108 3916 J
2113 3903 2124 3914 .
2138 3869 2185 3914 V
2213 3870 2266 3919 L.

444 3948 518 3995 dit
551 3948 709 3997 suada
730 3986 747 4007 ,
788 3948 923 4013 quod
962 3948 1157 3995 admisit
1201 3949 1461 4010 Gruterus,
1623 3964 1674 3997 2.
1695 3936 1978 3997 Ᾰποθέωσιν.
1998 3948 2441 3999 Consecrationem.

442 4038 499 4089 ut
516 4030 619 4077 fere
637 4032 799 4081 omnia
816 4032 964 4079 Bosii.
992 4032 1142 4078 Recte
1172 4030 1361 4078 Ernest.
1388 4045 1463 4076 re-
1624 4028 1674 4075 3.
1707 4026 1836 4075 Mihi
1859 4026 2047 4075 videor.
2083 4027 2274 4091 Balliol.
2299 4028 2457 4077 codex
2481 4030 2570 4094 MS

443 4120 645 4175 pugnat.
684 4111 827 4159 Putat
844 4108 1131 4162 Ciceronem
1159 4108 1376 4161 allusisse
1400 4110 1463 4159 ad
1549 4108 1720 4168 habet,
1739 4104 1868 4157 nihil
1884 4106 2076 4166 videor,
2096 4118 2188 4157 eto.
2212 4108 2389 4155 Gasv.
