3019 4681
537 373 1061 446 EPISTOLAE
1109 375 1250 442 AD
1299 374 1799 463 ATTICUM,
1827 377 2070 466 XIII,
2124 377 2237 474 37.
2342 377 2483 452 353

329 502 480 572 isto
507 495 736 570 modo
771 493 1204 568 mittendam
1233 500 1559 572 Domitio
1605 511 1681 569 et
1716 503 1961 570 Bruto,
1990 503 2103 572 De
2138 501 2486 600 gladiato·

327 605 548 678 ribus
566 658 587 693 ,
625 603 719 677 de
755 607 1056 692 ceteriS,
1104 628 1268 701 quae
1311 599 1565 674 scribis
1602 607 2100 704 oe’oeefioqadpmffl,
2126 605 2341 681 facies
2368 633 2489 682 me

329 714 676 814 quotidie
719 716 1122 788 certiorem.
1172 714 1408 786 Velim
1430 769 1450 802 ,
1499 715 1561 785 si
1611 714 1746 787 tibi
1808 712 2118 809 videtur,
2170 719 2491 818 appelles

327 825 752 898 Balbumet
775 823 1103 898 Offilium
1129 823 1221 896 de
1247 827 1655 897 auctione1⁰
1693 826 2237 924 proscribenda.
2265 833 2489 929 Equi·

330 937 508 1010 dem
564 936 918 1034 loquutus
961 959 1124 1008 sum
1183 959 1354 1008 cum
1393 934 1644 1008 Balbo.
1668 937 2048 1022 Placebat.
2089 945 2276 1012 Puto
2312 965 2491 1014 con·

327 1048 612 1145 scripta
665 1043 938 1118 habere
993 1043 1322 1117 Offilium
1375 1050 1745 1132 omnia¹¹;
1782 1046 2009 1120 habet
2065 1063 2138 1121 et
2186 1050 2492 1125 Balbus:

327 1155 462 1230 sed
509 1154 740 1228 Balbo
776 1155 1138 1256 placebat,
1190 1158 1697 1256 propinquum
1744 1157 1936 1230 diem
1953 1215 1973 1250 ‚
2014 1174 2088 1234 et
2124 1165 2371 1234 Romae
2392 1173 2493 1252 ¹²3
2578 1225 2592 1228 ,

327 1269 392 1339 si
436 1269 686 1338 Caesar
734 1281 1166 1358 moraretur,
1215 1291 1430 1366 posse
1482 1267 1677 1340 diem
1720 1267 2014 1344 differri.
2060 1271 2201 1344 Sed
2238 1274 2301 1344 is
2338 1275 2497 1372 qui-

327 1377 510 1452 dem
563 1377 817 1450 adesse
865 1377 1177 1452 videtur.
1227 1383 1497 1450 Totum
1548 1381 1773 1476 igitur
1816 1381 2211 1455 considera.
2258 1383 2497 1458 Placet

329 1491 540 1560 enim
576 1489 936 1560 Vestorio,

403 1695 460 1744 9.
481 1664 848 1747 Ᾰνιμοφόρητοι.
871 1678 1030 1744 Digna
1043 1714 1060 1741 ,
1078 1695 1190 1745 quse
1216 1679 1373 1728 ventis
1540 1697 1620 1730 ιι.
1648 1681 1852 1732 Omnia.
1870 1681 2105 1732 Cluviam
2129 1683 2259 1733 bona
2273 1718 2288 1744 ,
2310 1701 2421 1750 qne.
2440 1688 2493 1735 in

339 1761 604 1820 stantun-3
626 1755 816 1818 inania,
834 1758 980 1809 levin.
1461 1761 1694 1810 auctione
1715 1761 1969 1812 venibant.
1996 1764 2155 1812 Inna.

407 1853 493 1888 xo.
521 1838 786 1887 Auctione.
823 1837 1178 1888 Cluvinnorum
1213 1838 1376 1888 bono·
1540 1854 1622 1888 η.
1674 1841 1862 1890 Romoe.
1914 1840 2163 1889 Prosci-ibi
2215 1843 2495 1893 auctionem

332 1933 460 1968 rum.
487 1917 614 1966 vid.
637 1916 846 1977 infimi.
874 1919 1025 1978 ΧΠ,
1043 1935 1123 1984 ep.
1150 1917 1200 1967 5.
1224 1919 1376 1968 ΜΔΕ.
1462 1921 1671 1979 Romae,
1690 1935 1799 1996 non
1824 1915 2066 1970 Puteolis.
2092 1921 2245 1970 Inxu.

883 2105 1348 2127 mmm

2090 2111 2488 2132 mm

835 2299 1431 2382 EPISTOLA
1484 2303 1995 2385 XXXVIII.

333 2500 424 2557 De
455 2492 894 2556 contumeliosis
917 2498 990 2568 Q.
1015 2493 1122 2553 filii
1153 2494 1338 2554 literis
1352 2536 1369 2563 ‚
1395 2508 1454 2553 et
1473 2493 1548 2554 de
1575 2496 1801 2555 ratione
1828 2516 1965 2556 eum
1984 2498 2335 2580 excipiendi.
2376 2504 2486 2573 (In

701 2592 1070 2665 Tusculano,
1098 2610 1252 2651 anno
1280 2595 1360 2652 U.
1383 2595 1448 2653 C.
1480 2592 1630 2668 708,
1668 2614 1864 2655 mense
1889 2596 2133 2672 sextili.)

1027 2758 1348 2850 CICERO
1392 2785 1716 2851 ATT1co
1759 2786 1821 2852 s.

429 2936 642 3004 Aru-n
683 2929 926 3001 lucem
977 2950 1211 3027 quum
1251 2926 1648 3001 scriberem
1698 2943 1953 3003 contra
1968 2938 1993 2974 ¹
2047 2930 2445 3029 Epicureos
2464 2988 2485 3021 ‚

335 3038 429 3113 de
469 3038 734 3114 eodem
785 3038 951 3111 oleo
1003 3052 1080 3109 et
1120 3060 1348 3136 opera
1397 3040 1682 3111 exaravi
1723 3042 1969 3112 nescio
2013 3028 2193 3138 quid
2232 3042 2324 3114 ad
2369 3058 2441 3116 te
2463 3100 2483 3133 ,

337 3166 412 3223 et
447 3166 619 3223 ante
670 3150 907 3222 lucem
959 3147 1146 3219 dedi.
1201 3146 1486 3221 Deinde
1525 3173 1756 3246 quum
1777 3204 1797 3241 ,
1840 3173 2101 3222 somno
2137 3154 2486 3250 repetite,

335 3262 554 3335 simul
601 3285 770 3333 cum
818 3259 969 3332 sole
1015 3275 1482 3357 experrectus
1538 3284 1767 3333 essem
1790 3315 1809 3350 ‚
1858 3260 2072 3333 datur
2114 3261 2295 3332 mihi
2328 3266 2484 3361 epi-

337 3374 526 3446 stola
567 3398 612 3445 a
652 3375 916 3445 sororis
949 3385 1090 3443 tuae
1124 3368 1313 3459 filio,
1352 3378 1574 3468 qua'm
1611 3372 1841 3469 ipsam
1871 3370 2004 3443 tibi
2036 3372 2238 3461 misi;
2278 3375 2484 3470 cujus

337 3498 447 3557 est
479 3484 923 3584 principium
960 3506 1114 3553 non
1143 3481 1300 3552 sine
1338 3484 1649 3554 maxima
1676 3481 2133 3554 contumelia.
2168 3482 2311 3554 Sed
2343 3482 2487 3557 for-

339 3605 532 3663 tasse
582 3596 694 3663 οὗκ
741 3594 1070 3666 ἐπέστησεν
1087 3599 1142 3661 ².
1187 3594 1313 3660 Est
1361 3603 1606 3661 autem
1644 3590 1747 3659 sic
1781 3614 1798 3656 z
1839 3617 1872 3653 <t
1895 3592 2044 3684 Ego
2093 3590 2287 3661 enim
2333 3615 2483 3663 non

337 3700 620 3799 probo,
660 3696 1019 3798 quidquid
1062 3722 1215 3771 non
1257 3698 1449 3773 belle
1489 3702 1569 3770 in
1613 3713 1687 3771 te
1731 3696 1874 3769 dici
1916 3713 2156 3795 potest
2177 3731 2231 3774 n.
2269 3705 2483 3777 Posse

337 3810 495 3882 vult
531 3810 613 3881 in
650 3833 768 3880 me
810 3808 1038 3890 multa
1074 3809 1216 3883 diei
1253 3836 1410 3885 non
1443 3810 1683 3900 belleg
1712 3808 1840 3881 sed
1885 3833 1968 3881 ea
1998 3833 2073 3881 se
2109 3802 2325 3911 negat
2358 3837 2485 3912 ap·

415 4003 465 4035 1.
505 3986 694 4035 Gonu-a
729 3982 1011 4049 Epicureos.
1045 3986 1370 4036 Tusculanam
1532 4003 1583 4037 a.
1603 3985 1707 4036 Οὐκ
1724 3984 1967 4041 ἆπίςησιν.
1988 3983 2105 4033 Non
2126 3986 2489 4047 animadvertit,

346 4064 638 4125 secundam,
657 4063 722 4111 de
739 4062 996 4113 tolerando
1021 4063 1214 4126 dolore,
1244 4082 1370 4117 eon·
1459 4080 1565 4115 non
1597 4064 1716 4115 satin
1754 4064 2027 4127 cogitantur
2050 4065 2279 4133 scripsit:
2323 4067 2488 4130 lapan·

343 4156 420 4195 tta
439 4144 640 4211 Epicuri
657 4142 962 4193 nutantium.
992 4142 1086 4193 En.
1459 4154 1535 4195 est
1558 4132 1651 4211 ἰηι-
1674 4143 2014 4211 ignorantiam.

491 4232 613 4301 ῙῙῙ.
673 4245 774 4298 Ce'c.
791 4262 912 4315 pars
944 4257 1131 4315 quarta·
2154 4228 2244 4299 23
