3019 4681
448 400 593 482 404
1090 388 1188 468 Μ.
1242 384 1320 466 Τ.
1371 399 1475 466 'CI
1491 394 1876 467 CERONI
1893 394 1939 461 S

446 545 644 591 nunc
680 541 813 589 nos
848 514 1303 589 conferamus
1326 572 1344 604 ‚
1385 515 1918 616 providendum
1948 529 2076 587 est.
2101 520 2166 587 Ο
2200 514 2584 589 mirificum

446 628 895 702 Dolabellam
942 625 1236 698 meum!
1297 628 1443 723 jam
1506 628 1702 697 enim
1753 624 1916 697 dico
1971 650 2263 716 meum;
2333 643 2582 717 antea,

444 735 657 808 crede
694 734 914 822 mihi,
973 731 1561 804 subdubitabam.
1601 736 1938 828 Magnam
1984 735 2423 831 οἱνοιθεώρησινι
2469 758 2584 805 res

446 844 703 917 habet:
726 844 817 916 de
837 867 1007 914 saxo
1028 853 1101 931 ²3
1140 842 1213 913 in
1252 864 1540 914 crucem
1561 838 1629 928 ³3
1669 842 2085 912 columnam
2108 842 2362 914 tollere
2381 852 2448 931 ¹3
2480 844 2584 915 lo·

447 980 615 1027 cum
652 954 869 1026 illum
888 950 1356 1023 sternendum
1390 952 1648 1023 locare.
1679 951 1877 1043 Quid
1920 953 2222 1049 quaeris?
2265 953 2576 1026 heroica.

448 1066 831 1137 Sustulisse
860 1061 1041 1133 mihi
1070 1060 1357 1133 videtur
1383 1062 1912 1133 simulationem
1943 1060 2315 1150 desiderii,
2345 1060 2582 1133 adhuc

444 1200 608 1274 quae
628 1172 962 1274 serpebat
976 1174 1051 1242 in
1064 1170 1240 1257 dies,
1254 1186 1326 1243 et
1336 1169 2060 1259 inveterata‚verebar
2077 1196 2170 1241 ne
2181 1173 2428 1269 pericu
2437 1172 2582 1243 losa

444 1286 715 1356 nostris
768 1282 1315 1380 tyrannoctonis
1364 1296 1570 1353 esset.
1621 1283 1836 1353 Nunc
1887 1305 2184 1379 prorsus
2232 1284 2584 1353 assentior

446 1397 590 1465 tuis
657 1394 882 1464 literis
921 1446 942 1478 ‚
1005 1415 1366 1490 speroque
1434 1391 1734 1463 meliora
1806 1419 1822 1461 ε
1893 1394 2336 1488 quamquam
2406 1394 2581 1463 istos

446 1503 634 1577 ferre
675 1528 827 1576 non
860 1526 1203 1600 possum3
1242 1504 1406 1599 qui,
1446 1499 1619 1571 dum
1673 1524 1748 1571 se
1798 1524 2046 1600 pacem
2115 1500 2298 1572 velle
2357 1503 2582 1571 simu-

442 1614 595 1685 lant
627 1668 645 1700 ‚
700 1607 905 1684 acta⁵
972 1608 1239 1681 nefaria
1316 1608 1743 1682 defendunt.
1806 1608 1945 1681 Sed
2013 1634 2160 1681 non
2216 1610 2578 1709 possunt⁶

442 1726 688 1796 omnia
723 1721 957 1792 simul.
1010 1721 1273 1819 Incipit
1323 1746 1439 1791 res
1486 1720 1746 1791 melius
1789 1720 1932 1807 ire,
1969 1744 2184 1818 quam
2227 1736 2577 1817 putaram.

438 1832 590 1907 Nec
623 1858 797 1905 vero
830 1830 1230 1919 discedam,
1268 1834 1403 1901 nisi
1440 1848 1674 1927 quum
1717 1844 1800 1900 tu
1847 1854 1962 1899 me
1997 1829 2073 1900 id
2110 1830 2415 1901 honeste
2447 1856 2580 1929 pu—

436 1943 624 2015 tabis
651 1941 884 2014 facere
916 1966 1150 2040 posse.
1195 1946 1417 2013 Bruto
1443 1956 1636 2013 certe
1673 1966 1840 2012 meo
1875 1941 2082 2012 nullo
2116 1941 2276 2012 loco
2315 1942 2576 2029 deer03

444 2053 708 2152 idque,
750 2054 1029 2124 etiamsi
1090 2052 1270 2122 mihi
1328 2070 1494 2126 cum
1542 2052 1665 2121 illo
1705 2050 1885 2121 nihil
1938 2049 2224 2140 fuisset,
2268 2050 2603 2155 facerem=

440 2172 744 2263 propter
806 2164 962 2258 ejus
1017 2162 1451 2261 singularem
1508 2160 2156 2258 ineredibilemque
2208 2163 2571 2234 virtutem.

439 2273 628 2346 Piliae
652 2286 915 2344 nostrae
941 2272 1181 2344 villam
1205 2286 1429 2343 totam
1450 2325 1468 2356 ‚
1498 2296 1806 2370 quaeque
1829 2275 1900 2343 in
1929 2272 2088 2344 villa
2107 2288 2308 2361 sunt,
2333 2271 2578 2359 trade,

437 2387 516 2454 in
544 2383 1062 2480 Pompeianum
1096 2385 1249 2480 ipse
1281 2382 1744 2481 proficiscens
1773 2384 2057 2456 kalend.
2095 2387 2319 2456 maiis,
2338 2388 2574 2476 Quam

441 2493 658 2563 velim
701 2495 924 2562 Bruto
958 2490 1431 2589 persuadeas,
1472 2509 1557 2563 ut
1595 2501 1865 2564 Asturae
1903 2491 2027 2565 sit!

522 2699 566 2733 1.
594 2671 933 2749 Ᾰναθιώρησιν.
951 2682 1458 2732 Animadversionem.
1549 2687 1788 2748 Uterque,
1813 2696 1981 2734 nostra
1997 2685 2196 2749 quidem
2209 2689 2442 2736 sententia
2455 2723 2471 2748 ‚
2491 2688 2578 2736 fnl-

511 2777 560 2810 2.
602 2763 677 2808 De
714 2777 860 2810 saxo.
892 2760 1133 2819 Sub-udi,
1159 2761 1461 2827 precipitare
1548 2762 1683 2822 litnr.
1705 2765 1753 2811 J.
1774 2767 1839 2812 V.
1860 2767 1917 2812 L.

436 2857 549 2898 eos,
575 2841 661 2905 qui
679 2839 857 2890 Caeeari
882 2839 1162 2889 columnam
1191 2854 1459 2892 erexerant.
1622 2849 1669 2898 4.
1704 2841 1990 2890 Columnam
2016 2843 2197 2893 tollere.
2231 2847 2390 2908 Quam
2417 2863 2574 2912 prope

440 2923 653 2969 Ἄκην.
1208 2971 1217 2982 ,
1548 2935 1613 2970 xx
1636 2921 1818 2986 pedum
1843 2922 2018 2987 lapidis
2036 2923 2314 2983 Numidici,
2335 2937 2392 2994 ut
2407 2928 2574 2976 Sueto-

509 3001 559 3048 3.
583 3002 647 3047 In
671 3013 877 3047 erucem,
900 2999 1106 3048 Tollere.
1132 2999 1260 3048 Nam
1296 3015 1357 3046 ex
1378 2999 1461 3047 ill·
1549 3001 1660 3049 niue
1688 3001 1864 3059 tradit,
1891 3003 1952 3050 de
1973 3001 2116 3066 plebe
2142 3003 2367 3052 homines
2392 3005 2573 3070 perditi

436 3079 775 3128 seditiosum
789 3093 964 3140 ‚meum
980 3081 1065 3143 qui
1080 3077 1221 3126 liberi
1240 3077 1461 3127 homines
1547 3081 1600 3128 in
1626 3081 1734 3128 foro
1751 3091 2016 3129 statuerant
2039 3083 2322 3147 inscriptam
2350 3085 2571 3133 Canu:

433 3159 660 3218 suerunt,
688 3174 772 3206 eos
794 3157 1072 3216 Dolabella,
1098 3157 1158 3205 de
1176 3173 1295 3206 saxo
1314 3158 1462 3222 Capi·
1547 3175 1771 3208 unm-1
1798 3174 2035 3209 nuru.
2063 3161 2182 3211 Sca.

436 3239 591 3287 tulino
624 3239 829 3300 dejecit:
850 3254 1013 3287 servos
1050 3239 1104 3286 in
1127 3253 1319 3285 erucem
1344 3237 1458 3300 egit.
1621 3239 1674 3289 5.
1704 3242 1855 3288 Acca.
1886 3241 2104 3290 Caesarie.
2131 3244 2274 3291 Mur.

436 3319 932 3369 Manum—Antoni.
953 3319 1215 3382 Angustia.
1237 3317 1459 3365 emendat
1620 3319 1670 3366 6.
1709 3319 1822 3364 Non
1856 3331 2077 3381 possunt.
2115 3319 2361 3385 Explicari
2394 3319 2568 3368 eodem

436 3397 523 3444 vel
539 3414 679 3445 eruce
690 3417 710 3456 ,⁰
739 3396 1075 3447 emendantem
1097 3395 1276 3460 probat
1296 3395 1460 3443 Ursin.
1549 3408 1767 3460 tempore
1787 3397 1952 3445 onmia
1971 3413 2075 3448 nou
2099 3410 2324 3464 possunt.
2350 3401 2498 3446 Ion.
