3019 4681
486 366 630 455 436
802 364 809 371 ’
1134 366 1231 433 Μ.
1280 366 1359 433 Τ.
1414 364 1974 435 CICERONIS

488 516 583 561 ne
621 488 865 560 videar
902 485 1057 581 ejus
1095 482 1429 557 secundis
1470 483 1878 567 rebusnon
1905 481 2280 572 delectari,
2319 500 2406 557 ut
2437 487 2614 559 mihi

490 624 700 673 causa
735 599 865 685 sit,
900 621 1030 668 cur
1054 600 1355 667 Romam
1372 596 1620 667 venire
1647 593 1871 664 nolim
1893 648 1913 681 ‚
1951 618 2045 665 ne
2082 593 2282 664 illum
2308 594 2614 669 videam.

488 716 717 782 Varro
760 709 1001 777 autem
1049 720 1297 777 noster
1355 704 1444 775 ad
1517 728 1635 774 me
1695 702 2070 801 epistolam
2125 705 2350 793 misit,
2405 706 2542 779 sibi
2575 732 2616 778 a

485 824 731 893 nescio
780 842 933 915 quo
978 817 1263 889 missam
1304 818 1635 911 (nomeu
1694 816 1889 884 enim
1937 812 2290 911 delerat),
2350 818 2428 886 in
2473 841 2618 913 qua

486 935 832 1030 scriptum
874 942 1066 1013 erat,
1116 940 1500 997 veteranos
1532 948 1693 1011 e05,
1733 925 1860 1019 qui
1896 920 2350 1017 rejiciantur⁶
2385 924 2414 1015 (
2449 948 2615 995 nam

480 1056 759 1139 partem
782 1061 934 1109 esse
962 1034 1366 1132 dimissam)
1387 1088 1407 1121 ,
1434 1031 1963 1132 improbissime
1985 1031 2106 1130 loq
2115 1036 2224 1121 ui;
2251 1047 2333 1104 ut
2353 1058 2616 1133 magno

483 1147 809 1249 periculo
871 1152 1115 1218 Romae
1171 1146 1316 1216 sint
1373 1142 1598 1215 suturi
1624 1197 1644 1231 ,
1698 1144 1824 1241 qui
1872 1142 1961 1214 ab
2003 1168 2254 1214 eorum
2291 1144 2616 1242 partibus

484 1258 862 1330 dissentire
896 1253 1294 1326 videantur.
1340 1253 1487 1343 Qui
1538 1275 1764 1349 porro
1809 1266 2058 1323 noster
2091 1252 2274 1341 ituS,
2305 1254 2615 1341 redimat,

482 1368 768 1455 vultus»,
836 1370 1158 1437 incessus
1228 1368 1419 1434 inter
1470 1364 1691 1433 istos?
1752 1358 1968 1452 Quod
2015 1363 2117 1450 si,
2163 1377 2249 1434 ut
2313 1363 2566 1437 scribis
2593 1420 2612 1454 ,

478 1483 559 1549 L.
616 1477 973 1549 Antonius
1008 1478 1084 1546 in
1130 1474 1593 1557 Decimum⁷‚
1629 1472 1890 1570 reliqui
1935 1474 2011 1543 in
2050 1469 2388 1545 nostros⁸
2423 1503 2440 1546 ε
2481 1501 2615 1575 ego

479 1589 657 1685 quid
711 1586 964 1658 faciam
1023 1584 1053 1654 ἱ)
1108 1600 1231 1656 aut
1284 1608 1437 1681 quo
1479 1608 1596 1654 me
1641 1598 1854 1682 pacto
1891 1584 2184 1682 geram?
2226 1584 2404 1655 Mihi
2441 1610 2614 1657 vero

476 1697 959 1771 deliberatum
1004 1708 1154 1782 est,
1203 1709 1288 1764 ut
1320 1718 1519 1765 nunc
1552 1694 1848 1790 quidem
1891 1708 1998 1766 est
2023 1749 2042 1783 ,
2086 1693 2336 1767 abesse
2389 1722 2479 1767 ex
2531 1702 2616 1768 ea

476 1808 676 1881 Urbe
699 1862 717 1896 ,
762 1809 837 1877 in
873 1830 1021 1904 qua
1057 1829 1206 1876 non
1242 1804 1485 1875 modo‘
1508 1804 1730 1875 florui
1774 1828 1940 1875 cum
1985 1829 2265 1877 summa
2289 1861 2310 1894 ,
2365 1832 2611 1878 verum

475 1923 693 1992 etiam
755 1915 1011 1987 servivi
1074 1938 1240 1985 cum
1298 1914 1538 2011 aliqua
1600 1913 1964 2011 dignitate.
2013 1919 2162 1988 Nec
2213 1931 2360 1987 tam
2396 1921 2611 1989 statui

475 2056 563 2109 ex
597 2029 796 2099 ltalia
823 2029 1051 2111 exire,
1088 2023 1179 2094 de
1215 2049 1366 2121 quo
1390 2038 1630 2094 tecum
1667 2023 2088 2097 deliberabo
2108 2082 2130 2115 ‚
2176 2052 2398 2125 quam
2429 2030 2612 2100 istuc

474 2165 625 2211 non
664 2139 933 2209 venire.

542 2302 595 2349 6.
624 2296 941 2363 Rq'e'ciamur.
982 2298 1029 2345 A
1050 2296 1277 2361 portione
1304 2296 1491 2361 publici
1655 2299 1704 2348 8.
1741 2298 1959 2348 Nostros.
2005 2300 2109 2347 Hac
2147 2314 2267 2346 voce
2302 2314 2496 2364 snper
2534 2300 2610 2349 M.

472 2380 590 2444 agri.
613 2378 697 2426 Ad
717 2378 833 2425 Div.
856 2393 936 2442 ep.
960 2391 989 2422 α
1004 2411 1019 2434 ,
1038 2376 1126 2423 lib.
1144 2380 1237 2425 xl.
1258 2378 1400 2424 ΜΛΝ.
1581 2377 1786 2424 Brutum
1801 2411 1814 2434 ‚
1844 2387 1894 2424 et
1929 2375 1985 2425 C.
2017 2377 2233 2424 Cassium
2263 2375 2514 2442 designat,
2549 2389 2611 2426 ut

548 2475 596 2518 7.
636 2460 697 2504 In
732 2455 997 2504 Decimum.
1040 2455 1093 2501 Si
1130 2456 1189 2503 L.
1221 2455 1493 2512 Antonius,
1583 2453 1787 2518 epistola
1818 2463 1846 2512 4
1868 2471 1881 2503 2
1905 2476 1932 2497 σε
1951 2455 2132 2504 Scribis
2159 2466 2208 2504 to
2235 2457 2420 2504 nescire
2437 2491 2452 2514 ‚
2491 2456 2611 2520 quid

472 2541 551 2589 Μ.
574 2537 733 2594 fiatur,
760 2535 813 2583 in
836 2535 900 2583 D.
920 2537 1127 2584 Brutum
1146 2533 1383 2594 mittetur,
1416 2534 1495 2582 vel
1585 2535 1765 2582 nostrin
1792 2533 2066 2583 faciendum
2089 2536 2154 2584 sit
2176 2556 2218 2583 ι.
2245 2539 2368 2584 Item
2393 2539 2532 2601 epist.
2565 2553 2609 2596 r,

472 2613 831 2682 proficiscetur.
860 2613 1097 2662 Conso.
1583 2613 1671 2662 lib.
1695 2614 1840 2674 XIV,
1869 2615 1971 2663 et6
1989 2613 2136 2676 hujus
2161 2615 2292 2664 libri.
2314 2617 2462 2665 Μιε.

462 2775 1287 2802 mmmm-mmmm
1298 2777 2582 2802 mtstmmmmmmmmmmmm

1149 2893 1747 3036 EPISTOLA
1803 2959 1950 3036 VI.

478 3141 691 3196 Narrat
718 3153 779 3192 se
805 3131 879 3190 ad
912 3130 1163 3192 Hirtium
1194 3130 1508 3209 scripsisse,
1536 3130 1912 3208 epistolaeque
1939 3130 2016 3190 ab
2043 3151 2115 3190 eo
2137 3146 2386 3212 acceptae
2409 3153 2612 3194 exem-

556 3233 716 3311 plum
736 3229 929 3296 mittit,
954 3242 1012 3287 et
1034 3225 1175 3306 quid
1199 3227 1253 3286 ei
1276 3226 1640 3304 responderit
1661 3227 1956 3306 significat.
1981 3231 2072 3308 (In
2091 3232 2437 3306 Tusculum,
2456 3251 2606 3291 anno

562 3334 636 3389 U.
666 3331 729 3387 C.
769 3345 915 3402 709,
938 3343 1135 3382 mense
1150 3323 1374 3400 junio.)

1145 3487 1457 3550 CICERO
1504 3486 1827 3552 ATTICO
1875 3490 1937 3554 S.

576 3635 805 3720 Qmm
842 3628 931 3698 ad
956 3652 1071 3698 me
1104 3632 1368 3697 Brutus
1414 3641 1664 3698 noster
1719 3630 2152 3726 scripsisset,
2190 3646 2262 3702 et
2286 3634 2607 3720 CassiuS,

477 3757 563 3816 ut
601 3741 946 3828 Hirtium,
982 3764 1203 3836 quem
1241 3737 1476 3810 adhuc
1507 3738 1788 3809 bonum
1824 3738 2042 3812 fuisse
2071 3742 2432 3831 sciebant,
2477 3769 2607 3815 ne-

478 3877 625 3951 que
651 3875 817 3940 eum
850 3849 1316 3921 confidebant
1348 3848 1503 3920 fore
1525 3903 1544 3936 ,
1584 3873 1744 3920 mea
1775 3854 2201 3923 auctoritate
2234 3855 2606 3924 meliorem

476 3963 827 4057 facerem(
853 3963 1171 4030 Antonio
1193 3973 1299 4028 est
1319 3959 1514 4028 enim
1541 3955 1843 4029 fortasse
1871 3961 2151 4051 iratior,
2182 3987 2406 4033 causae
2438 3988 2607 4035 vero

474 4071 1019 4160 amicissimus),
1049 4084 1289 4139 tamen
1322 4067 1411 4138 ad
1442 4093 1608 4139 eum
1637 4071 1923 4166 scripsi,
1959 4072 2170 4167 eique
2187 4072 2607 4172 dignitatem
