3019 4681
565 369 659 456 48
1223 363 1322 432 Μ.
1365 363 1444 429 Τ.
1489 361 2053 430 CICERONIS

565 493 758 590 piam
831 511 984 557 nou
1047 482 1428 581 desperare
1497 496 1699 552 tuam
1763 481 2265 552 auctoritatem
2314 480 2759 578 plurimum

567 599 761 700 apud
805 619 974 669 eum
1025 593 1427 666 valituram.
1483 589 1705 682 Quod
1749 589 2146 662 Lentulum
2188 615 2435 662 meum
2461 645 2482 678 ,
2538 617 2757 663 con-

567 711 832 796 sulem,
867 705 1158 777 voluisti
1203 702 1325 773 hic
1362 726 1779 788 remanere,
1839 703 2096 772 Caesari
2154 717 2481 798 gratum,
2541 702 2753 773 mihi

564 846 738 894 vero
793 817 1279 918 gratissimum
1333 811 1612 884 medius
1677 810 1896 882 fidius
1949 810 2200 882 fecisti.
2270 815 2451 882 Nam
2511 812 2757 883 illum

564 935 744 1006 tanti
778 927 996 1016 saci0,
1040 925 1169 1022 qui
1205 948 1355 994 non
1395 927 1745 994 Caesarem
1771 933 1792 963 ¹
1834 923 2061 1018 magis
2095 920 2385 1019 diligam
2426 949 2443 992 t
2484 925 2631 1019 qui
2686 924 2754 992 si

566 1065 820 1143 passus
853 1051 1070 1123 esset,
1104 1059 1240 1106 nos
1277 1059 1563 1120 secum,
1616 1048 1698 1103 ut
1744 1057 2306 1119 consueramuS,
2351 1031 2611 1130 loqui,
2670 1047 2757 1104 et

567 1181 720 1228 non
748 1177 828 1224 sc
855 1165 1096 1223 totum
1133 1147 1348 1218 etiam
1385 1160 1458 1216 et
1493 1145 1709 1216 etiam
1750 1141 1841 1214 ab
1870 1168 2205 1213 sermone
2236 1157 2487 1213 nostro
2516 1167 2751 1214 aver-

569 1271 808 1350 tisset,
849 1263 1094 1332 minus
1146 1259 1367 1328 miser
1398 1311 1417 1342 ,
1459 1279 1679 1352 quam
1735 1279 1943 1343 sum,
1989 1277 2241 1324 essem.
2304 1257 2493 1324 Nam
2550 1275 2752 1324 cave

569 1391 820 1476 putes„
874 1371 1018 1442 hoc
1075 1385 1405 1465 tempore
1467 1366 1634 1463 plus
1686 1388 1806 1436 me
1868 1387 2315 1461 quemquam
2372 1366 2746 1451 cruciari,

567 1484 770 1585 quod
811 1506 1020 1569 eum,
1073 1503 1292 1577 quem
1331 1491 1498 1548 ante
1538 1501 1655 1547 me
1696 1474 1955 1572 diligo,
1987 1475 2198 1545 video
2230 1478 2304 1544 in
2336 1475 2751 1546 consulatu

569 1593 858 1694 quidvis
899 1593 1146 1690 potius
1187 1613 1378 1672 esse,
1417 1612 1635 1684 quam
1672 1586 2065 1656 consulem.
2110 1585 2330 1674 Quod
2369 1588 2426 1656 si
2466 1584 2743 1657 volue-

572 1708 664 1776 rit
700 1702 832 1774 tibi
873 1700 1380 1798 obtemperare
1404 1752 1423 1785 ,
1460 1695 1779 1768 etnobis
1822 1695 1914 1766 de
1956 1701 2235 1767 Caesare
2272 1694 2608 1781 credere,
2661 1711 2745 1768 et

567 1813 1026 1890 consulatum
1065 1796 1430 1907 reliquum
1467 1813 1713 1879 Romae
1744 1832 2123 1906 peragere,
2168 1809 2511 1906 incipiam
2556 1833 2739 1908 spe-

567 1953 758 2015 rare,
787 1927 1002 1997 etiam
1037 1921 1340 1994 consilio
1357 1935 1685 2007 senatus,
1729 1932 2025 1990 auctore
2050 1934 2157 2006 te,
2200 1919 2326 1989 illo
2370 1919 2736 2008 relatore,

568 2038 994 2136 Pompeium
1016 2048 1089 2105 et
1111 2037 1459 2104 Caesarem
1485 2031 1836 2127 conjungi
1856 2011 2089 2128 posse.¹
2123 2029 2345 2121 Quod
2364 2031 2424 2101 si
2449 2026 2737 2102 facturn

569 2151 745 2236 erit,
785 2172 902 2217 me
934 2146 1099 2216 satis
1137 2145 1397 2214 vixisse
1427 2140 1729 2241 putabo,
1770 2145 2065 2211 Factum
2096 2140 2388 2211 Caesaris
2426 2138 2518 2210 de
2546 2143 2737 2212 Cor·

567 2258 747 2332 finio
793 2271 1026 2328 totum
1075 2268 1145 2325 te
1184 2252 1670 2352 probaturum
1708 2254 1857 2322 scio
1879 2262 1932 2320 ².
1986 2252 2153 2342 Quo
2195 2250 2419 2321 modo
2456 2253 2533 2321 in
2579 2251 2735 2323 hu-

562 2366 885 2468 jusmodi
922 2391 1042 2454 re,
1075 2364 1531 2435 commodius
1575 2362 1830 2435 cadere
1877 2389 2026 2435 non
2064 2366 2347 2461 potuit,
2390 2342 2615 2460 quam
2644 2378 2735 2436 ut

473 2556 480 2561 ,
572 2507 685 2554 res
723 2484 882 2553 sine
912 2476 1262 2575 sanguine
1295 2473 1670 2546 confieret.
1705 2473 1906 2546 Balbi
1938 2476 2078 2545 mei
2116 2477 2373 2572 tuique
2398 2473 2737 2547 adventu

570 2590 1004 2664 delectatum
1042 2601 1114 2658 te
1141 2640 1159 2675 ,
1218 2583 1425 2657 valde
1460 2582 1765 2683 gaudeo.
1806 2589 1874 2657 Is
1919 2610 2402 2682 quaecumque
2447 2583 2577 2655 tibi
2628 2586 2731 2658 de

573 2706 849 2774 Caesare
895 2696 1107 2785 dixit,
1159 2719 1467 2793 quaeque
1508 2690 1793 2766 Cassan-³
1836 2696 2156 2793 scripsit,
2220 2698 2406 2784 scio,
2456 2721 2536 2768 re
2582 2694 2733 2769 tibi

575 2806 918 2911 probabit
937 2861 956 2895 ,
991 2829 1471 2913 quaecumque
1496 2802 1792 2876 fortuna
1829 2806 1986 2902 ejus
2016 2804 2235 2877 fuerit
2254 2861 2274 2896 ,
2302 2807 2673 2879 verissime
2691 2814 2729 2861 4

569 2920 956 3019 scripsisse.

645 3122 689 3155 ι.
703 3102 800 3167 Qui
809 3118 909 3150 non
923 3100 1182 3152 Coesarem.
1199 3100 1598 3160 Uenon,dixisset
1686 3103 1747 3149 Se
1763 3098 1855 3148 tibi
1873 3115 1977 3147 non
1998 3115 2056 3147 os
2072 3098 2338 3148 sublevisse
2352 3136 2367 3159 ‚
2384 3100 2471 3149 sed
2492 3116 2603 3150 ven
2618 3118 2727 3151 etse

570 3186 762 3235 Cicero,
782 3182 1017 3231 Comun-
1688 3194 2009 3244 quaecumque
2034 3178 2125 3227 tibi
2164 3194 2330 3227 coram
2366 3190 2452 3227 aut
2476 3179 2635 3229 literis
2660 3181 2727 3229 de

642 3280 690 3313 α.
719 3260 1038 3311 Probatur-mn
1064 3256 1180 3307 scio.
1211 3258 1292 3306 Sic
1319 3257 1442 3305 bene
1461 3257 1601 3304 Ursi·
1688 3260 1896 3309 Caesaris
1933 3259 2095 3305 animo
2139 3258 2191 3304 in
2234 3256 2490 3322 republica
2511 3293 2526 3317 ,
2562 3259 2726 3325 deque

571 3361 664 3395 nm
683 3360 712 3391 ο
731 3355 892 3390 vetere
921 3337 1110 3387 codice.
1133 3336 1296 3402 Vulgo
1336 3353 1449 3384 ame
1474 3352 1596 3402 pm·
1686 3338 1793 3398 ejus
1820 3337 1885 3385 ad
1924 3352 2090 3401 pacem
2116 3338 2448 3401 propensione
2470 3340 2720 3403 promisit.

573 3425 799 3473 buturum
822 3421 943 3468 scito
965 3440 1006 3467 ι.
1029 3420 1120 3466 En.
1688 3418 1863 3465 (ἷκεν.
1882 3442 1955 3453 --
1974 3414 2171 3465 Schiitz.
2189 3416 2286 3463 boc
2306 3416 2486 3480 probat
2502 3450 2517 3477 ,
2547 3430 2599 3469 et
2624 3418 2729 3468 Cne-

647 3504 695 3552 3.
721 3500 896 3549 Caesar.
927 3496 987 3546 Id
1009 3514 1070 3545 ex
1092 3494 1480 3561 praecedentibus
1499 3511 1601 3543 ver·
1689 3496 1808 3545 saris
1834 3512 2015 3543 nomen
2044 3496 2187 3544 delet.
2213 3497 2310 3545 En.

571 3584 649 3631 bis
663 3579 870 3644 irrepsit.
885 3582 1066 3627 Locum
1087 3574 1216 3623 enim
1228 3573 1419 3622 nullum
1438 3574 1599 3623 habet.
1765 3583 1814 3631 4.
1842 3574 1975 3625 Olim
2002 3574 2128 3623 male
2150 3574 2427 3638 legebatur,
2450 3574 2725 3625 bellissime.

569 3662 745 3713 Omnia
761 3669 875 3708 sunt
893 3654 1107 3723 liquida,
1120 3657 1162 3703 si
1175 3653 1451 3703 deles.l{oc
1466 3654 1601 3703 vult:
1691 3657 1741 3704 J.
1767 3656 1833 3703 V.
1856 3656 1910 3703 L.

1359 3898 1937 3929 --—--0-·——--
