3019 4681
594 399 1129 469 EPISTOLAE
1180 398 1317 465 AD
1366 399 1882 483 ATTICUM‚
1919 402 2064 486 XI,
2115 403 2182 485 4.
2330 427 2464 502 ¹79

310 546 569 594 sumus
588 524 645 608 ⁴,
692 523 831 592 erit
866 519 1044 590 mihi
1086 543 1203 590 res
1245 533 1683 617 opportuna.
1741 524 1936 592 Meas
1979 520 2220 593 literas
2263 525 2468 620 quod

308 635 631 731 requiris
655 688 675 721 ‚
716 631 1080 730 impedior
1115 631 1363 729 inopia
1406 656 1650 702 rerum
1675 685 1694 719 ,
1741 656 1922 728 quas
1961 632 2193 704 nullas
2229 633 2467 705 habeo

314 743 549 814 literis
609 741 906 838 dignas3
960 741 1237 838 quippe
1295 741 1414 810 cui
1468 765 1646 828 nec,
1696 766 1858 837 quae
1908 742 2288 829 accidunt,
2334 769 2472 816 nec

314 878 480 950 quae
524 864 883 950 aguntur,
928 851 1082 921 ullo
1133 850 1358 921 modo
1397 849 1824 949 probentur.
1881 855 2176 924 Utinam
2224 879 2468 925 coram

315 977 573 1034 tecum
611 962 787 1033 olim
824 962 1071 1057 potius
1094 1015 1114 1048 ‚
1164 986 1388 1058 quam
1434 986 1569 1059 per
1601 960 1968 1060 epistolas!
2008 968 2140 1035 Hic
2181 980 2348 1052 tua,
2385 982 2471 1036 ut

317 1097 671 1172 possum,
722 1068 985 1143 tueor⁵
1024 1069 1221 1169 apud
1274 1071 1431 1142 hos.
1472 1077 1726 1144 Cetera
1777 1070 2030 1144 Celer⁶
2079 1075 2255 1170 ipse.
2295 1079 2474 1174 Fugi

318 1183 569 1255 adhuc
594 1207 812 1255 omne
842 1205 1113 1253 munus
1134 1235 1154 1268 ‚
1192 1205 1283 1251 eo
1308 1183 1536 1278 magis
1557 1235 1576 1268 ‚
1615 1181 1814 1278 quod
1851 1185 1951 1254 ita
1980 1183 2161 1255 nihil
2189 1200 2477 1284 poterat

319 1298 481 1392 agi,
518 1309 605 1365 ut
642 1293 822 1364 mihi
866 1308 940 1364 et
978 1292 1157 1362 meis
1192 1290 1413 1361 rebus
1455 1305 1708 1388 aptum
1751 1308 1957 1363 esset.

422 1408 625 1499 Quid
665 1411 755 1479 sit
790 1421 1075 1504 gestum
1112 1407 1319 1494 novi,
1356 1405 1618 1508 quaeris
1647 1433 1662 1475 τ
1705 1429 1794 1477 ex
1828 1405 2108 1480 Isidoro
2137 1413 2320 1482 scire
2351 1437 2478 1509 po-

320 1521 535 1606 teris;
586 1517 871 1615 reliqua
916 1542 1071 1588 non
1118 1516 1508 1587 videntur⁷
1571 1541 1730 1588 esse
1774 1515 2199 1590 difficiliora.
2247 1527 2358 1592 Tu
2400 1521 2480 1590 id

320 1631 542 1702 velim
566 1683 585 1716 ‚
622 1627 825 1725 quod
862 1632 997 1698 scis
1033 1651 1151 1697 me
1183 1628 1492 1698 maxime
1531 1627 1754 1714 velle,
1793 1652 2036 1718 cures,
2073 1645 2157 1701 ut
2193 1632 2482 1720 scribi3‚

322 1757 409 1813 ut
445 1739 647 1812 facis.
678 1743 798 1810 Me
837 1736 1136 1810 conficit
1162 1738 1574 1810 sollicitudo
1597 1791 1618 1826 ,
1653 1764 1743 1810 ex
1778 1764 1924 1836 qua
1954 1741 2169 1811 etiam
2199 1767 2484 1814 summa

322 1845 764 1922 infirmitas⁸
819 1849 1187 1946 corporis:
1240 1873 1387 1944 qua
1440 1848 1712 1936 levata,
1767 1875 1892 1920 ero
1940 1875 2088 1920 una
2137 1876 2308 1922 cum
2356 1880 2482 1942 eu,

324 1963 459 2059 qui
515 1960 897 2056 negotium
954 1959 1183 2055 gerit,
1244 1973 1497 2056 estque
1558 1959 1632 2028 in
1689 1982 1818 2057 spe
1879 1982 2158 2057 magna.
2213 1967 2488 2036 Brutus

328 2073 607 2144 amicus
690 2071 769 2140 in
822 2092 1038 2140 causa
1078 2084 1406 2140 versatur
1464 2069 1730 2140 acriter
1755 2081 1810 2140 9.
1876 2075 2240 2142 Hactenus
2301 2070 2482 2161 fuit,

328 2181 531 2280 quod
576 2194 793 2252 caute
840 2205 883 2250 a
940 2204 1059 2250 me
1110 2178 1329 2250 scribi
1380 2192 1648 2275 posset.
1707 2178 1906 2251 Vale.
1956 2185 2066 2252 De
2131 2185 2487 2280 pensione

328 2295 551 2366 altera
567 2301 661 2379 ¹⁰,
698 2315 828 2362 oro
846 2303 917 2361 te
938 2344 959 2379 ,
978 2291 1181 2361 omni
1202 2313 1377 2361 cura
1412 2287 1828 2379 considera,
1861 2291 2040 2388 quid
2069 2290 2486 2367 faciendum

331 2406 418 2476 sit
436 2460 455 2493 ,
498 2418 589 2474 ut
626 2401 877 2498 scripsi
914 2401 1001 2471 iis
1040 2400 1299 2489 literis,
1338 2422 1522 2496 quas
1559 2400 1806 2471 Pollex
1843 2400 2030 2471 tulit.

332 2574 477 2623 vellet
490 2609 507 2633 ,
526 2590 597 2623 an
618 2588 819 2638 prorsus
844 2570 1115 2637 abjecisset.
1132 2575 1367 2637 Respon-

334 2654 409 2701 det
424 2654 819 2717 redemptionem
831 2670 883 2701 se
888 2651 1121 2717 probare,
1134 2653 1369 2717 quoniam

332 2734 410 2781 ille
430 2733 623 2781 fundus
647 2732 743 2780 sibi
762 2732 955 2779 futurus
986 2742 1111 2779 esset
1128 2743 1369 2797 opportu-

336 2828 441 2860 nus.
464 2810 771 2875 Redemptio
805 2821 965 2859 tamen
1004 2810 1103 2859 hoc
1148 2822 1371 2875 tempore

336 2892 459 2940 snm
482 2906 595 2941 nou
612 2903 686 2938 eet
698 2925 715 2951 ‚
734 2899 793 2937 ut
818 2900 953 2954 petet
972 2906 1033 2939 ex
1052 2890 1257 2955 epistola
1286 2894 1368 2951 ¹4.

336 2970 486 3019 Mur.
502 2996 579 3008 —-
594 2969 849 3019 ruminum
864 3006 881 3033 ,
894 2970 1013 3021 olim
1032 2970 1149 3019 urbe
1162 2970 1373 3019 Volsco-

338 3067 473 3111 mm,
491 3068 629 3099 nune
652 3049 943 3098 Frusinone.
963 3052 1061 3099 En.

410 3140 463 3187 4.
478 3130 536 3179 Sa·
548 3126 885 3193 modosuam'
903 3145 1081 3180 sumus.
1113 3128 1229 3178 Seii.
1252 3128 1373 3175 salvi

341 3222 390 3260 et
402 3210 699 3258 incolumes.
728 3208 946 3256 Eum.

411 3290 465 3339 5.
494 3291 677 3337 Tueor.
705 3288 827 3345 Hic,
856 3287 908 3335 in
949 3288 1127 3351 Epiro,
1154 3288 1245 3335 ubi
1270 3298 1377 3335 tum

345 3384 479 3419 eram
504 3382 661 3419 eastra
688 3368 911 3433 Pompeii
926 3402 943 3426 ,
978 3368 1179 3429 laboro,
1202 3384 1265 3415 ne
1290 3366 1380 3430 qui

342 3451 549 3499 utilitum
572 3460 661 3498 eut
686 3449 867 3497 ducum
901 3458 1049 3495 vexet
1070 3458 1156 3495 ant
1180 3446 1379 3510 diripiat

346 3546 421 3577 ree
440 3529 766 3591 homine-que
782 3538 913 3576 tuoe.
938 3529 987 3575 J.
1004 3530 1060 3575 F.
1088 3528 1257 3575 Gnox.

416 3611 465 3659 6.
496 3610 653 3658 Celer.
672 3610 750 3657 De
784 3623 909 3672 quo,
928 3607 1017 3655 lib.
1043 3608 1121 3667 X,
1145 3607 1287 3672 epist.
1320 3622 1343 3653 1
1364 3624 1381 3671 ;

350 3690 473 3752 111,
501 3704 549 3751 7.
574 3688 787 3752 Legebat
820 3686 1146 3750 Pam-gathu,
1162 3718 1179 3745 ,
1202 3686 1378 3735 «Celer

350 3770 466 3832 ipse.
482 3769 625 3833 rugi,
636 3778 761 3815 etc.»
780 3767 1005 3813 Muretus
1018 3781 1151 3824 vero,
1168 3776 1380 3813 ceterum

354 3847 451 3911 ipse
460 3847 609 3914 fugi,
640 3848 827 3895 omisso
868 3846 1041 3895 Ceteris
1066 3846 1283 3895 nomine.
1310 3871 1383 3882 —--

356 3926 525 3975 cetera
562 3927 715 3977 Celer.
742 3927 935 3991 Nempe
961 3937 1143 3983 tuetur,
1172 3936 1231 3973 ut
1256 3925 1383 3973 vidit

356 4006 683 4070 Memphim,
702 4006 947 4071 probante
966 4008 1017 4055 J.
1030 4009 1099 4054 V.
1120 4007 1173 4054 L.
1192 4008 1380 4053 Ernest-

356 4084 567 4149 nnpplet‚
590 4086 843 4134 -netrebit
858 4121 877 4145 ‚
900 4101 1051 4149 quum
1076 4085 1139 4133 nd
1164 4095 1213 4133 te
1238 4100 1385 4133 vene·

360 4162 459 4211 rit·
476 4179 489 4215 :
507 4166 593 4214 ned
618 4166 707 4215 het
742 4165 907 4215 litem
944 4182 1051 4213 non
1088 4165 1271 4227 Celeri,
1298 4164 1387 4212 eed

1456 2570 1652 2620 Isidoro
1666 2572 1978 2637 perferendae
2001 2572 2213 2623 dederat.
2239 2576 2492 2626 Manutius

1455 2650 1601 2699 affert
1633 2652 1926 2715 lectionum,
1953 2663 2133 2709 ¹celem
2160 2653 2284 2705 σεῖο.
2328 2656 2420 2705 Eo.

1535 2747 1582 2793 7.
1611 2734 1728 2779 Non
1755 2732 2003 2783 videntur.
2043 2734 2145 2783 Cur
2177 2746 2338 2783 eutem
2359 2735 2496 2785 hoe?

1459 2812 1572 2876 quin
1587 2813 1778 2861 scilicet
1797 2814 1983 2861 factum
1997 2825 2101 2861 eret
2123 2815 2350 2879 pralium
2369 2816 2492 2865 illud

1460 2891 1522 2939 ed
1545 2892 1922 2956 Dyrrhachium,
1936 2908 2037 2956 quo
2059 2894 2278 2957 Pompeii
2297 2895 2496 2944 fortuna

1458 2972 1688 3035 superior
1726 2974 1838 3021 fuit.
1868 2974 1983 3035 Quo
2011 2988 2073 3021 ex
2100 2974 2275 3037 prelio
2304 2984 2494 3022 numm

1460 3047 1656 3100 fiducia
1681 3067 1738 3099 ac
1764 3052 1964 3116 spiritns
1986 3053 2296 3117 Pompeianis
2335 3070 2499 3103 acces-

1462 3129 1528 3177 eit
1543 3162 1559 3187 ‚
1575 3142 1630 3178 ut
1650 3146 1755 3177 non
1781 3130 1843 3177 de
1863 3132 2050 3177 ratione
2069 3130 2184 3177 belli
2203 3134 2495 3195 cogitarent,

1462 3207 1550 3255 sed
1569 3230 1595 3249 ιι
1610 3208 1782 3255 vicisse
1799 3210 1898 3269 jam
1926 3207 2022 3255 sibi
2043 3208 2378 3257 viderentur».
2392 3213 2498 3259 Cae·

1462 3304 1568 3346 nr,
1595 3287 1655 3335 de
1673 3286 1814 3335 Bello
1835 3286 1981 3336 Civili
2000 3324 2016 3350 ,
2044 3287 2174 3335 libro
2197 3290 2288 3337 111.
2309 3292 2458 3338 Mur.

1541 3368 1594 3415 8.
1620 3367 1910 3435 iufirmitas.
1939 3366 2061 3415 Ideo
2086 3364 2496 3435 CiceroDyrrha-

1468 3446 1584 3495 chio
1609 3463 1662 3494 se
1696 3448 1855 3495 tenuit
1875 3478 1891 3506 ,
1919 3462 2080 3511 neque
2117 3446 2183 3494 ed
2207 3446 2496 3497 Pharsaliam

1464 3527 1582 3574 fuit.
1601 3527 1694 3573 En.

1541 3622 1595 3667 9.
1631 3606 1870 3651 Versatur
1886 3605 2082 3654 aeriter.
2106 3606 2309 3655 Strenue
2326 3608 2505 3658 militat

1466 3682 1754 3747 inpartibus
1775 3683 2024 3747 Pompeii,
2049 3698 2195 3747 quem
2229 3686 2349 3734 olim
2376 3688 2499 3737 ode-

1464 3772 1696 3822 rat;nam
1719 3762 1769 3808 in
1793 3760 1926 3810 bello
1955 3762 2158 3812 Sullano
2185 3778 2377 3829 patrem
2395 3768 2500 3830 ejus

1470 3841 1733 3904 Pompeius
1760 3841 1990 3890 trucidari
2005 3843 2216 3903 jusserat
2234 3862 2247 3893 ε
2266 3846 2354 3893 sed
2381 3858 2500 3897 tunc

1468 3924 1650 3971 Brutus
1672 3921 1884 3983 privum
1910 3922 2152 3971 inimicia·
2169 3925 2342 3988 patriae
2377 3942 2502 3975 eon-

1470 3999 1706 4049 donabat.
1725 4000 1818 4047 En.

1552 4098 1632 4129 ιο.
1660 4081 1902 4130 Pusione
1945 4084 2123 4131 altem.
2157 4084 2301 4132 Dotis
2335 4086 2506 4133 ‘runiae

1474 4162 1745 4211 Dolabella
1770 4160 2034 4211 solvendae.
2061 4163 2153 4209 En.

2155 4270 2260 4313 12.
