3019 4681
469 344 604 417 136
1053 419 1064 434 ,
1095 347 1194 414 Μ.
1243 347 1320 413 Τ.
1383 345 1943 415 elcERoms

457 484 654 539 ctum
690 465 880 537 idem
925 467 1016 536 sit
1066 469 1358 563 utrique
1401 481 1773 556 nostrum3
1830 463 1955 536 sed
2006 487 2087 534 ea
2130 487 2281 534 non
2330 465 2583 560 agitur.

457 575 830 673 Regnandi
871 577 1242 646 contentio
1283 588 1425 660 est;
1465 577 1540 645 in
1580 599 1725 673 qua
1757 574 2011 673 pulsus
2047 589 2155 644 est
2192 573 2588 645 modestior

452 711 580 757 rex
600 698 672 774 ²„
701 699 776 757 et
811 685 1135 783 probior,
1186 699 1257 757 et
1301 687 1678 782 integrior,
1720 699 1791 758 et
1834 687 1935 773 is,
1984 687 2111 782 qui
2158 683 2295 753 nisi
2326 683 2583 766 vincit,

453 819 726 865 nomen
775 795 1028 893 populi
1081 797 1360 865 romani
1411 794 1737 866 deleatur
1786 817 2079 866 necesse
2122 807 2267 880 est3
2314 798 2423 865 sin
2462 816 2587 864 au-

454 918 605 974 tem
657 905 919 990 vincit,
977 903 1273 974 Sullano
1323 929 1526 976 more
1566 906 2048 1002 exemploque
2094 904 2352 974 vincet.
2399 905 2587 998 Ergo

455 1013 589 1088 hac
627 1015 702 1082 in
742 1015 1210 1085 contentione
1255 1030 1596 1085 neutrum
1643 1013 1774 1084 tibi
1813 1013 2047 1111 palam
2088 1011 2542 1083 sentiendum
2566 1065 2587 1096 ,

456 1139 529 1194 et
571 1127 877 1221 tempori
915 1123 1368 1196 serviendum
1409 1141 1536 1196 est.
1576 1129 1735 1196 Mea
1773 1147 1981 1195 causa
2020 1137 2259 1193 autem
2294 1121 2427 1191 alia
2457 1133 2590 1206 est,

458 1231 662 1328 quod
705 1231 1065 1304 beneficio
1107 1235 1431 1323 vinctuS,
1470 1237 1795 1331 ingratus
1846 1258 2001 1306 esse
2052 1257 2203 1304 non
2251 1255 2586 1329 possum:

460 1365 598 1411 nec
643 1357 887 1412 tamen
931 1345 1003 1413 in
1059 1345 1248 1429 acie,
1299 1345 1424 1415 sed
1478 1345 1778 1430 Melitae,
1816 1359 1941 1414 aut
1978 1343 2117 1414 alio
2165 1344 2237 1411 in
2276 1339 2591 1440 [loco-⁵¹]

461 1451 673 1521 simili
709 1452 1101 1550 oppidulo,
1154 1452 1482 1524 futurum
1520 1469 1725 1550 puto.
1760 1452 1989 1540 Nihil,
2027 1453 2349 1548 inquieS,
2386 1452 2591 1545 juvas

459 1585 664 1648 eum,
710 1565 784 1632 in
839 1589 1057 1663 quem
1118 1567 1440 1661 ingratus
1475 1589 1629 1635 esse
1666 1589 1815 1634 non
1857 1563 2013 1633 vis?
2058 1567 2293 1631 Immo
2350 1563 2595 1630 minus

458 1669 760 1744 fortasse
814 1672 1176 1746 voluisset.
1238 1674 1376 1746 Sed
1429 1671 1522 1744 de
1577 1669 2195 1744 hocwidebimuS.
2240 1674 2593 1740 Exeamus

462 1782 685 1862 modo
730 1809 745 1852 ε
807 1783 1008 1880 quod
1072 1798 1154 1854 ut
1216 1785 1521 1855 meliore
1584 1797 1911 1880 tempore
1978 1782 2374 1879 possimus,
2430 1779 2596 1850 facit

459 1891 768 1963 Adriano
812 1895 992 1964 mari
1023 1892 1430 1980 Dolabella,
1471 1893 1841 1962 Fretensi‘*
1885 1891 2128 1961 Curio.

559 2000 828 2094 lnjecta
859 2017 1100 2072 autem
1131 2002 1311 2073 mihi
1345 2025 1511 2099 spes
1544 2000 1869 2096 quaedam
1916 2015 2058 2098 cst,
2094 2000 2274 2070 velle
2312 2020 2598 2068 mecum

460 2115 657 2180 SerV.
706 2113 1102 2210 Sulpicium
1157 2112 1500 2207 colloqui.
1551 2109 1661 2184 Ad
1706 2135 1872 2182 eum
1924 2113 2084 2182 misi
2132 2109 2595 2181 Philotimum

464 2227 807 2300 libertum
846 2256 1012 2302 cum
1057 2231 1304 2301 literis.
1341 2231 1415 2298 Si
1448 2231 1561 2298 vir
1598 2252 1750 2299 esse
1780 2228 1975 2299 volet
1997 2282 2015 2314 ,
2054 2210 2398 2324 praeclara'
2424 2255 2599 2296 συνο-

463 2339 659 2433 δία5;
731 2346 836 2413 sin
896 2356 1181 2427 autem,
1253 2344 1523 2409 erimus
1570 2362 1743 2425 nos,
1793 2339 1920 2435 qui
1973 2337 2307 2409 solemus.
2379 2338 2599 2407 Curio

464 2477 752 2529 mecum
781 2452 954 2520 vixit
981 2448 1036 2536 ⁶,
1083 2450 1318 2545 jacere
1348 2452 1693 2519 Caesarem
1729 2462 1990 2544 putans
2028 2446 2429 2518 offensione
2466 2473 2599 2546 po-

465 2566 742 2667 palari,
771 2558 1152 2655 Siciliaque
1183 2556 1554 2646 diffidens,
1584 2560 1646 2626 si
1674 2558 2061 2654 Pompeius
2097 2558 2429 2653 navigare
2456 2580 2598 2626 coe·

466 2678 708 2774 pisset.
731 2671 1082 2761 Quintum
1111 2692 1421 2766 puerum
1446 2670 1689 2763 accepi
1713 2666 2200 2738 vehementer.
2220 2667 2599 2740 Avaritiam

355 2832 369 2843 -
466 2784 679 2861 video
725 2780 978 2868 fuisse,
1025 2794 1097 2851 et
1135 2802 1338 2875 spem
1379 2778 1618 2873 magni
1670 2778 2031 2874 congiarii.
2079 2782 2427 2873 Magnum
2461 2775 2603 2847 hoc

469 2895 740 2966 malum
806 2905 914 2962 est
967 2917 982 2958 ε
1043 2888 1166 2959 sed
1221 2887 1452 2959 scelus
1516 2884 1736 2973 illud,
1798 2886 2000 2982 quod
2052 2890 2521 2977 timueramus
2548 2898 2602 2971 ⁷,

470 3027 683 3104 spero
729 3000 1011 3071 nullum
1052 2996 1293 3072 fuisse.
1330 3002 1484 3067 Hoc
1513 3009 1753 3065 autem
1786 2998 2076 3083 vitium,
2117 3010 2296 3093 puto
2339 3009 2409 3065 te
2454 2996 2602 3066 exi-

475 3119 762 3189 stimare
814 3124 964 3181 non
1009 3124 1257 3179 nostra
1300 3104 1749 3201 indulgentia
1775 3160 1794 3192 ‚
1836 3105 1961 3177 sed
1997 3131 2034 3175 a
2074 3120 2327 3175 natura
2365 3103 2602 3202 profe-

474 3243 672 3298 ctum
706 3251 720 3292 :
755 3244 974 3320 quem
1004 3235 1247 3289 tamen
1278 3240 1412 3286 nos
1438 3214 1814 3310 disciplina
1841 3219 2177 3312 regimus.
2208 3219 2317 3286 De
2348 3215 2606 3312 Oppiis

543 3458 596 3489 α.
628 3437 900 3487 Modestior
925 3450 1028 3501 rex.
1062 3432 1341 3495 Pompeius.
1365 3431 1414 3478 J.
1442 3432 1498 3475 F.
1585 3429 1981 3493 interpretatione
2007 3430 2321 3477 inculcatum.
2351 3430 2606 3479 Gnsvms.

473 3518 784 3574 Gronovius,
833 3517 946 3579 quia
994 3514 1046 3560 in
1087 3514 1210 3560 Mss
1249 3508 1498 3557 nonnullis
1659 3517 1707 3563 4.
1735 3508 1965 3556 Fretenst'.
2000 3514 2141 3557 Freto
2169 3508 2429 3557 Siciliensi.

476 3596 707 3658 seriptum
751 3603 822 3640 est
859 3591 1198 3646 admodesu'or,
1239 3586 1499 3650 legendum
1658 3588 1709 3635 5.
1740 3580 1958 3643 Συνοὸίσι.
1986 3586 2278 3635 Comitatus.
2302 3583 2495 3633 Sobata.
2514 3586 2610 3633 int.

476 3675 689 3733 conjecit
710 3684 758 3719 ee
779 3672 1052 3719 modestior.
1075 3672 1125 3717 J.
1146 3672 1206 3715 V.
1231 3670 1287 3716 L.
1587 3678 1888 3728 congressus.

548 3752 598 3798 3.
627 3748 779 3796 Simili
801 3750 1048 3811 oppidulo.
1077 3748 1193 3795 Non
1229 3744 1498 3809 spernenda
1662 3743 1711 3789 6.
1766 3745 1845 3790 An
1892 3741 2011 3800 fuit,
2054 3758 2130 3789 me
2184 3741 2385 3789 invisie.³·
2418 3743 2606 3790 Ernoet.

478 3840 550 3876 est
569 3830 804 3889 scriptura
820 3823 1004 3874 codicis
1020 3825 1209 3873 Balliol.
1228 3835 1275 3871 et
1295 3824 1498 3870 Helmst.
1592 3826 1800 3868 Frustra.
1824 3822 1872 3867 J.
1895 3822 1955 3867 V.
1983 3822 2039 3865 L.

482 3931 503 3951 ·
526 3919 608 3955 aut
637 3906 800 3967 aliquo
839 3905 891 3953 in
919 3906 1032 3953 loco
1066 3906 1165 3951 sive
1193 3901 1436 3967 oppidulo
1459 3922 1498 3949 ι.
1666 3917 1716 3959 7.
1775 3898 1921 3958 Quod
1976 3896 2301 3945 timueramus.
2364 3896 2441 3945 Ne
2500 3914 2611 3945 cum

477 3988 664 4033 Vereor
685 3996 842 4030 tamen
867 4002 927 4031 ne
951 3985 1234 4031 alterutrum
1259 3992 1341 4028 aut
1363 3982 1468 4028 Ioco
1483 4019 1498 4038 ,
1592 3980 1776 4027 Caesare
1801 3976 2034 4041 loquutus
2061 3986 2182 4021 esset
2208 3974 2270 4022 de
2299 3987 2467 4025 nostro
2482 3992 2612 4032 ,con-

477 4077 559 4112 aut
603 4062 830 4128 oppidulo
880 4064 941 4110 sit
993 4074 1276 4125 corruptum
1295 4097 1308 4120 ,
1349 4058 1412 4108 et'
1441 4076 1500 4106 ex
1593 4057 1701 4105 silio
1729 4055 1881 4105 Italiae
1908 4054 2251 4117 relinquendae.
2279 4056 2370 4118 Ep.
2394 4062 2442 4111 4.
2466 4056 2611 4103 Mn«.
