3019 4681
484 388 629 487 376
1126 392 1223 461 M.
1274 394 1352 461 T.
1406 392 1972 465 CICERONIS

483 512 810 609 loquitur
840 509 1053 601 nihil,
1085 513 1289 611 quod
1317 538 1758 612 quemquam
1785 513 2068 588 bonum
2095 512 2436 587 offendat.
2467 516 2607 588 Sed

484 606 635 694 haec
662 621 1031 696 hactenus.
1068 628 1181 695 Tu
1201 678 1221 711 ,
1264 648 1508 725 quaeso
1531 680 1552 715 ,
1582 624 1944 725 quidquid
1978 631 2151 699 novi
2189 626 2462 724 (multa
2488 652 2609 698 au-

481 745 629 803 tem
673 732 1058 833 exspecto)
1098 732 1408 807 scribere
1442 760 1538 807 ne
1576 737 1881 834 pigrere.
1914 741 1998 808 In
2037 734 2185 825 his,
2217 735 2308 808 de
2336 740 2550 808 Sexto
2571 732 2608 780 ⁶

482 845 747 915 satisne
822 859 1138 933 certum3
1197 846 1507 919 maxime
1572 860 1817 917 autem
1884 845 1976 918 de
2031 851 2254 917 Bruto
2309 860 2604 917 nostro:

479 949 571 1023 de
607 978 758 1051 quo
799 952 1095 1051 quidem
1135 954 1289 1043 ille,
1331 954 1423 1029 ad
1459 979 1682 1052 quem
1715 955 1990 1027 deverti
2012 1010 2032 1045 ,
2065 960 2412 1033 Gaesarem
2447 954 2607 1027 soli-

484 1076 640 1133 tum
687 1062 966 1151 dicere,
994 1092 1029 1129 α
1050 1064 1296 1161 Magni
1324 1061 1585 1153 refert,
1620 1063 1740 1136 hic
1772 1065 1949 1163 quid
1983 1066 2197 1136 velit:
2233 1064 2360 1135 sed
2391 1061 2608 1161 quid-

484 1172 662 1275 quid
699 1173 890 1261 volt,
934 1173 1137 1245 valde
1172 1172 1370 1245 volt⁷
1392 1200 1412 1263 ;
1436 1203 1473 1240 >2
1506 1172 1729 1272 idque
1773 1199 1941 1257 eum
1991 1173 2608 1261 animadvertisse,

484 1305 713 1379 quum
750 1306 886 1380 pro
915 1284 1261 1379 Dejotaro
1286 1286 1520 1357 Niceae
1541 1278 1573 1329 ⁸
1611 1283 1883 1356 diceret
1901 1296 1969 1372 93
1994 1282 2201 1355 valde
2231 1280 2614 1354 vehemen-

487 1405 599 1463 ter
628 1416 795 1463 eum
824 1396 1057 1465 visum
1096 1409 1169 1464 et
1203 1392 1428 1467 libere
1462 1394 1739 1483 dicere3
1779 1408 1998 1492 atque
2025 1395 2240 1465 etiam
2269 1392 2391 1489 (ut
2418 1392 2610 1467 enim

484 1502 848 1600 quidquid
892 1506 1279 1589 succurrit,
1320 1502 1501 1574 libet
1548 1502 1909 1601 scribere)
1961 1507 2329 1603 proxime,
2381 1524 2612 1601 quum

484 1614 705 1685 Sextii
750 1628 1006 1711 rogatu
1051 1613 1245 1711 apud
1287 1637 1455 1685 eum
1483 1623 1546 1659 ¹⁰
1598 1613 1892 1711 fuissem
1916 1668 1937 1704 ,
1975 1628 2614 1714 exspectaremque

485 1722 741 1795 sedens
762 1778 781 1812 ‚
821 1724 1065 1822 quoad
1099 1748 1419 1814 vocarer,
1458 1724 1718 1797 dixisse
1753 1750 1956 1815 eum,
1998 1754 2035 1791 <c
2056 1730 2207 1822 Ego
2244 1722 2612 1811 dubitem,

485 1836 667 1931 quin
718 1858 1005 1906 summo
1048 1816 1133 1905 iri
1170 1833 1342 1913 odio
1380 1837 1554 1924 sim,
1604 1860 1833 1934 quum
1884 1839 1984 1907 M.
2037 1839 2288 1909 Cicero
2337 1833 2613 1919 sedeat,

486 1969 621 2016 nec
682 1970 818 2015 suo
879 1944 1267 2017 commodo
1322 1970 1437 2017 me
1496 1949 1885 2017 convenire
1944 1944 2222 2043 possit?
2276 1943 2499 2041 Atqui
2555 1945 2614 2012 si

487 2056 872 2153 quisquam
933 2070 1041 2126 est
1101 2052 1371 2143 facilis,
1429 2055 1550 2127 hic
1607 2069 1765 2137 θεῖε,
1817 2070 2058 2139 tamen
2110 2080 2261 2126 non
2315 2052 2616 2141 dubito,

486 2168 669 2261 quin
717 2190 835 2237 me
883 2165 1067 2236 male
1117 2164 1429 2237 oderit».
1476 2170 1642 2237 Haec
1681 2180 1754 2238 et
1795 2164 2156 2262 ejusmodi
2197 2164 2444 2237 multa.
2478 2161 2616 2235 Sed

486 2273 594 2346 ad'
626 2276 1106 2375 propositum.
1161 2274 1538 2374 Quidquid
1589 2279 1725 2354 erit
1775 2302 1932 2350 non
1975 2276 2198 2366 modo
2233 2295 2615 2374 magnum,

486 2384 617 2457 sed
676 2388 892 2457 etiam
953 2410 1255 2484 parvum
1280 2440 1301 2476 ,
1361 2384 1650 2459 scribes.
1721 2387 2075 2487 Equidem
2141 2387 2321 2460 nihil
2389 2388 2615 2458 inter-

480 2495 782 2576 mittam,

555 2666 611 2715 6.
657 2667 733 2714 De
775 2666 947 2714 Sexto.
994 2665 1259 2730 Pompei03
1300 2681 1412 2726 eum
1456 2667 1507 2714 iu
1596 2667 1703 2724 uisz
1737 2683 1850 2720 mm
1886 2669 1975 2716 vix
2014 2679 2157 2734 putat
2192 2671 2397 2718 Brutum
2441 2669 2618 2718 Coenri

487 2745 631 2794 armis
651 2761 767 2793 esse.
792 2745 884 2808 Ep.
911 2752 942 2801 4
966 2756 1017 2793 et
1040 2746 1121 2793 13.
1143 2745 1341 2793 Pomm.
1597 2747 1796 2796 obvium
1818 2747 2134 2812 fuisseusque
2154 2747 2216 2796 ad
2244 2747 2446 2796 Nicenm
2471 2746 2615 2811 Ligu-

561 2842 610 2887 7.
636 2824 717 2872 sic
743 2823 883 2872 multi
905 2821 1050 2873 MSS.
1076 2819 1210 2883 Alii,
1234 2823 1376 2880 vult5
1398 2823 1509 2888 alii,
1596 2841 1720 2874 rum.
1748 2827 1842 2875 En.

486 2915 545 2956 ut
555 2905 755 2956 Iallem.
774 2919 805 2952 e
822 2903 948 2952 Mss
962 2903 1129 2966 regiis,
1146 2903 1294 2951 volet.
1317 2905 1349 2951 J
1353 2903 1433 2952 Ν.
1451 2907 1507 2956 1..
1667 2920 1716 2968 9.
1745 2904 1830 2954 Sic
1853 2903 2080 2969 Lougolii
2101 2903 2244 2962 liber,
2273 2903 2409 2968 quod
2433 2902 2616 2952 Ursino

556 2986 606 3032 8.
633 2983 818 3030 Nicea.
844 2983 960 3045 Quo
980 2981 1157 3032 caesari
1174 2981 1370 3030 obviam
1392 2997 1507 3046 pro·
1591 2984 1692 3044 jam
1714 2983 1957 3047 placebat.
1983 2985 2101 3032 Fero
2131 2997 2300 3031 omues
2324 2981 2438 3032 edd.
2467 2981 2616 3032 dixe-

484 3065 643 3113 foetu·
664 3061 860 3111 videtur
879 3077 957 3126 ep.
984 3062 1067 3120 37,
1093 3060 1181 3109 lib.
1209 3063 1355 3110 xm.
1383 3062 1507 3124 Quae
1595 3062 1675 3112 rie.
1691 3063 1744 3112 J.
1760 3065 1826 3113 V.
1849 3065 1910 3113 1..

485 3143 657 3192 civim
690 3143 743 3190 in
778 3141 1039 3206 Liguribus
1074 3140 1281 3205 ponitur
1314 3158 1343 3189 ι
1381 3139 1507 3188 Plin-
1671 3157 1753 3190 xo.
1779 3140 1934 3205 Apud
1953 3157 2085 3190 eum.
2112 3142 2280 3204 Quum
2297 3141 2360 3189 nd
2379 3141 2616 3190 Caesarem

484 3223 574 3276 lib.
610 3223 677 3286 V,
703 3237 751 3278 e,
781 3223 867 3270 32.
898 3222 1060 3271 Coun.
1090 3219 1322 3270 —Malit
1346 3231 1508 3268 tamen
1595 3221 1860 3283 venissem,
1894 3230 1951 3268 ut
1985 3220 2175 3286 agerem
2209 3236 2321 3269 cum
2358 3236 2419 3269 eo
2459 3219 2522 3268 de
2559 3219 2613 3270 Ρ.

482 3301 532 3354 J·
548 3302 615 3350 V.
636 3303 693 3354 L.
716 3300 987 3364 intelligente
1006 3300 1068 3349 de
1089 3299 1243 3350 Nicen
1261 3298 1315 3348 iu
1332 3299 1507 3364 Bythi-
1597 3301 1784 3350 SextiO.
1808 3302 1952 3351 Mu.
