3019 4681
617 361 1163 430 EPISTOLAE
1212 363 1347 429 AD
1398 361 2136 446 ATTICUM,XII,
2197 359 2302 430 18.
2408 359 2546 434 253

426 483 593 556 dem
625 507 803 554 curo
836 510 853 552 :
891 479 1017 554 sed
1043 497 1285 553 tamen
1315 483 1579 578 opinor
1613 495 1913 580 propter
1938 479 2214 580 praedes
2249 507 2418 556 suos
2443 509 2554 556 ac-

427 595 846 665 cucurrisse.
877 590 1096 682 Quod
1124 589 1409 681 scribiS,
1435 592 1845 662 Terentiam
1859 589 1948 661 de
1973 588 2558 687 obsignatoribus

424 705 572 773 mei
651 704 1071 772 testamenti
1125 700 1371 798 loqui,
1421 703 1736 798 primum
1797 699 1926 772 tibi
1994 699 2389 797 persuade,
2442 725 2558 772 me

426 813 617 883 istaec
669 836 817 882 non
863 835 1156 897 curare,
1207 834 1449 907 neque
1492 833 1647 881 esse
1687 807 2088 906 quidquam
2149 825 2274 881 aut
2325 835 2559 908 parvae

426 945 647 1007 curae,
682 934 813 1018 „aut
860 945 1061 990 novae
1123 920 1285 991 loci.
1344 918 1483 991 Sed
1537 935 1776 990 tamen
1820 919 1996 1016 quid
2039 919 2311 991 simile?
2353 920 2556 990 illam

430 1055 553 1102 eos
596 1055 747 1102 non
788 1028 1155 1117 adhibuit,
1196 1055 1383 1127 quos
1438 1031 1863 1101 existimavit
1902 1028 2368 1126 quaesituros,
2420 1031 2560 1102 nisi

429 1142 765 1228 scissent,
808 1140 983 1238 quid
1017 1155 1223 1212 esset.
1258 1143 1449 1211 Num
1480 1137 1556 1210 id
1587 1141 1800 1211 etiam
1836 1138 2016 1210 mihi
2043 1138 2346 1236 periculi
2379 1137 2561 1212 fuit?

427 1248 564 1322 Sed
602 1265 842 1322 tamen
887 1248 1101 1320 faciat
1140 1249 1291 1336 illa,
1326 1247 1532 1346 quod
1583 1273 1739 1347 ego.
1785 1247 1994 1321 Dabo
2051 1273 2297 1320 meum
2341 1263 2560 1322 testa-

429 1375 757 1432 mentum
802 1359 1195 1459 legendum
1233 1361 1351 1430 cui
1389 1359 1703 1430 voluerit
1747 1386 1763 1428 :
1804 1357 2198 1456 intelliget,
2243 1382 2393 1429 non
2436 1383 2565 1458 po-

428 1471 649 1540 tuisse
690 1467 1289 1542 honorificentius
1326 1494 1367 1540 a
1410 1492 1528 1539 me
1567 1466 1724 1541 fieri
1777 1468 1868 1540 de
1923 1483 2189 1566 nepote
2211 1477 2306 1557 ¹¹,
2343 1493 2562 1566 quam

434 1577 749 1651 fecerim.
784 1581 965 1652 Nam
994 1578 1195 1676 quod
1230 1604 1377 1650 non
1410 1578 1750 1650 advocavi
1775 1589 1836 1622 ¹²
1876 1576 1964 1649 ad
1984 1576 2520 1676 obsignandum
2543 1633 2563 1664 ,

428 1688 747 1786 p'rimum
776 1688 955 1758 mihi
983 1713 1133 1759 non
1167 1689 1466 1758 venitin
1492 1704 1854 1775 mentem;
1892 1686 2156 1759 deinde
2186 1713 2270 1759 ea
2295 1713 2376 1759 re
2409 1712 2562 1758 non

432 1798 669 1885 ve'nit,
704 1799 871 1893 quia
910 1798 1095 1868 nihil
1130 1799 1443 1869 attinuit.
1487 1801 1670 1868 Tute
1709 1800 1846 1868 scis
1887 1797 1999 1892 (si
2037 1795 2263 1867 modo
2305 1801 2562 1868 memi-

428 1907 689 2004 nisti),
725 1931 842 1979 me
880 1906 1013 1979 tibi
1058 1923 1211 1979 tum
1250 1908 1548 1996 dixisse,
1578 1923 1661 1979 ut
1694 1907 1784 1978 de
1824 1911 1966 1979 tuis
2007 1905 2288 2004 aliquos
2331 1905 2559 1977 addu-

429 2041 648 2091 ceres.
672 2018 867 2107 Quid
898 2019 1092 2089 enim
1119 2041 1307 2117 opus
1335 2032 1487 2090 erat
1517 2018 1811 2089 multis?
1840 2015 2178 2115 equidem
2218 2015 2562 2089 domesti-

430 2150 553 2198 cos
566 2128 943 2224 jusseram.
964 2131 1145 2199 Tum
1167 2127 1300 2200 tibi
1332 2117 1636 2226 placuit,
1656 2143 1739 2198 ut
1767 2131 2128 2199 mitterem
2156 2126 2246 2197 ad
2275 2125 2562 2220 Silium3

428 2237 598 2309 inde
635 2252 745 2309 est
786 2253 1077 2326 natum,
1120 2253 1201 2310 ut
1252 2239 1341 2310 ad
1390 2237 1782 2310 Publilium
1822 2265 1837 2308 :
1873 2237 1999 2309 sed
2047 2260 2342 2309 necesse
2382 2262 2562 2309 neu-

432 2362 626 2421 trum
654 2347 815 2420 fuit.
848 2356 1000 2421 Hoc
1032 2364 1115 2421 tu
1145 2348 1518 2452 tractabis,
1545 2363 1628 2422 ut
1655 2348 1788 2421 tibi
1814 2349 2119 2450 videtur.

508 2540 586 2573 πο.
608 2526 799 2575 Ernest-
826 2526 988 2574 mallet
1014 2525 1139 2590 ipsa.
1168 2528 1378 2576 Frustra.
1539 2541 1673 2574 mum
1696 2526 1936 2574 honorem
1973 2524 2214 2575 habuerat
2228 2558 2245 2583 ‚
2271 2523 2408 2589 quod
2449 2540 2558 2572 eum

508 2622 528 2652 1
543 2620 590 2653 1.
617 2607 692 2652 De
727 2617 917 2670 nepote.
964 2608 1040 2654 De
1086 2604 1297 2653 Lentulo
1342 2602 1450 2653 filio
1539 2604 1763 2653 heredem
1787 2605 1948 2669 aliqua
1971 2620 2034 2653 ex
2054 2614 2192 2668 parte
2212 2604 2489 2653 institueret
2505 2604 2560 2651 in

430 2682 698 2733 Dolabellae
722 2697 773 2733 et
808 2684 980 2733 Tullia
999 2719 1015 2743 ,
1044 2684 1105 2733 de
1129 2700 1229 2748 quo
1248 2683 1318 2731 sic
1349 2684 1452 2748 epi·
1539 2684 1712 2748 ιιι-ἰωὴ
1738 2684 1916 2732 tabulis
1934 2719 1950 2743 ‚
1973 2694 2058 2731 aut
2079 2694 2208 2732 certe
2237 2682 2292 2731 in
2315 2685 2410 2731 ima
2430 2700 2555 2732 cera.

430 2764 559 2813 stola
579 2767 647 2813 26
674 2766 821 2827 hujus
843 2764 957 2812 libri
988 2780 1001 2811 =
1032 2766 1135 2813 «Et
1163 2764 1307 2813 velim
1359 2764 1451 2811 ali·
1541 2764 1743 2811 Bosms.

431 2844 655 2906 quando,
680 2860 831 2908 quum
848 2845 941 2892 erit
956 2854 1095 2894 tuum
1109 2840 1449 2901 commodum,
1617 2856 1697 2889 ια.
1737 2840 1888 2906 Quod
1929 2856 2026 2889 non
2065 2840 2316 2889 advocan'.
2362 2830 2566 2890 Amicos

432 2922 692 2970 lentulum
734 2938 937 2986 puerum
980 2924 1105 2971 visu
1137 2956 1153 2981 ,
1206 2922 1347 2987 eique
1392 2920 1453 2969 de
1543 2932 1593 2969 et
1619 2932 1818 2969 ornatos
1838 2921 1969 2967 viros
2000 2935 2013 2969 :
2040 2920 2125 2969 sed
2150 2920 2428 2969 domesticis
2451 2935 2564 2967 con-

431 2999 687 3065 mancipiis
717 3017 827 3065 qnoe
866 3002 957 3050 tihi
1004 2999 1252 3051 videbitur
1267 3034 1285 3061 ,
1313 3000 1455 3049 «ιω-ἰ-
1548 3010 1709 3048 tentus
1727 3000 1800 3047 fui
1818 3009 1992 3064 praeter
2017 2998 2189 3048 smum
2215 3009 2264 3049 et
2283 2998 2563 3048 Publilium.

436 3077 557 3128 bun
578 3100 622 3127 n.
639 3080 866 3129 Ceterum
883 3080 929 3129 ei
956 3094 1108 3145 puero
1134 3080 1310 3130 Cicero
1329 3094 1459 3126 sum-
1549 3078 1606 3128 J.
1629 3082 1687 3127 F.
1718 3080 1955 3128 Gnoaov.
