<?xml version="1.0" encoding="UTF-8"?>
<!DOCTYPE html PUBLIC "-//W3C//DTD XHTML 1.0 Transitional//EN"
    "http://www.w3.org/TR/xhtml1/DTD/xhtml1-transitional.dtd">
<html xmlns="http://www.w3.org/1999/xhtml" xml:lang="en" lang="en">
 <head>
  <title>
</title>
<meta http-equiv="Content-Type" content="text/html;charset=utf-8" />
  <meta name='ocr-system' content='tesseract 3.04.00' />
  <meta name='ocr-capabilities' content='ocr_page ocr_carea ocr_par ocr_line ocrx_word'/>
</head>
<body>
  <div class='ocr_page' id='page_1' title='image "./mtciceronisquae04lemagoog_0658.png"; bbox 0 0 3019 4681; ppageno 0'>
   <div class='ocr_carea' id='block_1_1' title="bbox 549 352 2337 440">
    <p class='ocr_par' dir='ltr' id='par_1_1' title="bbox 549 352 2337 440">
     <span class='ocr_line' id='line_1_1' title="bbox 549 352 2337 440; baseline -0.006 -11"><span class='ocrx_word' id='word_1_1' title='bbox 549 352 690 430; x_wconf 77' lang='lat'>652</span> <span class='ocrx_word' id='word_1_2' title='bbox 901 353 1419 425; x_wconf 87' lang='lat' dir='ltr'><strong>EPISTOLAE</strong></span> <span class='ocrx_word' id='word_1_3' title='bbox 1469 353 1655 422; x_wconf 88' lang='lat' dir='ltr'><strong>CIC.</strong></span> <span class='ocrx_word' id='word_1_4' title='bbox 1710 353 1834 421; x_wconf 92' lang='lat' dir='ltr'>ET</span> <span class='ocrx_word' id='word_1_5' title='bbox 1882 353 2226 440; x_wconf 89' lang='lat' dir='ltr'>BRUTI,</span> <span class='ocrx_word' id='word_1_6' title='bbox 2272 377 2337 420; x_wconf 80' lang='lat' dir='ltr'>a.</span> 
     </span>
    </p>
   </div>
   <div class='ocr_carea' id='block_1_2' title="bbox 1656 560 2023 580">
    <p class='ocr_par' dir='ltr' id='par_1_2' title="bbox 1656 560 2023 580">
     <span class='ocr_line' id='line_1_2' title="bbox 1656 560 2023 580; baseline 0 4101"><span class='ocrx_word' id='word_1_7' title='bbox 1656 560 2023 580; x_wconf 95' lang='lat' dir='ltr'> </span> 
     </span>
    </p>
   </div>
   <div class='ocr_carea' id='block_1_3' title="bbox 547 558 2721 596">
    <p class='ocr_par' dir='ltr' id='par_1_3' title="bbox 547 558 2721 596">
     <span class='ocr_line' id='line_1_3' title="bbox 547 558 2721 596; baseline -0.003 -10"><span class='ocrx_word' id='word_1_8' title='bbox 547 559 1655 596; x_wconf 45' lang='lat' dir='ltr'>*mmmmm-mmm</span> <span class='ocrx_word' id='word_1_9' title='bbox 2024 558 2585 580; x_wconf 56' lang='lat' dir='ltr'>mmmmm</span> <span class='ocrx_word' id='word_1_10' title='bbox 2616 559 2721 580; x_wconf 62' lang='lat' dir='ltr'>m</span> 
     </span>
    </p>
   </div>
   <div class='ocr_carea' id='block_1_4' title="bbox 1231 739 2010 822">
    <p class='ocr_par' dir='ltr' id='par_1_4' title="bbox 1231 739 2010 822">
     <span class='ocr_line' id='line_1_4' title="bbox 1231 739 2010 822; baseline -0.001 -1"><span class='ocrx_word' id='word_1_11' title='bbox 1231 739 1833 822; x_wconf 91' lang='lat' dir='ltr'><strong>EPISTOLA</strong></span> <span class='ocrx_word' id='word_1_12' title='bbox 1899 741 2010 820; x_wconf 95' lang='lat' dir='ltr'>II.</span> 
     </span>
    </p>
   </div>
   <div class='ocr_carea' id='block_1_5' title="bbox 547 897 2709 1365">
    <p class='ocr_par' dir='ltr' id='par_1_5' title="bbox 547 897 2709 1365">
     <span class='ocr_line' id='line_1_5' title="bbox 547 897 2709 986; baseline -0.004 -19"><span class='ocrx_word' id='word_1_13' title='bbox 547 903 889 986; x_wconf 74' lang='lat' dir='ltr'>Respondet</span> <span class='ocrx_word' id='word_1_14' title='bbox 910 902 1170 983; x_wconf 66' lang='lat' dir='ltr'>epistolae</span> <span class='ocrx_word' id='word_1_15' title='bbox 1200 900 1274 960; x_wconf 89' lang='lat' dir='ltr'>de</span> <span class='ocrx_word' id='word_1_16' title='bbox 1300 899 1641 960; x_wconf 84' lang='lat' dir='ltr'>cohortibus</span> <span class='ocrx_word' id='word_1_17' title='bbox 1662 899 1921 978; x_wconf 88' lang='lat' dir='ltr'>quinque</span> <span class='ocrx_word' id='word_1_18' title='bbox 1948 919 1985 958; x_wconf 87' lang='lat' dir='ltr'>a</span> <span class='ocrx_word' id='word_1_19' title='bbox 2006 897 2361 958; x_wconf 81' lang='lat' dir='ltr'><strong>Dolabella</strong></span> <span class='ocrx_word' id='word_1_20' title='bbox 2345 917 2407 957; x_wconf 78' lang='lat' dir='ltr'>in</span> <span class='ocrx_word' id='word_1_21' title='bbox 2436 897 2709 958; x_wconf 87' lang='lat' dir='ltr'>Cherro-</span> 
     </span>
     <span class='ocr_line' id='line_1_6' title="bbox 627 995 2705 1076; baseline -0.004 -13"><span class='ocrx_word' id='word_1_22' title='bbox 627 1022 834 1063; x_wconf 87' lang='lat' dir='ltr'>nesum</span> <span class='ocrx_word' id='word_1_23' title='bbox 868 999 1085 1068; x_wconf 83' lang='lat' dir='ltr'>missis,</span> <span class='ocrx_word' id='word_1_24' title='bbox 1121 998 1363 1076; x_wconf 78' lang='lat' dir='ltr'>ejusque</span> <span class='ocrx_word' id='word_1_25' title='bbox 1404 997 1757 1058; x_wconf 86' lang='lat' dir='ltr'>dementiam</span> <span class='ocrx_word' id='word_1_26' title='bbox 1793 997 2066 1067; x_wconf 79' lang='lat' dir='ltr'>miratur,</span> <span class='ocrx_word' id='word_1_27' title='bbox 2100 1009 2165 1054; x_wconf 85' lang='lat' dir='ltr'>et</span> <span class='ocrx_word' id='word_1_28' title='bbox 2198 995 2363 1055; x_wconf 83' lang='lat' dir='ltr'>Bruti</span> <span class='ocrx_word' id='word_1_29' title='bbox 2390 995 2705 1054; x_wconf 87' lang='lat' dir='ltr'>consilium</span> 
     </span>
     <span class='ocr_line' id='line_1_7' title="bbox 631 1089 2705 1174; baseline -0.004 -16"><span class='ocrx_word' id='word_1_30' title='bbox 631 1099 708 1158; x_wconf 85' lang='lat' dir='ltr'>de</span> <span class='ocrx_word' id='word_1_31' title='bbox 747 1117 820 1156; x_wconf 93' lang='lat' dir='ltr'>eo</span> <span class='ocrx_word' id='word_1_32' title='bbox 848 1093 1252 1174; x_wconf 84' lang='lat' dir='ltr'>persequendo</span> <span class='ocrx_word' id='word_1_33' title='bbox 1281 1094 1520 1152; x_wconf 84' lang='lat' dir='ltr'>laudat:</span> <span class='ocrx_word' id='word_1_34' title='bbox 1564 1094 1623 1150; x_wconf 91' lang='lat' dir='ltr'>in</span> <span class='ocrx_word' id='word_1_35' title='bbox 1651 1091 1953 1156; x_wconf 73' lang='lat' dir='ltr'>seditionis</span> <span class='ocrx_word' id='word_1_36' title='bbox 1981 1090 2317 1150; x_wconf 88' lang='lat' dir='ltr'>auctoribus</span> <span class='ocrx_word' id='word_1_37' title='bbox 2340 1089 2705 1153; x_wconf 85' lang='lat' dir='ltr'>dimittendis</span> 
     </span>
     <span class='ocr_line' id='line_1_8' title="bbox 633 1188 2705 1267; baseline -0.004 -14"><span class='ocrx_word' id='word_1_38' title='bbox 633 1193 997 1254; x_wconf 88' lang='lat' dir='ltr'>clementiam</span> <span class='ocrx_word' id='word_1_39' title='bbox 1022 1191 1188 1249; x_wconf 85' lang='lat' dir='ltr'>Bruti</span> <span class='ocrx_word' id='word_1_40' title='bbox 1228 1189 1640 1267; x_wconf 80' lang='lat' dir='ltr'>reprehendit,</span> <span class='ocrx_word' id='word_1_41' title='bbox 1681 1202 1741 1247; x_wconf 89' lang='lat' dir='ltr'>et</span> <span class='ocrx_word' id='word_1_42' title='bbox 1772 1209 1905 1248; x_wconf 86' lang='lat' dir='ltr'>suas</span> <span class='ocrx_word' id='word_1_43' title='bbox 1938 1189 2000 1248; x_wconf 90' lang='lat' dir='ltr'>in</span> <span class='ocrx_word' id='word_1_44' title='bbox 2036 1189 2357 1247; x_wconf 80' lang='lat' dir='ltr'>Antonium</span> <span class='ocrx_word' id='word_1_45' title='bbox 2383 1188 2705 1248; x_wconf 83' lang='lat' dir='ltr'>invectivas</span> 
     </span>
     <span class='ocr_line' id='line_1_9' title="bbox 638 1283 2223 1365; baseline -0.003 -17"><span class='ocrx_word' id='word_1_46' title='bbox 638 1288 918 1350; x_wconf 81' lang='lat' dir='ltr'>defendit.</span> <span class='ocrx_word' id='word_1_47' title='bbox 941 1293 1190 1362; x_wconf 63' lang='lat' dir='ltr'>(Romae,</span> <span class='ocrx_word' id='word_1_48' title='bbox 1221 1304 1374 1345; x_wconf 89' lang='lat' dir='ltr'>anno</span> <span class='ocrx_word' id='word_1_49' title='bbox 1416 1289 1492 1345; x_wconf 89' lang='lat' dir='ltr'>U.</span> <span class='ocrx_word' id='word_1_50' title='bbox 1520 1290 1584 1344; x_wconf 92' lang='lat' dir='ltr'>C.</span> <span class='ocrx_word' id='word_1_51' title='bbox 1614 1305 1762 1364; x_wconf 88' lang='lat'><strong>709,</strong></span> <span class='ocrx_word' id='word_1_52' title='bbox 1790 1304 1984 1344; x_wconf 86' lang='lat' dir='ltr'>mense</span> <span class='ocrx_word' id='word_1_53' title='bbox 2009 1283 2223 1365; x_wconf 82' lang='lat' dir='ltr'>aprili.)</span> 
     </span>
    </p>
   </div>
   <div class='ocr_carea' id='block_1_6' title="bbox 1239 1405 1999 1518">
    <p class='ocr_par' dir='ltr' id='par_1_6' title="bbox 1239 1405 1999 1518">
     <span class='ocr_line' id='line_1_10' title="bbox 1239 1405 1999 1518; baseline -0.004 0"><span class='ocrx_word' id='word_1_54' title='bbox 1239 1405 1551 1518; x_wconf 63' lang='lat' dir='ltr'>emeno</span> <span class='ocrx_word' id='word_1_55' title='bbox 1598 1449 1886 1518; x_wconf 74' lang='lat' dir='ltr'>BRUTO</span> <span class='ocrx_word' id='word_1_56' title='bbox 1934 1451 1999 1516; x_wconf 80' lang='lat' dir='ltr'>s,</span> 
     </span>
    </p>
   </div>
   <div class='ocr_carea' id='block_1_7' title="bbox 564 1584 2707 3115">
    <p class='ocr_par' dir='ltr' id='par_1_7' title="bbox 564 1584 2707 3115">
     <span class='ocr_line' id='line_1_11' title="bbox 661 1584 2704 1684; baseline -0.003 -22"><span class='ocrx_word' id='word_1_57' title='bbox 661 1592 961 1665; x_wconf 71' lang='lat' dir='ltr'>Scmrn</span> <span class='ocrx_word' id='word_1_58' title='bbox 998 1601 1070 1658; x_wconf 87' lang='lat' dir='ltr'>et</span> <span class='ocrx_word' id='word_1_59' title='bbox 1101 1584 1473 1684; x_wconf 86' lang='lat' dir='ltr'>obsignata</span> <span class='ocrx_word' id='word_1_60' title='bbox 1504 1584 1656 1680; x_wconf 86' lang='lat' dir='ltr'>jam</span> <span class='ocrx_word' id='word_1_61' title='bbox 1692 1584 1997 1682; x_wconf 89' lang='lat' dir='ltr'>epistola</span> <span class='ocrx_word' id='word_1_62' title='bbox 2016 1639 2035 1671; x_wconf 91' lang='lat'>,</span> <span class='ocrx_word' id='word_1_63' title='bbox 2076 1585 2295 1656; x_wconf 84' lang='lat' dir='ltr'>literae</span> <span class='ocrx_word' id='word_1_64' title='bbox 2324 1584 2505 1656; x_wconf 84' lang='lat' dir='ltr'>mihi</span> <span class='ocrx_word' id='word_1_65' title='bbox 2534 1585 2704 1656; x_wconf 86' lang='lat' dir='ltr'>red-</span> 
     </span>
     <span class='ocr_line' id='line_1_12' title="bbox 565 1694 2703 1793; baseline -0.002 -22"><span class='ocrx_word' id='word_1_66' title='bbox 565 1700 728 1771; x_wconf 76' lang='lat' dir='ltr'>ditae</span> <span class='ocrx_word' id='word_1_67' title='bbox 775 1712 944 1772; x_wconf 89' lang='lat' dir='ltr'>sunt</span> <span class='ocrx_word' id='word_1_68' title='bbox 988 1722 1031 1769; x_wconf 88' lang='lat' dir='ltr'>a</span> <span class='ocrx_word' id='word_1_69' title='bbox 1076 1710 1185 1785; x_wconf 86' lang='lat' dir='ltr'>te,</span> <span class='ocrx_word' id='word_1_70' title='bbox 1229 1694 1462 1793; x_wconf 84' lang='lat' dir='ltr'>plenae</span> <span class='ocrx_word' id='word_1_71' title='bbox 1516 1719 1761 1766; x_wconf 87' lang='lat' dir='ltr'>rerum</span> <span class='ocrx_word' id='word_1_72' title='bbox 1806 1719 2198 1784; x_wconf 82' lang='lat' dir='ltr'>novarum3</span> <span class='ocrx_word' id='word_1_73' title='bbox 2242 1698 2703 1792; x_wconf 82' lang='lat' dir='ltr'>maximeque</span> 
     </span>
     <span class='ocr_line' id='line_1_13' title="bbox 564 1805 2703 1903; baseline -0.003 -21"><span class='ocrx_word' id='word_1_74' title='bbox 564 1809 892 1882; x_wconf 88' lang='lat' dir='ltr'>mirabile</span> <span class='ocrx_word' id='word_1_75' title='bbox 915 1820 970 1896; x_wconf 81' lang='lat'>¹,</span> <span class='ocrx_word' id='word_1_76' title='bbox 1020 1805 1468 1879; x_wconf 87' lang='lat' dir='ltr'><strong>Dolabellam</strong></span> <span class='ocrx_word' id='word_1_77' title='bbox 1530 1808 1858 1903; x_wconf 89' lang='lat' dir='ltr'>quinque</span> <span class='ocrx_word' id='word_1_78' title='bbox 1910 1806 2247 1877; x_wconf 89' lang='lat' dir='ltr'>cohortes</span> <span class='ocrx_word' id='word_1_79' title='bbox 2301 1807 2575 1878; x_wconf 85' lang='lat' dir='ltr'>misisse</span> <span class='ocrx_word' id='word_1_80' title='bbox 2624 1807 2703 1876; x_wconf 90' lang='lat' dir='ltr'>in</span> 
     </span>
     <span class='ocr_line' id='line_1_14' title="bbox 565 1914 2705 2013; baseline -0.003 -21"><span class='ocrx_word' id='word_1_81' title='bbox 565 1920 1130 1992; x_wconf 82' lang='lat' dir='ltr'>Cherronesum.</span> <span class='ocrx_word' id='word_1_82' title='bbox 1173 1914 1472 1987; x_wconf 87' lang='lat' dir='ltr'>Adeone</span> <span class='ocrx_word' id='word_1_83' title='bbox 1509 1915 1737 2012; x_wconf 90' lang='lat' dir='ltr'>copiis</span> <span class='ocrx_word' id='word_1_84' title='bbox 1771 1914 2133 2005; x_wconf 87' lang='lat' dir='ltr'>abundat,</span> <span class='ocrx_word' id='word_1_85' title='bbox 2170 1929 2253 1986; x_wconf 92' lang='lat' dir='ltr'>ut</span> <span class='ocrx_word' id='word_1_86' title='bbox 2298 1919 2393 2006; x_wconf 88' lang='lat' dir='ltr'>is,</span> <span class='ocrx_word' id='word_1_87' title='bbox 2437 1921 2569 2013; x_wconf 90' lang='lat' dir='ltr'>qui</span> <span class='ocrx_word' id='word_1_88' title='bbox 2610 1940 2705 1988; x_wconf 85' lang='lat' dir='ltr'>ex</span> 
     </span>
     <span class='ocr_line' id='line_1_15' title="bbox 565 2025 2705 2125; baseline -0.003 -24"><span class='ocrx_word' id='word_1_89' title='bbox 565 2033 734 2102; x_wconf 81' lang='lat' dir='ltr'>Asia</span> <span class='ocrx_word' id='word_1_90' title='bbox 774 2027 1066 2125; x_wconf 80' lang='lat' dir='ltr'>fugere²</span> <span class='ocrx_word' id='word_1_91' title='bbox 1121 2025 1521 2115; x_wconf 87' lang='lat' dir='ltr'>dicebatur,</span> <span class='ocrx_word' id='word_1_92' title='bbox 1564 2030 1929 2124; x_wconf 86' lang='lat' dir='ltr'>Europam</span> <span class='ocrx_word' id='word_1_93' title='bbox 1970 2040 2312 2124; x_wconf 87' lang='lat' dir='ltr'>appetere</span> <span class='ocrx_word' id='word_1_94' title='bbox 2346 2027 2705 2098; x_wconf 83' lang='lat' dir='ltr'>conetur?</span> 
     </span>
     <span class='ocr_line' id='line_1_16' title="bbox 569 2125 2705 2237; baseline -0.002 -26"><span class='ocrx_word' id='word_1_95' title='bbox 569 2141 916 2237; x_wconf 87' lang='lat' dir='ltr'>Quinque</span> <span class='ocrx_word' id='word_1_96' title='bbox 963 2153 1201 2210; x_wconf 87' lang='lat' dir='ltr'>autem</span> <span class='ocrx_word' id='word_1_97' title='bbox 1253 2125 1676 2208; x_wconf 73' lang='lat' dir='ltr'>cohortibus</span> <span class='ocrx_word' id='word_1_98' title='bbox 1726 2135 1909 2235; x_wconf 85' lang='lat' dir='ltr'>quid</span> <span class='ocrx_word' id='word_1_99' title='bbox 1952 2161 2027 2208; x_wconf 91' lang='lat' dir='ltr'>se</span> <span class='ocrx_word' id='word_1_100' title='bbox 2076 2133 2291 2207; x_wconf 77' lang='lat' dir='ltr'>nam3</span> <span class='ocrx_word' id='word_1_101' title='bbox 2336 2135 2705 2208; x_wconf 84' lang='lat' dir='ltr'>facturum</span> 
     </span>
     <span class='ocr_line' id='line_1_17' title="bbox 569 2246 2705 2346; baseline -0.001 -27"><span class='ocrx_word' id='word_1_102' title='bbox 569 2247 954 2319; x_wconf 84' lang='lat' dir='ltr'>arbitratus</span> <span class='ocrx_word' id='word_1_103' title='bbox 998 2262 1141 2335; x_wconf 88' lang='lat' dir='ltr'>est,</span> <span class='ocrx_word' id='word_1_104' title='bbox 1183 2270 1411 2346; x_wconf 90' lang='lat' dir='ltr'>quum</span> <span class='ocrx_word' id='word_1_105' title='bbox 1455 2260 1537 2317; x_wconf 90' lang='lat' dir='ltr'>tu</span> <span class='ocrx_word' id='word_1_106' title='bbox 1579 2249 1711 2317; x_wconf 74' lang='lat' dir='ltr'>eo&#39;*</span> <span class='ocrx_word' id='word_1_107' title='bbox 1752 2248 2080 2345; x_wconf 88' lang='lat' dir='ltr'>quinque</span> <span class='ocrx_word' id='word_1_108' title='bbox 2117 2246 2468 2345; x_wconf 87' lang='lat' dir='ltr'>legiones,</span> <span class='ocrx_word' id='word_1_109' title='bbox 2512 2249 2705 2345; x_wconf 88' lang='lat' dir='ltr'>opti-</span> 
     </span>
     <span class='ocr_line' id='line_1_18' title="bbox 569 2355 2704 2457; baseline -0.002 -26"><span class='ocrx_word' id='word_1_110' title='bbox 569 2382 774 2431; x_wconf 88' lang='lat' dir='ltr'>mum</span> <span class='ocrx_word' id='word_1_111' title='bbox 803 2358 1207 2457; x_wconf 89' lang='lat' dir='ltr'>equitatum</span> <span class='ocrx_word' id='word_1_112' title='bbox 1229 2412 1249 2447; x_wconf 92' lang='lat'>,</span> <span class='ocrx_word' id='word_1_113' title='bbox 1285 2358 1593 2429; x_wconf 85' lang='lat' dir='ltr'>maxima</span> <span class='ocrx_word' id='word_1_114' title='bbox 1632 2358 1895 2429; x_wconf 84' lang='lat' dir='ltr'>auxilia</span> <span class='ocrx_word' id='word_1_115' title='bbox 1932 2355 2285 2428; x_wconf 79' lang='lat' dir='ltr'>haberes?</span> <span class='ocrx_word' id='word_1_116' title='bbox 2320 2382 2501 2455; x_wconf 89' lang='lat' dir='ltr'>quas</span> <span class='ocrx_word' id='word_1_117' title='bbox 2540 2358 2704 2455; x_wconf 86' lang='lat' dir='ltr'>qui·-</span> 
     </span>
     <span class='ocr_line' id='line_1_19' title="bbox 571 2466 2705 2567; baseline -0.001 -28"><span class='ocrx_word' id='word_1_118' title='bbox 571 2468 740 2541; x_wconf 91' lang='lat' dir='ltr'>dem</span> <span class='ocrx_word' id='word_1_119' title='bbox 802 2468 1142 2541; x_wconf 82' lang='lat' dir='ltr'>cohortes</span> <span class='ocrx_word' id='word_1_120' title='bbox 1191 2492 1405 2567; x_wconf 86' lang='lat' dir='ltr'>spero</span> <span class='ocrx_word' id='word_1_121' title='bbox 1440 2468 1592 2563; x_wconf 85' lang='lat' dir='ltr'>jam</span> <span class='ocrx_word' id='word_1_122' title='bbox 1648 2482 1807 2540; x_wconf 86' lang='lat' dir='ltr'>tuas</span> <span class='ocrx_word' id='word_1_123' title='bbox 1860 2490 2047 2556; x_wconf 84' lang='lat' dir='ltr'>esse,</span> <span class='ocrx_word' id='word_1_124' title='bbox 2110 2469 2455 2565; x_wconf 82' lang='lat' dir='ltr'>quoniam</span> <span class='ocrx_word' id='word_1_125' title='bbox 2514 2466 2705 2537; x_wconf 77' lang='lat' dir='ltr'>latro</span> 
     </span>
     <span class='ocr_line' id='line_1_20' title="bbox 570 2575 2707 2665; baseline -0.001 -16"><span class='ocrx_word' id='word_1_126' title='bbox 570 2578 692 2650; x_wconf 90' lang='lat' dir='ltr'>ille</span> <span class='ocrx_word' id='word_1_127' title='bbox 719 2593 868 2649; x_wconf 88' lang='lat' dir='ltr'>tam</span> <span class='ocrx_word' id='word_1_128' title='bbox 891 2576 1027 2665; x_wconf 78' lang='lat' dir='ltr'>fuit</span> <span class='ocrx_word' id='word_1_129' title='bbox 1053 2578 1376 2650; x_wconf 79' lang='lat' dir='ltr'>demenS.</span> <span class='ocrx_word' id='word_1_130' title='bbox 1410 2582 1501 2649; x_wconf 90' lang='lat' dir='ltr'>Et</span> <span class='ocrx_word' id='word_1_131' title='bbox 1520 2575 1549 2623; x_wconf 84' lang='lat'><strong>⁵</strong></span> <span class='ocrx_word' id='word_1_132' title='bbox 1587 2593 1799 2650; x_wconf 89' lang='lat' dir='ltr'>tuum</span> <span class='ocrx_word' id='word_1_133' title='bbox 1826 2578 2207 2650; x_wconf 87' lang='lat' dir='ltr'>consilium</span> <span class='ocrx_word' id='word_1_134' title='bbox 2234 2576 2707 2649; x_wconf 81' lang='lat' dir='ltr'>vehementer</span> 
     </span>
     <span class='ocr_line' id='line_1_21' title="bbox 571 2686 2705 2787; baseline -0.001 -27"><span class='ocrx_word' id='word_1_135' title='bbox 571 2686 789 2760; x_wconf 87' lang='lat' dir='ltr'>laudo</span> <span class='ocrx_word' id='word_1_136' title='bbox 809 2741 830 2776; x_wconf 95' lang='lat'>,</span> <span class='ocrx_word' id='word_1_137' title='bbox 868 2686 1070 2786; x_wconf 91' lang='lat' dir='ltr'>quod</span> <span class='ocrx_word' id='word_1_138' title='bbox 1098 2712 1251 2759; x_wconf 85' lang='lat' dir='ltr'>non</span> <span class='ocrx_word' id='word_1_139' title='bbox 1280 2691 1482 2787; x_wconf 89' lang='lat' dir='ltr'>prius</span> <span class='ocrx_word' id='word_1_140' title='bbox 1514 2690 1901 2761; x_wconf 87' lang='lat' dir='ltr'>exercitum</span> <span class='ocrx_word' id='word_1_141' title='bbox 1930 2688 2310 2787; x_wconf 86' lang='lat' dir='ltr'>Apollonia</span> <span class='ocrx_word' id='word_1_142' title='bbox 2334 2742 2354 2777; x_wconf 89' lang='lat'>,</span> <span class='ocrx_word' id='word_1_143' title='bbox 2381 2688 2705 2785; x_wconf 84' lang='lat' dir='ltr'>Dyrrha·-</span> 
     </span>
     <span class='ocr_line' id='line_1_22' title="bbox 570 2797 2707 2896; baseline -0.001 -27"><span class='ocrx_word' id='word_1_144' title='bbox 570 2799 883 2896; x_wconf 87' lang='lat' dir='ltr'>chioque</span> <span class='ocrx_word' id='word_1_145' title='bbox 907 2798 1195 2869; x_wconf 84' lang='lat' dir='ltr'>movisti</span> <span class='ocrx_word' id='word_1_146' title='bbox 1211 2851 1231 2886; x_wconf 92' lang='lat'>,</span> <span class='ocrx_word' id='word_1_147' title='bbox 1269 2824 1490 2895; x_wconf 86' lang='lat' dir='ltr'>quam</span> <span class='ocrx_word' id='word_1_148' title='bbox 1522 2798 1613 2871; x_wconf 89' lang='lat' dir='ltr'>de</span> <span class='ocrx_word' id='word_1_149' title='bbox 1647 2800 1943 2869; x_wconf 89' lang='lat' dir='ltr'>Antonii</span> <span class='ocrx_word' id='word_1_150' title='bbox 1974 2798 2141 2895; x_wconf 85' lang='lat' dir='ltr'>fuga</span> <span class='ocrx_word' id='word_1_151' title='bbox 2164 2797 2467 2885; x_wconf 85' lang='lat' dir='ltr'>audisti,</span> <span class='ocrx_word' id='word_1_152' title='bbox 2497 2800 2707 2869; x_wconf 88' lang='lat' dir='ltr'>Bruti</span> 
     </span>
     <span class='ocr_line' id='line_1_23' title="bbox 570 2898 2707 3006; baseline -0.001 -26"><span class='ocrx_word' id='word_1_153' title='bbox 570 2898 956 3006; x_wconf 82' lang='lat' dir='ltr'>eruptione</span> <span class='ocrx_word' id='word_1_154' title='bbox 978 2960 998 2995; x_wconf 91' lang='lat'>,</span> <span class='ocrx_word' id='word_1_155' title='bbox 1032 2904 1287 3006; x_wconf 90' lang='lat' dir='ltr'>populi</span> <span class='ocrx_word' id='word_1_156' title='bbox 1322 2912 1605 2979; x_wconf 85' lang='lat' dir='ltr'>romani</span> <span class='ocrx_word' id='word_1_157' title='bbox 1636 2910 1956 2981; x_wconf 84' lang='lat' dir='ltr'>victoria.</span> <span class='ocrx_word' id='word_1_158' title='bbox 1988 2913 2243 3006; x_wconf 89' lang='lat' dir='ltr'>Itaque</span> <span class='ocrx_word' id='word_1_159' title='bbox 2266 2962 2285 2997; x_wconf 93' lang='lat'>‚</span> <span class='ocrx_word' id='word_1_160' title='bbox 2316 2905 2516 3006; x_wconf 92' lang='lat' dir='ltr'>quod</span> <span class='ocrx_word' id='word_1_161' title='bbox 2539 2910 2707 2979; x_wconf 87' lang='lat' dir='ltr'>scri-</span> 
     </span>
     <span class='ocr_line' id='line_1_24' title="bbox 567 3014 2707 3115; baseline 0.001 -28"><span class='ocrx_word' id='word_1_162' title='bbox 567 3014 717 3107; x_wconf 90' lang='lat' dir='ltr'>bis,</span> <span class='ocrx_word' id='word_1_163' title='bbox 760 3031 1011 3115; x_wconf 83' lang='lat' dir='ltr'>postea</span> <span class='ocrx_word' id='word_1_164' title='bbox 1046 3019 1374 3090; x_wconf 87' lang='lat' dir='ltr'>statuisse</span> <span class='ocrx_word' id='word_1_165' title='bbox 1425 3031 1496 3089; x_wconf 88' lang='lat' dir='ltr'>te</span> <span class='ocrx_word' id='word_1_166' title='bbox 1544 3017 1805 3091; x_wconf 86' lang='lat' dir='ltr'>ducere</span> <span class='ocrx_word' id='word_1_167' title='bbox 1844 3020 2240 3091; x_wconf 88' lang='lat' dir='ltr'>exercitum</span> <span class='ocrx_word' id='word_1_168' title='bbox 2276 3019 2353 3088; x_wconf 88' lang='lat' dir='ltr'>in</span> <span class='ocrx_word' id='word_1_169' title='bbox 2390 3018 2707 3089; x_wconf 81' lang='lat' dir='ltr'>Cherro-</span> 
     </span>
    </p>
   </div>
   <div class='ocr_carea' id='block_1_8' title="bbox 564 3190 2712 3893">
    <p class='ocr_par' dir='ltr' id='par_1_8' title="bbox 564 3190 2709 3495">
     <span class='ocr_line' id='line_1_25' title="bbox 641 3190 2707 3257; baseline -0.001 -15"><span class='ocrx_word' id='word_1_170' title='bbox 641 3204 691 3242; x_wconf 72' lang='grc' dir='ltr'>ι.</span> <span class='ocrx_word' id='word_1_171' title='bbox 715 3192 906 3241; x_wconf 67' lang='lat' dir='ltr'>Emoet.</span> <span class='ocrx_word' id='word_1_172' title='bbox 928 3200 1046 3255; x_wconf 71' lang='lat' dir='ltr'>pout</span> <span class='ocrx_word' id='word_1_173' title='bbox 1061 3191 1256 3241; x_wconf 71' lang='lat' dir='ltr'>Manat.</span> <span class='ocrx_word' id='word_1_174' title='bbox 1273 3201 1324 3239; x_wconf 82' lang='lat' dir='ltr'>et</span> <span class='ocrx_word' id='word_1_175' title='bbox 1343 3191 1424 3241; x_wconf 86' lang='lat' dir='ltr'>ed.</span> <span class='ocrx_word' id='word_1_176' title='bbox 1442 3193 1589 3241; x_wconf 76' lang='lat' dir='ltr'>Rom.</span> <span class='ocrx_word' id='word_1_177' title='bbox 1750 3202 1801 3251; x_wconf 67' lang='lat'>4.</span> <span class='ocrx_word' id='word_1_178' title='bbox 1830 3194 1993 3257; x_wconf 73' lang='lat' dir='ltr'>Quum</span> <span class='ocrx_word' id='word_1_179' title='bbox 2016 3204 2073 3241; x_wconf 79' lang='lat' dir='ltr'>eu</span> <span class='ocrx_word' id='word_1_180' title='bbox 2096 3208 2175 3242; x_wconf 82' lang='lat' dir='ltr'>eo.</span> <span class='ocrx_word' id='word_1_181' title='bbox 2193 3193 2395 3241; x_wconf 76' lang='lat' dir='ltr'>Dictum</span> <span class='ocrx_word' id='word_1_182' title='bbox 2412 3190 2583 3257; x_wconf 71' lang='lat' dir='ltr'>paullo</span> <span class='ocrx_word' id='word_1_183' title='bbox 2612 3191 2707 3241; x_wconf 84' lang='lat' dir='ltr'>dn-</span> 
     </span>
     <span class='ocr_line' id='line_1_26' title="bbox 569 3268 2709 3337; baseline 0 -18"><span class='ocrx_word' id='word_1_184' title='bbox 569 3271 761 3337; x_wconf 72' lang='lat' dir='ltr'>putavit</span> <span class='ocrx_word' id='word_1_185' title='bbox 799 3269 1146 3333; x_wconf 78' lang='lat' dir='ltr'>corrigendum</span> <span class='ocrx_word' id='word_1_186' title='bbox 1185 3286 1288 3318; x_wconf 70' lang='lat' dir='ltr'>ene</span> <span class='ocrx_word' id='word_1_187' title='bbox 1303 3304 1318 3329; x_wconf 92' lang='lat'><em>‚</em></span> <span class='ocrx_word' id='word_1_188' title='bbox 1358 3268 1592 3317; x_wconf 72' lang='lat' dir='ltr'>«mirabi-</span> <span class='ocrx_word' id='word_1_189' title='bbox 1679 3273 1781 3321; x_wconf 71' lang='lat' dir='ltr'>rius</span> <span class='ocrx_word' id='word_1_190' title='bbox 1794 3272 1955 3321; x_wconf 70' lang='lat' dir='ltr'>videri</span> <span class='ocrx_word' id='word_1_191' title='bbox 1968 3282 2162 3337; x_wconf 72' lang='lat' dir='ltr'>potest:</span> <span class='ocrx_word' id='word_1_192' title='bbox 2186 3286 2339 3336; x_wconf 81' lang='lat' dir='ltr'>quum</span> <span class='ocrx_word' id='word_1_193' title='bbox 2354 3286 2515 3335; x_wconf 78' lang='lat' dir='ltr'>neque</span> <span class='ocrx_word' id='word_1_194' title='bbox 2532 3272 2709 3320; x_wconf 81' lang='lat' dir='ltr'>Cicero</span> 
     </span>
     <span class='ocr_line' id='line_1_27' title="bbox 564 3347 2699 3416; baseline 0.001 -19"><span class='ocrx_word' id='word_1_195' title='bbox 564 3350 718 3398; x_wconf 77' lang='lat' dir='ltr'>lium:</span> <span class='ocrx_word' id='word_1_196' title='bbox 745 3348 986 3397; x_wconf 75' lang='lat' dir='ltr'>nohben.</span> <span class='ocrx_word' id='word_1_197' title='bbox 1005 3370 1028 3392; x_wconf 73' lang='grc' dir='ltr'>ι</span> <span class='ocrx_word' id='word_1_198' title='bbox 1059 3349 1143 3398; x_wconf 79' lang='grc' dir='ltr'>ΔΙ.</span> <span class='ocrx_word' id='word_1_199' title='bbox 1163 3347 1424 3405; x_wconf 65' lang='lat' dir='ltr'>mirabilis,</span> <span class='ocrx_word' id='word_1_200' title='bbox 1454 3348 1592 3414; x_wconf 79' lang='lat' dir='ltr'>qnod</span> <span class='ocrx_word' id='word_1_201' title='bbox 1677 3351 1785 3416; x_wconf 70' lang='lat' dir='ltr'>ipse</span> <span class='ocrx_word' id='word_1_202' title='bbox 1810 3350 1983 3401; x_wconf 83' lang='lat' dir='ltr'>eodem</span> <span class='ocrx_word' id='word_1_203' title='bbox 2004 3352 2159 3401; x_wconf 79' lang='lat' dir='ltr'>modo</span> <span class='ocrx_word' id='word_1_204' title='bbox 2182 3352 2419 3415; x_wconf 75' lang='lat' dir='ltr'>loquutus</span> <span class='ocrx_word' id='word_1_205' title='bbox 2449 3350 2569 3399; x_wconf 73' lang='lat' dir='ltr'>alibi</span> <span class='ocrx_word' id='word_1_206' title='bbox 2602 3352 2668 3399; x_wconf 73' lang='lat' dir='ltr'>eit</span> <span class='ocrx_word' id='word_1_207' title='bbox 2680 3386 2699 3411; x_wconf 87' lang='lat'><em>‚</em></span> 
     </span>
     <span class='ocr_line' id='line_1_28' title="bbox 568 3428 2674 3495; baseline 0 -19"><span class='ocrx_word' id='word_1_208' title='bbox 568 3428 698 3479; x_wconf 73' lang='lat' dir='ltr'>rorte</span> <span class='ocrx_word' id='word_1_209' title='bbox 717 3437 930 3491; x_wconf 65' lang='lat' dir='ltr'>prestet.</span> <span class='ocrx_word' id='word_1_210' title='bbox 976 3429 1030 3477; x_wconf 85' lang='lat' dir='ltr'>J.</span> <span class='ocrx_word' id='word_1_211' title='bbox 1042 3429 1110 3477; x_wconf 72' lang='lat' dir='ltr'>V.</span> <span class='ocrx_word' id='word_1_212' title='bbox 1132 3428 1187 3475; x_wconf 79' lang='lat'>1..</span> <span class='ocrx_word' id='word_1_213' title='bbox 1679 3446 1838 3495; x_wconf 83' lang='lat' dir='ltr'>neque</span> <span class='ocrx_word' id='word_1_214' title='bbox 1854 3432 2139 3495; x_wconf 71' lang='lat' dir='ltr'>quisquam,</span> <span class='ocrx_word' id='word_1_215' title='bbox 2158 3430 2296 3495; x_wconf 85' lang='lat' dir='ltr'>quod</span> <span class='ocrx_word' id='word_1_216' title='bbox 2312 3431 2461 3478; x_wconf 75' lang='lat' dir='ltr'>sciam</span> <span class='ocrx_word' id='word_1_217' title='bbox 2478 3464 2493 3489; x_wconf 91' lang='lat'>,</span> <span class='ocrx_word' id='word_1_218' title='bbox 2520 3430 2587 3479; x_wconf 79' lang='lat' dir='ltr'>de</span> <span class='ocrx_word' id='word_1_219' title='bbox 2610 3430 2674 3477; x_wconf 70' lang='lat' dir='ltr'>iis</span> 
     </span>
    </p>

    <p class='ocr_par' dir='ltr' id='par_1_9' title="bbox 567 3505 2712 3891">
     <span class='ocr_line' id='line_1_29' title="bbox 638 3505 2707 3574; baseline 0.001 -20"><span class='ocrx_word' id='word_1_220' title='bbox 638 3522 690 3555; x_wconf 74' lang='lat' dir='ltr'>a.</span> <span class='ocrx_word' id='word_1_221' title='bbox 713 3508 800 3554; x_wconf 73' lang='lat' dir='ltr'>13ae</span> <span class='ocrx_word' id='word_1_222' title='bbox 820 3506 1150 3573; x_wconf 68' lang='lat' dir='ltr'>Aciafugere.</span> <span class='ocrx_word' id='word_1_223' title='bbox 1170 3508 1248 3555; x_wconf 82' lang='lat' dir='ltr'>Ex</span> <span class='ocrx_word' id='word_1_224' title='bbox 1271 3508 1389 3555; x_wconf 72' lang='lat' dir='ltr'>Asia</span> <span class='ocrx_word' id='word_1_225' title='bbox 1409 3505 1590 3554; x_wconf 86' lang='lat' dir='ltr'>ceden-</span> <span class='ocrx_word' id='word_1_226' title='bbox 1680 3508 1767 3573; x_wconf 81' lang='lat' dir='ltr'>qni</span> <span class='ocrx_word' id='word_1_227' title='bbox 1787 3509 1973 3573; x_wconf 80' lang='lat' dir='ltr'>optime</span> <span class='ocrx_word' id='word_1_228' title='bbox 1984 3509 2131 3557; x_wconf 75' lang='lat' dir='ltr'>latine</span> <span class='ocrx_word' id='word_1_229' title='bbox 2152 3510 2404 3574; x_wconf 68' lang='lat' dir='ltr'>scripsisse</span> <span class='ocrx_word' id='word_1_230' title='bbox 2422 3510 2707 3557; x_wconf 58' lang='grc' dir='ltr'>«εἰκὼ-ιιι·</span> 
     </span>
     <span class='ocr_line' id='line_1_30' title="bbox 569 3584 2708 3653; baseline 0 -19"><span class='ocrx_word' id='word_1_231' title='bbox 569 3596 668 3635; x_wconf 80' lang='lat' dir='ltr'>tem</span> <span class='ocrx_word' id='word_1_232' title='bbox 685 3584 1018 3645; x_wconf 73' lang='lat' dir='ltr'>Dolabellam,</span> <span class='ocrx_word' id='word_1_233' title='bbox 1047 3596 1096 3633; x_wconf 84' lang='lat' dir='ltr'>et</span> <span class='ocrx_word' id='word_1_234' title='bbox 1129 3587 1184 3635; x_wconf 88' lang='lat' dir='ltr'>in</span> <span class='ocrx_word' id='word_1_235' title='bbox 1211 3586 1384 3635; x_wconf 83' lang='lat' dir='ltr'>urbem</span> <span class='ocrx_word' id='word_1_236' title='bbox 1405 3584 1587 3635; x_wconf 72' lang='lat' dir='ltr'>Laodi-</span> <span class='ocrx_word' id='word_1_237' title='bbox 1616 3606 1623 3612; x_wconf 84' lang='lat'><strong>·</strong></span> <span class='ocrx_word' id='word_1_238' title='bbox 1676 3598 1772 3636; x_wconf 77' lang='lat' dir='ltr'>tur.</span> <span class='ocrx_word' id='word_1_239' title='bbox 1800 3589 1867 3635; x_wconf 74' lang='lat' dir='ltr'>At</span> <span class='ocrx_word' id='word_1_240' title='bbox 1886 3588 1931 3635; x_wconf 76' lang='lat' dir='ltr'>ei</span> <span class='ocrx_word' id='word_1_241' title='bbox 1944 3620 1963 3647; x_wconf 86' lang='lat'>,</span> <span class='ocrx_word' id='word_1_242' title='bbox 2008 3602 2067 3636; x_wconf 80' lang='lat' dir='ltr'>eo</span> <span class='ocrx_word' id='word_1_243' title='bbox 2086 3587 2287 3637; x_wconf 72' lang='lat' dir='ltr'>haberes</span> <span class='ocrx_word' id='word_1_244' title='bbox 2302 3624 2319 3649; x_wconf 92' lang='lat'>,</span> <span class='ocrx_word' id='word_1_245' title='bbox 2360 3590 2428 3637; x_wconf 78' lang='lat' dir='ltr'>ita</span> <span class='ocrx_word' id='word_1_246' title='bbox 2460 3589 2673 3653; x_wconf 72' lang='lat' dir='ltr'>accipian</span> <span class='ocrx_word' id='word_1_247' title='bbox 2692 3622 2708 3647; x_wconf 90' lang='lat'>,</span> 
     </span>
     <span class='ocr_line' id='line_1_31' title="bbox 571 3665 2709 3731; baseline 0.002 -20"><span class='ocrx_word' id='word_1_248' title='bbox 571 3680 707 3711; x_wconf 73' lang='lat' dir='ltr'>centn</span> <span class='ocrx_word' id='word_1_249' title='bbox 733 3676 1018 3729; x_wconf 51' lang='lat' dir='ltr'>receptunn</span> <span class='ocrx_word' id='word_1_250' title='bbox 1045 3665 1106 3715; x_wconf 90' lang='lat' dir='ltr'>C.</span> <span class='ocrx_word' id='word_1_251' title='bbox 1127 3666 1353 3727; x_wconf 68' lang='lat' dir='ltr'>Cassius,</span> <span class='ocrx_word' id='word_1_252' title='bbox 1379 3666 1462 3714; x_wconf 84' lang='lat' dir='ltr'>cni</span> <span class='ocrx_word' id='word_1_253' title='bbox 1487 3667 1589 3714; x_wconf 90' lang='lat' dir='ltr'>Do-</span> <span class='ocrx_word' id='word_1_254' title='bbox 1674 3667 1813 3731; x_wconf 70' lang='lat' dir='ltr'>quati</span> <span class='ocrx_word' id='word_1_255' title='bbox 1845 3682 2043 3731; x_wconf 73' lang='lat' dir='ltr'>«prope</span> <span class='ocrx_word' id='word_1_256' title='bbox 2076 3682 2188 3715; x_wconf 80' lang='lat' dir='ltr'>enm</span> <span class='ocrx_word' id='word_1_257' title='bbox 2216 3666 2383 3714; x_wconf 80' lang='lat' dir='ltr'>locum</span> <span class='ocrx_word' id='word_1_258' title='bbox 2418 3666 2709 3725; x_wconf 69' lang='lat' dir='ltr'>haberes»,</span> 
     </span>
     <span class='ocr_line' id='line_1_32' title="bbox 567 3738 2712 3811; baseline 0.002 -23"><span class='ocrx_word' id='word_1_259' title='bbox 567 3738 754 3789; x_wconf 65' lang='lat' dir='ltr'>labella</span> <span class='ocrx_word' id='word_1_260' title='bbox 806 3744 1128 3807; x_wconf 72' lang='lat' dir='ltr'>oppugnandi</span> <span class='ocrx_word' id='word_1_261' title='bbox 1177 3760 1350 3793; x_wconf 77' lang='lat' dir='ltr'>curam</span> <span class='ocrx_word' id='word_1_262' title='bbox 1389 3756 1592 3794; x_wconf 68' lang='lat' dir='ltr'>senatus</span> <span class='ocrx_word' id='word_1_263' title='bbox 1674 3746 1789 3795; x_wconf 74' lang='lat' dir='ltr'>fen-i</span> <span class='ocrx_word' id='word_1_264' title='bbox 1804 3744 2009 3795; x_wconf 68' lang='lat' dir='ltr'>fortene</span> <span class='ocrx_word' id='word_1_265' title='bbox 2027 3758 2223 3811; x_wconf 69' lang='lat' dir='ltr'>ponet:</span> <span class='ocrx_word' id='word_1_266' title='bbox 2246 3757 2307 3795; x_wconf 75' lang='lat' dir='ltr'>ut</span> <span class='ocrx_word' id='word_1_267' title='bbox 2324 3760 2479 3810; x_wconf 69' lang='lat' dir='ltr'>genus</span> <span class='ocrx_word' id='word_1_268' title='bbox 2498 3746 2712 3810; x_wconf 72' lang='lat' dir='ltr'>loquen-</span> 
     </span>
     <span class='ocr_line' id='line_1_33' title="bbox 571 3818 2709 3893; baseline 0.002 -26"><span class='ocrx_word' id='word_1_269' title='bbox 571 3818 1051 3881; x_wconf 76' lang='lat' dir='ltr'>mandaverat,cu1n</span> <span class='ocrx_word' id='word_1_270' title='bbox 1067 3825 1170 3873; x_wconf 77' lang='lat'>111</span> <span class='ocrx_word' id='word_1_271' title='bbox 1187 3823 1464 3893; x_wconf 68' lang='lat' dir='ltr'>legionibus</span> <span class='ocrx_word' id='word_1_272' title='bbox 1491 3825 1595 3873; x_wconf 84' lang='lat' dir='ltr'>ob-.</span> <span class='ocrx_word' id='word_1_273' title='bbox 1678 3823 1757 3886; x_wconf 86' lang='lat' dir='ltr'>di,</span> <span class='ocrx_word' id='word_1_274' title='bbox 1788 3824 1931 3889; x_wconf 73' lang='lat' dir='ltr'>quale</span> <span class='ocrx_word' id='word_1_275' title='bbox 1955 3823 2081 3873; x_wconf 83' lang='lat' dir='ltr'>illud</span> <span class='ocrx_word' id='word_1_276' title='bbox 2104 3826 2206 3884; x_wconf 74' lang='lat' dir='ltr'>eit,</span> <span class='ocrx_word' id='word_1_277' title='bbox 2254 3839 2407 3889; x_wconf 78' lang='lat' dir='ltr'>quum</span> <span class='ocrx_word' id='word_1_278' title='bbox 2436 3824 2709 3881; x_wconf 66' lang='lat' dir='ltr'>diceb-nt,</span> 
     </span>
    </p>
   </div>
   <div class='ocr_carea' id='block_1_9' title="bbox 461 3897 2709 3963">
    <p class='ocr_par' dir='ltr' id='par_1_10' title="bbox 461 3897 2709 3963">
     <span class='ocr_line' id='line_1_34' title="bbox 461 3897 2709 3963; baseline 0.002 -16"><span class='ocrx_word' id='word_1_279' title='bbox 461 3942 466 3947; x_wconf 91' lang='lat'><strong>.</strong></span> <span class='ocrx_word' id='word_1_280' title='bbox 572 3897 710 3945; x_wconf 71' lang='lat' dir='ltr'>sedit.</span> <span class='ocrx_word' id='word_1_281' title='bbox 736 3900 951 3963; x_wconf 68' lang='lat' dir='ltr'>Appi-n.</span> <span class='ocrx_word' id='word_1_282' title='bbox 967 3902 1116 3953; x_wconf 70' lang='lat' dir='ltr'>Mur.</span> <span class='ocrx_word' id='word_1_283' title='bbox 1695 3918 1842 3951; x_wconf 70' lang='lat' dir='ltr'>neue</span> <span class='ocrx_word' id='word_1_284' title='bbox 1884 3902 1947 3950; x_wconf 79' lang='lat' dir='ltr'>ad</span> <span class='ocrx_word' id='word_1_285' title='bbox 1984 3902 2235 3962; x_wconf 84' lang='lat' dir='ltr'>Urbem,</span> <span class='ocrx_word' id='word_1_286' title='bbox 2276 3902 2375 3951; x_wconf 81' lang='lat' dir='ltr'>hoc</span> <span class='ocrx_word' id='word_1_287' title='bbox 2418 3913 2523 3963; x_wconf 75' lang='lat' dir='ltr'>eet,</span> <span class='ocrx_word' id='word_1_288' title='bbox 2562 3923 2585 3945; x_wconf 74' lang='grc' dir='ltr'>ι</span> <span class='ocrx_word' id='word_1_289' title='bbox 2606 3918 2709 3951; x_wconf 78' lang='lat' dir='ltr'>esse</span> 
     </span>
    </p>
   </div>
   <div class='ocr_carea' id='block_1_10' title="bbox 577 3968 2711 4126">
    <p class='ocr_par' dir='ltr' id='par_1_11' title="bbox 577 3968 2711 4126">
     <span class='ocr_line' id='line_1_35' title="bbox 644 3968 2287 4049; baseline 0.01 -34"><span class='ocrx_word' id='word_1_290' title='bbox 644 3969 696 4017; x_wconf 91' lang='lat'>3.</span> <span class='ocrx_word' id='word_1_291' title='bbox 725 3968 859 4033; x_wconf 77' lang='lat' dir='ltr'>Quid</span> <span class='ocrx_word' id='word_1_292' title='bbox 872 3986 924 4018; x_wconf 79' lang='lat' dir='ltr'>se</span> <span class='ocrx_word' id='word_1_293' title='bbox 941 3987 1079 4023; x_wconf 76' lang='lat' dir='ltr'>nam.</span> <span class='ocrx_word' id='word_1_294' title='bbox 1107 3976 1188 4023; x_wconf 85' lang='lat' dir='ltr'>Sic</span> <span class='ocrx_word' id='word_1_295' title='bbox 1223 3976 1418 4024; x_wconf 77' lang='lat' dir='ltr'>Manut-</span> <span class='ocrx_word' id='word_1_296' title='bbox 1445 3976 1593 4025; x_wconf 81' lang='lat' dir='ltr'>Grnt.</span> <span class='ocrx_word' id='word_1_297' title='bbox 1682 3998 1841 4049; x_wconf 68' lang='lat' dir='ltr'>prope</span> <span class='ocrx_word' id='word_1_298' title='bbox 1863 3980 2111 4031; x_wconf 68' lang='lat' dir='ltr'>Urbemu.</span> <span class='ocrx_word' id='word_1_299' title='bbox 2138 3982 2287 4032; x_wconf 71' lang='lat' dir='ltr'>Mne.</span> 
     </span>
     <span class='ocr_line' id='line_1_36' title="bbox 577 4046 2711 4126; baseline 0.004 -25"><span class='ocrx_word' id='word_1_300' title='bbox 577 4046 710 4095; x_wconf 62' lang='lat' dir='ltr'>Olim</span> <span class='ocrx_word' id='word_1_301' title='bbox 747 4046 986 4112; x_wconf 61' lang='lat' dir='ltr'>quidnam</span> <span class='ocrx_word' id='word_1_302' title='bbox 1012 4065 1082 4099; x_wconf 65' lang='grc' dir='ltr'>τε.</span> <span class='ocrx_word' id='word_1_303' title='bbox 1758 4062 1806 4109; x_wconf 81' lang='lat'>5.</span> <span class='ocrx_word' id='word_1_304' title='bbox 1833 4062 1903 4107; x_wconf 83' lang='lat' dir='ltr'>Ee</span> <span class='ocrx_word' id='word_1_305' title='bbox 1926 4077 2031 4110; x_wconf 89' lang='lat' dir='ltr'>non</span> <span class='ocrx_word' id='word_1_306' title='bbox 2053 4061 2271 4126; x_wconf 69' lang='lat' dir='ltr'>agnoscit</span> <span class='ocrx_word' id='word_1_307' title='bbox 2288 4060 2483 4109; x_wconf 74' lang='lat' dir='ltr'>Brneet.</span> <span class='ocrx_word' id='word_1_308' title='bbox 2504 4062 2631 4110; x_wconf 77' lang='lat' dir='ltr'><strong>J.V.</strong></span> <span class='ocrx_word' id='word_1_309' title='bbox 2655 4062 2711 4109; x_wconf 84' lang='lat' dir='ltr'>L.</span> 
     </span>
    </p>
   </div>
  </div>
 </body>
</html>
