3019 4681
419 454 691 475 mmm
696 454 2170 481 mmmmmmmmmmmmmmmm
2178 454 2547 485 mmmm

866 654 1019 783 Μ.
1078 680 1205 783 Τ.
1296 680 2119 789 CICERONIS

488 925 2488 1135 EPISTOLARUM

1103 1246 1267 1403 AD
1326 1242 1898 1327 ATTICUM

456 1366 863 1583 LIBER
914 1398 1542 1580 DECIMUS
1588 1478 1762 1583 ET
1813 1474 2526 1685 QUARTUS

1110 1874 1740 1957 EPISTOLA
1827 1876 1886 1954 I.

425 2056 624 2117 Refert
651 2072 779 2133 quau
814 2055 1047 2127 Matius,
1080 2053 1155 2112 ad
1184 2072 1360 2133 quem
1392 2051 1740 2125 deverterat,
1779 2050 2008 2113 dixerit.
2049 2054 2164 2132 (In
2192 2052 2528 2113 suburbano
2544 2098 2562 2128 ,

980 2170 1133 2209 anno
1160 2156 1239 2213 U.
1260 2153 1322 2209 C.
1354 2169 1488 2229 709,
1508 2146 1722 2208 ‘mense
1753 2150 1948 2233 aprili.
1976 2152 1998 2229 )

1092 2330 1404 2396 CICERO
1446 2330 1772 2398 A'ITICO
1816 2332 1885 2397 S.

430 2442 801 2562 Dnvmi‘ri
846 2485 933 2557 ad
968 2484 1212 2557 illum¹
1236 2540 1256 2574 ‚
1293 2485 1383 2557 de
1417 2511 1568 2582 quo
1608 2499 1852 2558 tecum
1898 2509 2128 2558 mane.
2167 2487 2365 2560 Nihil
2395 2424 2560 2586 pgr·

428 2595 738 2668 ditius²z
781 2595 1124 2694 explicari
1160 2621 1311 2668 rem
1349 2623 1501 2667 non
1547 2620 1778 2694 posse.
1816 2599 2106 2668 Etenim
2139 2600 2198 2668 si
2233 2594 2402 2670 ille³
2440 2599 2565 2670 tali

392 2707 717 2804 ,ingenio
754 2707 1030 2777 exitum
1072 2730 1225 2776 non
1260 2706 1706 2804 reperiebat,
1746 2711 1912 2804 quis
1957 2731 2157 2778 nunc
2200 2712 2566 2806 reperiet?

426 2816 621 2908 Quid
663 2818 971 2915 quaeris?
1006 2819 1300 2914 periisse
1337 2819 1580 2888 omnia
1624 2815 1898 2902 aiebat3
1935 2817 2138 2914 quod
2175 2817 2374 2894 haud
2413 2822 2561 2894 scio

427 2947 517 2998 an
561 2931 663 2999 ita
703 2931 841 2999 sit:
882 2950 1134 2998 verum
1174 2927 1295 2997 ille
1332 2925 1690 3022 gaudens3
1729 2925 2280 3028 affirmabatque
2317 2931 2563 3000 minus

428 3037 685 3110 diebus
718 3063 815 3108 xx
855 3037 1251 3108 tumultum
1288 3033 1686 3122 Gallicum3
1732 3037 1809 3106 in
1847 3031 2256 3108 sermonem
2289 3064 2363 3109 se
2398 3051 2567 3134 post

424 3147 590 3220 idus
634 3161 839 3218 mart.
887 3161 1365 3246 praeterquam
1404 3143 1704 3243 Lepidi,
1761 3146 2040 3217 venisse
2082 3149 2432 3233 neminis;
2470 3146 2560 3216 ad

428 3279 821 3344 summam,
858 3280 1063 3326 «non
1104 3279 1317 3356 posse
1358 3253 1598 3326 isthaec
1637 3249 1740 3326 si¹c
1780 3253 2104 3326 abirem.
2145 3260 2208 3326 Ο
2235 3255 2560 3354 pruden-

430 3383 577 3439 tem
604 3366 631 3412 ⁵
674 3365 1024 3465 Oppium!
1065 3371 1194 3462 qui
1232 3366 1459 3438 nihilo
1492 3369 1732 3438 minus
1765 3367 1968 3438 illum
2006 3365 2398 3455 desiderat,
2437 3367 2565 3438 sed

504 3545 550 3577 1.
590 3528 681 3577 Ad
710 3528 862 3576 illum.
900 3527 1017 3576 Sine
1051 3527 1205 3576 dubio
1242 3528 1451 3576 Matium
1539 3528 1741 3591 ligitur:
1769 3537 1824 3576 ut
1845 3528 1908 3574 sit
1929 3543 2096 3576 sensus
2120 3540 2134 3574 :
2164 3526 2414 3590 republica
2435 3529 2562 3577 nihil

428 3608 655 3672 intelligit
679 3622 693 3656 :
723 3623 867 3670 quem
894 3617 1060 3670 aperte
1086 3607 1305 3654 nominat
1332 3606 1450 3653 dun·-
1539 3606 1697 3654 aiebat
1715 3605 2219 3669 esseperditius,nihil
2235 3605 2532 3670 desperatius
2547 3625 2563 3669 ;

428 3687 520 3736 bus
565 3686 785 3752 epistolis
807 3719 821 3744 ‚
862 3701 971 3749 quae
1014 3696 1127 3750 post
1174 3685 1451 3748 proximam
1539 3684 1737 3750 periisse
1778 3684 1954 3732 omnia.
1997 3683 2340 3746 Augurabatur
2379 3700 2560 3749 quauta

428 3765 705 3814 inferiorem
744 3763 985 3828 leguntur.
1012 3765 1099 3824 Et,
1133 3765 1172 3810 si
1198 3764 1303 3812 loca
1329 3779 1451 3811 con·
1538 3765 1842 3830 perturbatio
1866 3774 1989 3811 esset
2016 3775 2296 3827 sequutura.
2316 3765 2411 3813 En.

432 3845 557 3892 ieras
580 3845 706 3892 iuter
727 3859 779 3890 se
793 3877 808 3902 ,
826 3843 1032 3890 Matium
1059 3842 1141 3889 hic
1164 3841 1450 3906 significari,
1611 3845 1659 3893 3.
1686 3843 1794 3891 Ille.
1821 3843 1995 3900 caesar,
2015 3841 2299 3890 interfectus
2320 3842 2388 3890 id.
2412 3856 2559 3894 mart.

430 3939 533 3970 non
558 3922 765 3971 obscure
788 3921 977 3969 videbis
996 3936 1010 3969 :
1038 3939 1181 3986 quem
1194 3923 1389 3986 quidem
1405 3933 1454 3970 et
1615 3930 1666 3978 4.
1694 3925 1840 3971 Forte
1859 3938 1918 3970 ex
1938 3921 2122 3970 Andria
2137 3956 2150 3980 ,
2172 3923 2226 3982 1,
2257 3937 2310 3980 a,
2329 3931 2389 3977 4:
2419 3945 2444 3966 α
2461 3926 2563 3972 Mi-

430 4001 713 4062 Calvennm,
734 4012 782 4050 et
798 4001 1053 4050 Madarum
1066 4038 1082 4064 ,
1100 4001 1219 4050 ficto
1236 4001 1451 4062 homine,
1537 4002 1694 4060 rabat,
1721 4001 1818 4049 hoe
1842 4003 1884 4050 ei
1902 4002 1972 4049 sic
1999 4001 2152 4048 abiret
2172 4023 2214 4047 ι.
2240 4003 2288 4050 J.
2307 4005 2370 4050 V.
2399 4005 2452 4050 1..

431 4081 641 4146 appellnt
666 4098 743 4145 ep.
765 4081 795 4129 5
815 4091 863 4128 et
884 4098 936 4144 9.
960 4083 1109 4130 Mur.
1615 4081 1661 4128 5.
1689 4081 1869 4128 Nescio
1891 4097 1956 4128 nn
1975 4079 2146 4127 melius
2161 4079 2443 4143 pudentem.
2472 4083 2564 4130 Er-

507 4175 557 4209 2.
583 4158 724 4208 Nihil
736 4160 985 4226 perditius.
1008 4161 1208 4221 Aiebat,
1226 4159 1455 4210 subintel·
1541 4171 1669 4210 nest.
1693 4161 1744 4208 J.
1761 4161 1824 4207 V.
1853 4163 1906 4208 L.
