3019 4681
498 364 635 438 252
1134 358 1231 436 Μ.
1284 370 1362 435 Τ.
1418 360 2000 442 CICERONIS

492 489 792 586 longum
827 485 1128 559 videtur.
1154 485 1403 560 Habeo
1430 491 1628 561 enim
1657 489 1872 578 nihil,
1902 491 2194 563 tentatis
2213 488 2434 564 rebus
2465 517 2623 563 om-

490 597 744 687 nibus,
778 599 857 668 in
894 622 1044 695 quo
1096 599 1567 696 acquiescam.
1628 603 1848 686 Nam,
1892 597 2068 669 dum
2121 597 2302 670 illud
2362 614 2622 672 tracta-

489 709 655 782 bam
681 764 700 797 ,
738 706 829 779 de
867 732 1017 806 quo
1054 723 1266 780 antea
1302 709 1555 806 scripsi
1589 708 1680 779 ad
1721 723 1828 796 te,
1871 711 2079 806 quasi
2117 706 2452 780 fovebam
2492 710 2621 782 do-

485 820 674 890 lores
718 821 1171 892 meos-Nunc
1202 822 1447 888 omnia
1464 841 1729 916 respuo
1747 871 1766 906 ,
1791 842 1929 890 nec
1962 816 2362 916 quidquam
2384 819 2620 892 habeo

487 926 933 1001 tolerabilius
964 982 983 1017 ,
1030 952 1251 1025 quam
1308 928 1816 1017 solitudinem
1865 952 2086 1025 quam
2115 981 2134 1017 ‚
2183 929 2385 1026 quod
2423 955 2619 1002 eram

487 1041 759 1110 veritus
780 1093 799 1126 ‚
834 1062 987 1109 non
1017 1027 1438 1110 obturbavit
1474 1037 1868 1136 Philippus.
1918 1041 2100 1110 Nam
2123 1092 2142 1127 ‚
2181 1053 2264 1109 ut
2305 1039 2460 1111 heri
2503 1064 2620 1112 me

484 1149 816 1221 salutavit
841 1202 861 1236 ,
912 1149 1153 1220 statim
1196 1152 1498 1220 Romam
1557 1147 1925 1248 profectus
1971 1163 2102 1221 est.
2165 1151 2561 1248 Epistolam
2599 1205 2619 1239 ‚

485 1283 706 1356 quam
726 1256 815 1329 ad
830 1261 1133 1330 Brutum
1150 1314 1170 1348 ,
1190 1273 1276 1330 ut
1297 1258 1429 1330 tibi
1447 1259 1815 1358 placuerat
1832 1313 1850 1347 ‚
1873 1263 2158 1356 scripsi,
2175 1263 2338 1332 misi
2368 1261 2454 1332 ad
2474 1276 2546 1332 te
2563 1258 2613 1330 ⁵.

485 1366 789 1440 Curabis
824 1393 992 1440 cum
1028 1383 1155 1440 tua
1193 1368 1721 1467 perferendam.
1755 1369 1925 1464 Ejus
1956 1383 2202 1441 tamen
2236 1373 2399 1441 misi
2425 1370 2515 1442 ad
2545 1385 2617 1442 te

482 1479 896 1576 exemplum
916 1494 1085 1566 ‚·ut‚
1124 1483 1181 1550 si
1211 1483 1452 1552 miuus
1481 1481 1796 1578 placeret
1815 1533 1834 1566 ‚
1863 1504 1956 1552 ne
1987 1484 2331 1553 mitteres.
2357 1486 2620 1554 Dome-

482 1589 657 1661 stica
698 1589 903 1686 quod
946 1590 1047 1660 ais
1086 1589 1341 1662 ordine
1378 1590 1903 1678 administrari,
1945 1590 2252 1681 scribeS‚
2282 1618 2443 1690 quae
2475 1595 2619 1663 sint

478 1725 563 1770 ea
602 1727 618 1769 ε
660 1699 989 1797 quaedam
1020 1703 1215 1771 enim
1241 1714 1602 1799 exspecto,
1637 1702 1985 1772 Cocceius
2008 1700 2173 1772 vide
2200 1726 2294 1772 ne
2322 1701 2617 1772 frustre-

477 1825 597 1881 tur
612 1807 662 1880 6.
700 1813 881 1882 Nam
922 1808 1106 1880 Libo
1132 1809 1336 1907 quod
1368 1811 1788 1908 pollicetur,
1830 1823 1914 1880 ut
1938 1815 2119 1882 Eros
2154 1809 2438 1898 scribit,
2465 1834 2616 1880 non

478 1926 831 1993 incertum
863 1934 1044 2018 puto
1062 1931 1109 1990 7.
1156 1923 1265 1991 De
1315 1913 1562 1992 sorte⁸
1603 1943 1764 1990 mea
1815 1919 2133 2016 Sulpicio
2179 1919 2510 2006 confido,
2547 1933 2620 1990 et

478 2032 783 2127 Egnatio
820 2030 1111 2102 scilicet.
1150 2035 1258 2101 De
1287 2030 1633 2128 Apulei0‚
1678 2029 1858 2127 quid
1892 2043 2034 2118 est,
2070 2030 2267 2127 quod
2294 2028 2616 2116 laborm,

376 2173 385 2181 ·
476 2164 704 2236 quum
752 2141 842 2210 sit
883 2143 1246 2211 excusatio
1300 2138 1526 2210 facilis
1565 2141 1595 2210 ἰ)
1641 2137 1801 2210 Tibi
1862 2136 1952 2209 ad
2013 2163 2130 2234 me
2183 2140 2430 2209 venire
2457 2193 2478 2227 ‚
2534 2151 2617 2208 ut

476 2249 833 2336 ostendi5‚
866 2248 1027 2321 vide
1045 2305 1063 2336 ‚
1084 2274 1178 2320 ne
1208 2274 1359 2321 non
1380 2253 1470 2322 sit
1492 2248 1698 2323 facile
1729 2277 1744 2319 ε
1778 2240 1889 2321 est*
1905 2250 2098 2320 enim
2125 2248 2422 2351 longum
2453 2251 2612 2336 iter,

471 2359 1108 2459 discedentemque
1157 2374 1267 2446 te,
1322 2360 1526 2459 quod
1573 2362 1898 2433 celeriter
1943 2358 2077 2430 tibi
2134 2362 2268 2431 erit
2311 2358 2612 2432 fortasse

475 2468 927 2557 faciendum,
986 2496 1137 2541 non
1191 2472 1348 2542 sine
1402 2495 1668 2569 magno
1723 2472 1975 2542 dolore
2034 2470 2416 2541 dimittam.
2472 2468 2615 2543 Sed
2686 2546 2694 2553 ,

470 2585 752 2670 omnia,
788 2595 873 2652 ut
896 2580 1113 2681 voles.
1148 2586 1298 2680 Ego
1318 2584 1547 2672 enim,
1568 2579 1928 2680 quidquid
1947 2578 2238 2667 feceriS‚
2271 2579 2346 2651 id
2375 2606 2609 2678 quum
2711 2680 2714 2683 ἡ

475 2704 670 2762 recte
693 2744 712 2779 ‚
772 2705 928 2761 tum
991 2694 1207 2763 etiam
1262 2718 1423 2765 mea
1486 2716 1699 2765 causa
1756 2691 2026 2763 factum
2083 2689 2384 2789 putabo,
2442 2692 2611 2763 Heri

477 2826 702 2897 quum
741 2826 831 2873 ex
860 2802 1165 2873 aliorum
1203 2803 1428 2877 literis
1484 2807 1982 2901 cognovissem
2028 2799 2119 2874 de
2153 2802 2451 2872 Antonii
2489 2801 2612 2901 ad7-

476 2924 783 3001 ventu9‚
823 2911 1212 2987 admiratus
1262 2940 1462 3004 sum,
1497 2914 1684 2985 nihil
1719 2938 1874 2985 esse
1905 2916 1979 2983 in
2019 2913 2182 2984 tuis.
2225 2914 2365 2984 Sed
2406 2926 2612 2985 erant

471 3019 703 3122 pridie
746 3020 1042 3096 fortasse
1089 3027 1412 3123 scriptae,
1457 3047 1680 3123 quam
1716 3022 1920 3095 datae.
1960 3024 2221 3119 Neque
2251 3026 2386 3093 ista
2441 3022 2607 3119 qui-

546 3220 595 3267 5.
634 3216 755 3266 Misi
786 3217 864 3266 ad
897 3230 961 3267 te.
1005 3218 1195 3284 Nempe
1242 3234 1355 3267 cum
1398 3220 1488 3268 hac
1651 3234 1700 3282 9.
1734 3218 1975 3266 Adventu.
2003 3214 2314 3280 Significatu·
2334 3216 2459 3266 illud
2477 3228 2610 3266 tem-

471 3297 677 3363 epistola
704 3296 768 3346 ad
794 3298 1035 3347 Atticum.
1056 3300 1154 3348 En.
1581 3314 1704 3362 pua,
1729 3312 1832 3361 quo
1857 3298 1934 3347 M.
1957 3292 2211 3345 'Antonius
2236 3298 2395 3344 Roma
2444 3296 2612 3361 prose·

543 3378 595 3427 6.
630 3378 707 3425 Ne
713 3374 1003 3442 frustretur.
1021 3376 1099 3426 Ne
1120 3393 1223 3425 non
1247 3376 1489 3435 solvatur,
1582 3386 1689 3425 ctus
1706 3386 1762 3424 ut
1783 3376 2068 3439 Hispaniam
2106 3373 2170 3421 ad
2213 3375 2448 3424 Caesarem
2483 3375 2576 3423 iret
2589 3410 2604 3435 ‚

473 3455 609 3519 quod
626 3473 677 3504 se
704 3473 805 3505 ease
822 3456 1094 3505 soluturum
1120 3456 1264 3517 dixit.
1287 3457 1381 3521 Ep.
1409 3472 1489 3519 19.
1583 3455 1760 3504 deinde
1786 3464 1973 3502 mutato
1999 3452 2209 3502 consilio
2237 3453 2400 3501 reditu
2431 3452 2605 3501 admo-

474 3536 695 3584 Mum.
1585 3533 1700 3583 dum
1745 3533 1888 3582 celeri
1925 3548 2013 3597 per
2047 3532 2234 3581 Italiam
2260 3532 2511 3593 cucurrit,
2557 3541 2608 3579 et

544 3632 591 3674 7.
623 3617 738 3663 Non
758 3613 990 3663 hcet-tum
1000 3625 1142 3679 puto.
1160 3614 1273 3663 Nou
1294 3612 1489 3675 dubito,
1583 3625 1734 3662 noctu
1761 3612 1943 3662 Urbem
1961 3612 2202 3661 introivit.
2228 3612 2381 3674 Cujus
2407 3612 2608 3660 festina-

471 3694 593 3757 quin
619 3694 873 3756 pecuniam
898 3692 1042 3741 nobis
1064 3704 1302 3743 numeret.
1332 3696 1486 3743 Inna.
1581 3692 1732 3742 tionis
1749 3693 1956 3741 maxime
1985 3708 2126 3741 causa
2149 3692 2262 3753 fuit,
2279 3690 2430 3756 quod,
2447 3707 2604 3755 quum

470 3798 539 3808 --
561 3772 673 3821 Sch.
692 3772 947 3821 delendam
961 3789 1064 3822 esse
1082 3772 1367 3837 particulam
1377 3789 1489 3822 cen-
1579 3784 1769 3837 tempus
1785 3774 1886 3835 iam
1911 3772 2101 3821 adesset
2125 3774 2229 3834 ejus
2253 3771 2474 3836 pecuniae
2503 3770 2604 3819 sol-

472 3860 561 3899 set.
588 3852 682 3898 En.
1579 3851 1771 3910 vendat,
1811 3868 1952 3915 quam
1971 3868 2065 3915 pro
2094 3851 2271 3915 emptis
2295 3852 2349 3897 in
2372 3850 2602 3899 auctione

541 3930 589 3977 8.
620 3930 695 3976 De
714 3940 857 3977 sorte.
880 3932 991 3979 Hoc
1016 3942 1089 3979 est
1110 3965 1127 3990 ‚
1159 3930 1219 3979 de
1246 3932 1355 3997 ipso
1390 3933 1483 3980 foe·
1577 3931 1671 3979 Cn.
1701 3930 1921 3995 Pompeii
1959 3929 2102 3978 bonis
2149 3930 2327 3977 Caesari
2355 3928 2562 3978 debebat
2589 3962 2603 3987 ‚

468 4022 589 4054 nore
612 4022 697 4055 seu
717 4008 904 4071 capite,
928 4024 1024 4074 pro
1052 4027 1152 4073 quo
1180 4010 1415 4075 sulpitius
1438 4020 1486 4058 et
1576 4007 1854 4067 verebatur,
1879 4024 1963 4068 nc,
1993 4010 2103 4073 ipso
2129 4006 2328 4057 absente
2343 4044 2357 4071 ,
2411 4006 2603 4073 praedes

470 4086 700 4149 Egnatius
714 4086 1104 4151 spoponderunt.
1132 4090 1179 4136 J.
1204 4086 1255 4135 1³.
1286 4091 1450 4137 Gaon.
1577 4087 1653 4134 sui
1687 4086 2029 4135 venderentur.
2056 4088 2204 4134 Man.
