3019 4681
585 396 1118 466 EPISTOLAE
1169 397 1308 467 AD
1358 390 2116 478 ATTICUM,V111‚
2158 388 2265 461 13.
2403 386 2501 473 43

347 531 592 589 autem
630 518 1054 617 impendere
1091 532 1424 617 putarem
1449 572 1469 607 ‚
1496 517 1922 615 scripseram
1960 512 2050 584 ad
2088 526 2196 600 te3
2248 526 2323 584 et
2352 514 2501 610 jam

349 644 512 701 tuas
545 629 788 701 literas
821 628 1354 728 exspectabam.

346 840 618 860 ww·
871 835 1884 863 mmmmmmmmmm
1890 832 2266 860 mm·
2285 834 2508 853 “mn

964 1010 1575 1091 EPISTOLA
1642 1008 1886 1089 XIV.

347 1182 677 1244 Etiamnum
705 1200 766 1241 se
796 1180 1019 1245 nescire
1054 1179 1198 1259 quid
1227 1179 1458 1245 consilii
1490 1179 1713 1258 capiam
1742 1177 1817 1240 de
1843 1178 2103 1241 Domitio
2125 1178 2289 1237 varia
2316 1178 2511 1239 audiri

631 1277 853 1341 scribit.
879 1276 1182 1361 (Formiis,
1207 1296 1362 1337 anno
1385 1281 1460 1339 ΙΙ.
1487 1278 1551 1337 C.
1568 1284 1693 1365 ¹704
1708 1318 1727 1349 ,
1758 1294 1955 1336 mense
1978 1274 2233 1355 martio.)

1035 1473 1360 1542 CICERO
1405 1472 1730 1540 ATTICO
1773 1470 1837 1536 S.

447 1626 612 1696 Non
648 1621 945 1711 dubim,
992 1622 1174 1719 quin
1217 1619 1355 1691 tibi
1395 1618 1665 1691 odiosoe
1706 1621 1853 1691 sint
1897 1622 2219 1719 epistolae
2260 1622 2511 1718 quoti-

351 1733 618 1824 dianae‚
658 1757 890 1830 quum
930 1733 1334 1831 praesertim
1361 1755 1609 1827 neque
1641 1754 1829 1801 nova
1864 1728 1958 1802 de
1987 1756 2066 1803 re
2094 1731 2335 1829 aliqua
2362 1757 2514 1803 cer-

349 1844 614 1915 tiorem
671 1856 743 1913 te
795 1838 1089 1930 faciam,
1130 1866 1380 1940 neque
1424 1864 1691 1911 novam
1734 1839 2057 1938 denique
2091 1842 2240 1937 jam
2300 1866 2510 1942 repe-

349 1956 530 2027 riam
559 1952 928 2026 scribendi
953 1953 1176 2027 ullam
1203 1952 1663 2025 sententiam.
1690 1952 1828 2023 Sed
1856 1952 1953 2039 si,
1984 1949 2229 2023 dedita
2249 1954 2475 2050 opera
2493 2006 2514 2039 ‚

351 2090 584 2165 quum
619 2088 832 2137 causa
863 2064 1062 2136 nulla
1095 2059 1316 2153 esset,
1351 2063 1765 2136 tabellarios
1806 2063 1896 2135 ad
1937 2077 2011 2135 te
2060 2088 2227 2134 cum
2280 2064 2513 2133 inani-

349 2174 492 2247 bus
515 2173 839 2273 epistolis
855 2176 1220 2247 mitterem
1245 2228 1272 2263 2
1294 2172 1610 2247 facerem
1630 2176 1877 2274 inepte
1900 2200 1918 2245 :
1948 2170 2295 2247 euntibus
2317 2198 2517 2257 vero,

350 2285 768 2360 domesticis
811 2287 1251 2386 pracsertim,
1302 2299 1389 2358 ut
1425 2284 1611 2358 nihil
1656 2284 1747 2358 ad
1790 2300 1861 2358 te
1900 2284 2065 2358 dem
2106 2284 2473 2358 literarum
2496 2340 2515 2370 ‚

350 2397 591 2471 facere
624 2423 777 2468 non
821 2421 1140 2496 possum.
1181 2399 1272 2467 Et
1307 2397 1527 2468 simul
1566 2398 1593 2492 (
1623 2395 1839 2468 crede
1868 2394 2103 2491 mihi)
2132 2399 2516 2494 requiesco

351 2509 678 2611 paullum
719 2508 795 2579 in
835 2508 948 2580 his
989 2509 1296 2580 miseriis
1331 2563 1350 2597 ‚
1393 2534 1627 2607 quum
1672 2511 1879 2606 quasi
1915 2522 2159 2598 tecum
2201 2508 2514 2605 loquor3

351 2647 586 2721 quum
629 2645 808 2693 vero
852 2633 1014 2691 tuas
1065 2620 1405 2718 epistolas
1457 2617 1659 2715 legn,
1702 2618 1941 2690 multo
1994 2620 2207 2690 etiam
2264 2620 2517 2716 magis».

352 2735 682 2802 Omnino
739 2729 1068 2825 intelligo
1103 2785 1122 2818 ‚
1196 2730 1483 2802 nullum
1546 2729 1767 2800 fuisse
1814 2744 2109 2827 tempus
2160 2744 2327 2828 post
2388 2729 2517 2802 has

351 2841 558 2941 fugas
590 2855 664 2914 et
692 2839 1157 2930 formidine8‚
1194 2839 1397 2939 quod
1418 2841 1648 2938 ”magis
1672 2839 2008 2912 debuerit
2042 2855 2329 2912 mutum
2362 2866 2518 2913 esse

352 2978 392 3024 a
449 2954 674 3025 lite-ris
717 2981 733 3023 :
781 2967 1170 3051 propterea
1198 3007 1218 3041 ‚
1269 2951 1470 3050 quod
1522 2976 1764 3050 neque
1826 2957 2070 3024 Romae
2110 2952 2511 3052 quidquam

351 3061 648 3138 auditur
665 3066 873 3152 novi;
904 3087 1040 3135 nec
1074 3067 1150 3134 in
1181 3065 1295 3136 his
1326 3065 1539 3150 lociS‚
1575 3088 1738 3162 quae
1765 3088 1809 3134 a
1834 3063 2224 3135 Brundisio
2250 3063 2520 3136 absunt

353 3176 695 3272 propius,
738 3199 957 3272 quam
998 3189 1121 3264 tu,
1163 3175 1515 3264 biduum,
1560 3190 1685 3246 aut
1746 3175 2091 3248 triduum.
2150 3173 2513 3246 Brundisii

350 3299 596 3356 autem
623 3309 843 3356 omne
879 3301 1255 3358 certamen
1295 3288 1606 3359 vertitur
1638 3286 1860 3380 hujus
1898 3287 2114 3382 primi
2150 3287 2517 3381 temporis.

303 3415 312 3422 ·
354 3395 520 3486 Qua
557 3396 858 3492 quidem
897 3399 1435 3495 exspectatione
1469 3414 1846 3496 torqueor.
1892 3395 2033 3468 Sed
2077 3393 2320 3468 omnia
2346 3409 2516 3466 ante

353 3529 488 3576 nos
517 3505 848 3576 sciemus.
888 3507 1167 3578 Eodem
1205 3511 1400 3580 enim
1445 3507 1562 3580 die
1598 3509 1813 3580 video
1849 3513 2201 3580 Caesarem
2240 3531 2281 3577 a
2327 3509 2509 3577 Cor·

351 3613 529 3687 finio
547 3631 711 3714 post
739 3617 1118 3690 meridiem
1145 3616 1562 3721 profectum
1588 3645 1742 3692 esse
1761 3674 1781 3708 ,
1807 3617 1885 3690 id
1904 3631 2051 3708 est,
2068 3615 2441 3694 Feralibus
2462 3629 2514 3706 ¹,

428 3849 448 3879 ι
461 3869 474 3881 .
499 3832 770 3892 Feralibus.
788 3833 966 3886 Cicero
993 3847 1056 3880 ex
1075 3831 1228 3882 Fastis
1250 3842 1380 3880 vete·
1467 3832 1579 3880 dius
1620 3843 1672 3881 et
1716 3833 1801 3880 alii
1842 3835 2141 3898 posteriore·
2178 3833 2305 3883 alios
2338 3839 2509 3890 Festos

349 3909 766 3976 mnpontifleum
787 3910 952 3966 foralia
982 3911 1378 3964 comminuen-
1468 3912 1683 3976 sequuti,
1709 3927 1887 3978 nempe
1913 3929 1998 3962 eos
2014 3949 2031 3974 ,
2048 3913 2143 3979 ¹qui
2171 3929 2200 3962 a
2227 3915 2287 3966 C.
2318 3915 2511 3964 Caesnre

349 4009 466 4042 vum
501 3993 604 4047 kal.
646 3986 874 4052 martias,
903 4009 1008 4058 quo
1047 3993 1128 4044 dio
1163 3993 1380 4044 canu-io
1467 4003 1517 4040 et
1544 3995 1773 4056 Augusto
1808 4005 1982 4058 poste·
2024 3995 2235 4044 correcti
2272 3995 2475 4046 fumat
2493 4029 2509 4054 ,

351 4073 559 4122 decadi
573 4073 862 4137 Pomp-im.
879 4083 936 4122 ut
959 4073 1093 4124 idem
1119 4071 1382 4124 confirmat
1468 4089 1583 4122 mm
1608 4071 1741 4122 diem
1775 4073 1954 4123 festum
1992 4074 2161 4122 triduo
2200 4085 2313 4124 ant·
2349 4074 2514 4123 caum.

349 4151 554 4218 epistola
580 4152 724 4216 primi
751 4152 867 4206 libri
884 4153 1147 4217 sequentia.
1168 4157 1234 4202 At
1254 4153 1378 4202 Ovi·
1468 4161 1583 4202 cant
1613 4167 1627 4202 :
1668 4152 1716 4200 ei
1750 4152 1879 4202 enin
1916 4155 2161 4218 assignat
2196 4152 2511 4205 und-einum
