3019 4681
641 378 1187 447 EPIs‘roLAE
1236 381 1441 449 cle.
1492 380 1619 447 ET
1671 382 2039 468 BRUTI,
2091 378 2195 453 ιδ.
2341 382 2482 485 687

348 506 531 575 Nam
576 501 639 572 si
678 500 1015 572 Octavius
1048 497 1183 569 tibi
1224 499 1503 597 placet,
1550 526 1595 572 a
1639 526 1792 598 quo
1837 502 1930 574 de
1973 518 2222 577 nostra
2262 506 2488 582 salute

349 610 751 712 petendum
790 616 885 682 sit
906 664 927 699 ,
965 634 1117 681 non
1156 610 1540 681 dominum
1571 610 1836 710 fugisse
1860 668 1881 701 ,
1913 614 2038 686 sed
2079 617 2496 691 amiciorem

351 721 729 792 dominum
776 720 1109 818 quaesisse
1162 718 1539 791 videberis.
1576 724 1810 812 Quem
1863 725 2066 821 quod
2115 724 2365 800 laudas
2399 730 2501 802 ob

353 858 477 917 ea,
540 856 703 929 quae
744 830 983 902 adhuc
1018 828 1229 918 fecit,
1282 830 1497 927 plane
1545 831 1786 929 probo
1829 860 1845 903 ε
1891 849 2063 906 sunt
2113 838 2306 907 enim
2345 836 2500 911 lau·-

354 940 627 1029 danda,
664 942 725 1013 si
766 938 989 1010 modo
1034 953 1291 1011 contra
1328 939 1638 1011 alienam
1677 945 2120 1039 potentiam,
2165 970 2316 1018 non
2364 972 2503 1048 pro

353 1075 483 1123 sua
511 1052 828 1148 suscepit
860 1073 977 1121 eas
1010 1052 1351 1121 actiones.
1396 1054 1644 1141 Quum
1671 1075 1848 1123 vero
1867 1052 2185 1148 judicaS,
2215 1072 2502 1131 tantum

355 1162 455 1232 illi
492 1186 643 1233 non
682 1159 905 1231 modo
937 1160 1155 1231 licere
1178 1213 1197 1244 ,
1236 1159 1367 1240 sed
1394 1162 1613 1231 etiam
1637 1186 1680 1233 a
1721 1176 1793 1232 te
1830 1162 1992 1260 ipso
2030 1164 2502 1239 tribuendum

356 1300 554 1364 esse,
598 1290 681 1346 ut
724 1273 1089 1371 rogandus
1129 1275 1223 1344 sit
1249 1329 1268 1362 ,
1330 1298 1427 1345 ne
1464 1274 1652 1345 nolit
1685 1300 1838 1348 esse
1879 1290 2016 1348 nos
2057 1278 2326 1370 salvos;
2385 1284 2500 1353 ni·

355 1392 583 1458 mium
625 1408 961 1483 magnam
996 1382 1399 1455 mercedem
1442 1388 1696 1457 statuis
1732 1414 1748 1455 :
1786 1384 1860 1457 id
1895 1390 2363 1487 enim'ipsum
2397 1392 2504 1465 illi

357 1497 673 1593 largiriS,
708 1493 910 1592 quod
944 1493 1308 1592 perillum
1348 1492 1616 1565 habere
1649 1494 2036 1568 videbatur
2068 1500 2498 1597 respublica.

304 1670 309 1675 .
354 1612 611 1704 Neque
673 1606 817 1677 hoc
866 1603 999 1675 tibi
1040 1608 1120 1675 in
1168 1618 1485 1675 mentem
1533 1606 1772 1693 venit,
1831 1609 1892 1677 si
1935 1610 2280 1681 Octavius
2339 1612 2502 1685 ullis

357 1716 619 1816 dignus
654 1719 747 1787 sit
786 1714 1233 1802 honoribus,
1276 1716 1446 1812 quia
1482 1738 1652 1785 cum
1697 1720 2023 1790 Antonio
2058 1718 2331 1791 bellum
2372 1746 2499 1820 ge·

357 1844 469 1899 rat
500 1857 517 1899 ε
550 1828 680 1907 iis,
722 1828 851 1923 qui
884 1826 1061 1897 illud
1100 1825 1367 1895 malum
1406 1825 1848 1914 exciderint,
1899 1828 2108 1923 cujus
2145 1834 2293 1901 istae
2329 1833 2499 1905 reli·

358 1942 549 2035 quioe
584 1951 791 2025 sunt,
825 1935 1041 2022 nihil,
1074 1959 1227 2033 quo
1258 1935 1532 2031 expleri
1568 1938 1798 2034 possit
1831 1960 2090 2009 eorum
2125 1943 2500 2033 meritum,

358 2048 805 2120 tributurum
851 2070 1199 2144 umquam
1248 2046 1608 2143 populum
1657 2070 2084 2136 romanum,
2154 2052 2212 2122 si
2256 2056 2500 2127 omnia

360 2158 574 2230 simul
595 2158 1054 2254 congesserit.
1080 2161 1172 2227 At
1198 2156 1361 2226 vide
1382 2210 1401 2241 ,
1427 2170 1703 2252 quanto
1727 2157 2140 2255 diligentius
2168 2160 2505 2235 homines

362 2282 727 2357 metuant,
756 2292 977 2366 quam
1012 2266 1503 2354 meminerint,
1542 2268 1714 2362 quia
1743 2269 2103 2339 Antonius
2128 2271 2353 2362 vivat,
2389 2268 2500 2344 at·

361 2403 509 2476 que
552 2381 627 2450 in
665 2381 881 2449 armis
919 2379 1009 2447 sit
1046 2403 1061 2444 ε
1101 2375 1195 2446 de
1238 2379 1516 2446 Caesare
1549 2400 1765 2465 vero,
1811 2377 2016 2474 quod
2058 2377 2218 2451 fieri
2265 2388 2506 2480 potuit

361 2515 445 2562 ac
476 2487 768 2575 debuit,
809 2502 1247 2560 transactum
1282 2503 1429 2575 est3
1476 2511 1717 2583 neque
1751 2488 1898 2582 jam
1929 2493 2255 2561 revocari
2287 2494 2360 2563 in
2394 2496 2502 2564 in-

366 2617 647 2697 tegi-um
692 2613 953 2696 potest.
996 2600 1333 2670 Octavius
1385 2599 1443 2669 is
1488 2611 1634 2680 est,
1686 2600 1886 2694 qui¹¹
1941 2601 2116 2697 quid
2164 2599 2256 2672 de
2293 2600 2504 2675 nobis

358 2712 811 2806 judicaturus
861 2711 992 2797 sit,
1050 2721 1415 2807 exspectet
1452 2709 1778 2807 populus
1819 2713 2209 2782 romanus?
2256 2735 2390 2783 nos
2427 2713 2506 2785 hi

364 2845 615 2893 sumus
633 2876 652 2909 ,
684 2820 775 2891 de
800 2845 1115 2918 quorum
1145 2821 1371 2891 salute
1404 2843 1598 2891 unus
1631 2820 1856 2890 homo
1884 2821 2248 2918 rogandus
2270 2822 2506 2895 videa·

367 2933 525 3004 tur?
567 2937 721 3030 Ego
756 2929 968 3018 vero,
1032 2947 1115 3000 ut
1161 2934 1348 3002 istuc
1391 2945 1742 3018 revertar,
1795 2933 1856 3001 is
1915 2954 2112 3020 sum,
2175 2934 2304 3029 qui
2349 2958 2504 3004 non

368 3041 589 3113 modo
614 3066 766 3112 non
788 3039 1193 3139 supplicem
1212 3095 1233 3128 ,
1251 3039 1377 3111 sed
1400 3043 1617 3109 etiam
1647 3063 2014 3111 coerceam
2036 3039 2507 3139 postulantes»,

368 3169 455 3223 ut
487 3151 623 3223 sibi
658 3149 1125 3249 supplicetur.
1174 3154 1317 3220 Aut
1362 3149 1576 3244 longe
1631 3175 1672 3218 a
1713 3148 2197 3220 servientibus
2245 3148 2506 3242 abero,

369 3262 693 3358 mihique
735 3283 889 3333 esse
919 3257 1265 3354 judicabo
1314 3263 1656 3344 Romam,
1699 3255 2148 3354 ubicumque
2195 3257 2502 3333 liberum

370 3397 525 3444 esse
574 3371 864 3460 licebit3
922 3369 1271 3442 ac‘vestri
1322 3366 1756 3455 miserebor,
1799 3367 2069 3464 quibus
2113 3393 2252 3441 nec
2301 3385 2503 3463 aetam,

372 3505 612 3578 neque
646 3481 989 3568 honores,
1030 3503 1273 3575 neque
1306 3481 1534 3548 virtus
1559 3476 1872 3548 alienam
1903 3477 2358 3551 dulcedinem
2395 3485 2503 3552 vi-

375 3648 641 3713 Quaesisse.
676 3648 820 3697 Conf.
851 3645 1095 3696 Plutarch.
1126 3647 1177 3694 in
1212 3649 1366 3695 Bruto
1381 3682 1396 3707 ,
1482 3646 1572 3709 plo
1611 3645 1838 3694 fortiores
1884 3659 1988 3693 esse
2005 3677 2021 3704 ‚
2074 3657 2126 3694 et
2165 3646 2316 3694 vitn-
2343 3648 2506 3698 minuc

374 3745 482 3793 cap.
509 3744 607 3786 ²²3
635 3727 690 3775 in
712 3727 817 3776 Cic.
843 3745 957 3793 cap.
980 3728 1065 3783 45.
1092 3729 1186 3775 En.
1484 3725 1760 3788 aliquanto,
1788 3739 1934 3787 quain
1971 3723 2274 3784 liba-tatem,
2307 3725 2510 3792 diligere

448 3823 531 3856 υ.
576 3807 852 3855 Markland.
900 3817 1042 3872 putat
1084 3803 1397 3853 scribendum
1485 3803 1752 3852 debebatis.
1779 3803 2508 3867 Mut.—1aegitBnh.inTunc.

372 3886 521 3934 suisa
540 3923 557 3948 ,
602 3903 638 3934 a
664 3903 759 3950 quo
786 3885 910 3951 quid
946 3887 1011 3934 de
1052 3885 1205 3934 nobis.
1246 3884 1394 3931 Male.
1484 3887 1508 3932 Ῑ
1523 3917 1540 3942 ,
1562 3886 1654 3940 45,
1677 3883 1922 3942 alienam,
1945 3883 1998 3932 h.
2021 3900 2067 3932 e.
2089 3899 2201 3948 quoe
2221 3886 2510 3936 Cicero-on

374 3968 408 4014 J
416 3969 512 4016 .V.
539 3970 593 4016 L.
1482 3979 1588 4012 non
1623 3962 1822 4021 deceat,
1865 3977 1982 4026 qnae
2017 3963 2174 4027 poenit
2209 3963 2408 4028 quidem
2452 3969 2508 4014 in

452 4063 532 4096 ω.
574 4047 773 4096 Aliena.
817 4049 994 4098 Noctua
1042 4045 1263 4107 scilieet,
1312 4043 1397 4107 qui
1486 4041 1662 4105 vulgus
1685 4039 1894 4104 eadm,
1923 4040 2011 4088 eod
2031 4041 2228 4088 minine
2251 4042 2304 4088 in
2341 4059 2508 4091 mem

380 4139 641 4191 tynnnnm
666 4127 963 4186 occidimus,
986 4141 1197 4191 quornm
1234 4139 1399 4172 exem·
1487 4120 1760 4170 bonoribns
1797 4135 1854 4169 ae
1887 4121 2066 4170 virtute
2100 4119 2442 4183 conspicuum.
