3019 4681
552 345 701 441 434
1194 354 1293 423 Μ.
1345 354 1423 423 Τ.
1474 310 2036 425 CICERONIS

554 474 983 559 confirmare
1002 472 1169 567 ejus
1216 486 1371 545 acta
1414 498 1570 545 non
1613 476 2003 570 coegisset3
2043 489 2170 546 aut
2209 475 2350 572 (ut
2383 482 2462 549 in
2501 483 2686 553 Sau-

552 585 751 657 feii¹⁷
800 608 957 655 eam
981 636 1002 670 ,
1044 580 1602 680 relinquantque
1647 583 2086 657 Tusculanas
2121 584 2679 685 disputationes,

552 695 643 769 ad
673 719 854 793 quas
886 708 969 765 tu
996 694 1211 765 etiam
1244 695 1657 765 Vestorium
1683 693 2063 791 hortaris),
2095 696 2191 767 ita
2215 700 2510 795 gratiosi
2535 726 2683 775 era-

552 832 719 879 mus
779 802 973 903 apud
1027 802 1274 891 illum,
1322 828 1546 899 quem
1598 802 1698 873 dii
1759 820 2130 876 mortuum
2164 806 2559 905 perduint!
2599 827 2684 883 ut

550 930 817 989 nostrae
844 914 1065 998 aetati,
1097 913 1443 1008 quoniam
1462 902 1844 989 interfecto
1861 913 2160 989 domino
2179 915 2386 989 liberi
2395 942 2544 991 non
2563 947 2682 993 su·

554 1050 755 1114 muS,
784 1048 939 1095 non
969 1020 1187 1095 fuerit
1214 1020 1558 1095 dominus
1585 1023 1704 1095 ille
1741 1022 2148 1122 fugiendus.
2175 1028 2438 1103 Rubeo
2455 1084 2480 1118 ‚
2505 1031 2684 1103 mihi

554 1136 789 1211 crede.
831 1134 975 1207 Sed
1019 1132 1167 1227 jam
1210 1135 1672 1231 scripseram3
1723 1130 1971 1215 delere
2019 1137 2246 1210 nolui.
2286 1143 2397 1211 De
2435 1144 2683 1212 Mene-

552 1246 767 1317 demo
788 1298 819 1332 ,
844 1240 1103 1315 vellem
1136 1266 1383 1313 verum
1414 1240 1690 1317 fuisset.
1727 1248 1834 1317 De
1865 1249 2113 1344 regina
2136 1302 2157 1336 ,
2185 1248 2400 1321 velim
2433 1275 2682 1323 verum

554 1358 666 1429 sit.
706 1358 963 1428 Cetera
987 1378 1269 1441 coram,
1298 1368 1371 1425 et
1402 1344 1712 1427 maxime
1733 1409 1753 1445 ,
1779 1356 1954 1453 quid
1985 1363 2252 1431 nostris
2275 1357 2683 1434 faciendum

554 1466 687 1550 si-t3
719 1462 897 1560 quid
912 1466 1128 1535 etiam
1152 1462 1401 1552 nobis,
1436 1464 1495 1535 si
1517 1467 1875 1538 Antonius
1896 1467 2246 1541 militibus
2259 1469 2685 1543 obsessurus

550 1588 659 1644 est
708 1587 1061 1645 senatum.
1126 1578 1329 1645 Hanc
1378 1575 1756 1673 epistolam
1793 1580 1852 1649 si
1895 1579 2087 1652 illius
2121 1580 2494 1653 tabellario
2554 1582 2685 1655 de-

546 1682 847 1772 dissem,
882 1685 1153 1756 veritus
1186 1708 1351 1755 sum
1370 1738 1397 1771 ,
1425 1710 1529 1757 ne
1568 1687 1902 1761 solveret.
1941 1695 2194 1789 Itaque
2237 1694 2398 1765 misi
2445 1692 2686 1765 dedita

552 1816 773 1889 opera
811 1821 828 1863 ε
868 1807 1025 1865 erat
1050 1796 1242 1865 enim
1280 1794 1832 1869 rescribendum
1868 1801 2032 1873 tuis.

645 1910 885 1998 Quam
949 1906 1203 1979 vellem
1230 1960 1255 1993 ‚
1302 1912 1526 1979 Bruto
1589 1910 1912 1983 studium
1971 1928 2182 1986 tuum
2239 1942 2504 1989 navare
2551 1942 2686 2015 po-

466 2080 469 2083 .
550 2016 836 2089 tuisses!
882 2042 1019 2114 ego
1048 2018 1267 2115 igitur
1298 2015 1389 2087 ad
1430 2042 1600 2089 eum
1635 2020 1898 2094 literas.
1935 2023 2043 2096 Ad
2077 2025 2526 2099 Dolabellam
2565 2030 2687 2099 Ti-

548 2152 805 2199 ronem
844 2128 1007 2199 misi
1034 2150 1199 2197 cum
1235 2126 1592 2200 mandatis
1623 2146 1697 2202 et
1729 2132 1974 2205 literis.
2019 2141 2204 2233 Eum
2239 2136 2331 2208 ad
2365 2152 2441 2210 te
2471 2162 2684 2209 voca·

550 2237 707 2320 bis;
762 2252 871 2324 et,
898 2241 959 2307 si
992 2235 1173 2332 quid
1208 2234 1546 2325 habebis,
1585 2239 1786 2337 quod
1823 2242 2138 2342 placeat,
2175 2245 2466 2318 scribes.
2503 2252 2687 2317 Ecce

554 2363 794 2420 autem
818 2345 921 2418 de‘
944 2361 1353 2419 transverso
1372 2352 1451 2438 L,
1474 2351 1731 2440 Caesar,
1761 2367 1844 2424 ut
1871 2358 2152 2428 veniam
2175 2355 2266 2428 ad
2290 2383 2367 2430 se
2388 2411 2407 2446 ‚
2444 2345 2650 2454 rog'at
2665 2412 2687 2446 ‚

556 2462 634 2528 in
654 2461 928 2528 Nemus
949 2451 1048 2543 ¹⁸3
1088 2471 1211 2528 aut
1236 2457 1544 2529 scribam
1568 2515 1587 2546 ‚
1608 2485 1758 2558 quo
1779 2488 1853 2536 se
1887 2467 2137 2538 venire
2163 2467 2377 2538 velim
2410 2494 2426 2536 ε
2465 2473 2688 2538 Bruto

550 2569 747 2638 enim
791 2567 1111 2664 placere,
1147 2591 1224 2639 se
1263 2593 1303 2640 a
1332 2593 1450 2640 me
1492 2577 1884 2646 conveniri.
1933 2581 2000 2646 Ο
2049 2601 2200 2649 rem
2242 2576 2568 2649 odiosam
2613 2591 2690 2648 et

551 2674 1129 2774 inexplicabilem
1161 2676 1175 2748 !
1206 2681 1393 2748 Puto
1437 2700 1554 2750 me
1597 2705 1774 2780 ergo
1823 2689 2096 2756 iturum
2118 2739 2138 2770 ,
2195 2700 2271 2756 et
2323 2685 2494 2756 inde
2538 2691 2686 2756 Ro·

556 2809 746 2857 mam
767 2813 789 2874 ;
817 2787 953 2856 nisi
974 2787 1151 2883 quid
1180 2803 1488 2860 mutam.
1519 2795 1940 2865 Summatim
1963 2794 2202 2867 adhuc
2219 2795 2310 2868 ad
2333 2811 2447 2868 te:
2475 2795 2692 2866 nihil-

556 2896 730 2968 dum
766 2896 958 2966 enim
982 2921 1021 2964 a
1041 2895 1281 2968 Balbo.
1308 2901 1495 2970 Tuas
1528 2901 1746 2998 igitur
1777 2919 2152 3002 exspecto,
2189 2931 2325 2978 nec
2360 2919 2688 2978 actorum

564 3006 838 3092 solum,
874 3005 996 3076 sed
1028 3008 1241 3077 etiam
1270 3006 1710 3081 futurorum.

448 3175 453 3180 ’
552 3180 656 3214 non
680 3163 843 3212 evulsa
868 3185 908 3213 υ.
952 3165 1005 3211 si
1041 3163 1334 3228 prudenter,
1374 3168 1560 3230 inquit,

552 3245 779 3293 fecissent
814 3244 1051 3306 conjurati
1068 3278 1083 3303 ,
1122 3247 1395 3294 Antonium
1426 3245 1574 3294 simul

550 3339 665 3372 cum
706 3325 891 3372 Caessre
944 3323 1249 3372 sustulissent
1274 3339 1290 3372 :
1344 3325 1482 3388 quod
1529 3324 1571 3372 si

550 3405 735 3454 factum
760 3417 911 3463 esset,
932 3419 1067 3452 nunc
1092 3404 1142 3450 in
1168 3405 1391 3452 Antonio
1416 3405 1574 3452 cm-

554 3501 655 3532 rem
688 3501 789 3534 non
814 3485 1099 3532 haberemus
1115 3519 1131 3542 ,
1150 3485 1287 3546 quasi
1320 3482 1381 3531 ab
1408 3483 1576 3532 inferis

552 3580 813 3613 reversum.
830 3567 1017 3628 Legunt
1030 3563 1111 3611 alii
1122 3597 1137 3623 ,
1148 3561 1422 3626 revixisset,
1434 3579 1579 3610 sensu

554 3643 745 3694 eodem.
764 3647 983 3692 Fortasse
1006 3641 1133 3691 dixit
1146 3641 1409 3690 revenisset
1423 3675 1440 3700 ,
1457 3657 1580 3706 quo·

554 3727 681 3771 niam
700 3723 825 3770 fama
844 3734 947 3771 tum
963 3733 1068 3771 erat
1079 3758 1093 3781 ,
1111 3723 1383 3771 Antonium
1400 3722 1579 3770 reverti

534 3799 765 3850 ‘Romam
778 3819 889 3850 cum
906 3803 1187 3866 ingentibus
1202 3801 1375 3866 copiis,
1390 3811 1445 3848 ut
1460 3801 1580 3850 Gal-

556 3883 643 3930 lias
666 3882 761 3929 sibi
786 3897 815 3928 a
841 3893 1011 3930 senatu
1037 3891 1368 3945 extorqueret.
1394 3881 1576 3929 Moto.

632 3977 711 4022 ¹7·
750 3965 851 4008 Aue
882 3963 973 4024 (ut
1004 3961 1055 4009 in
1084 3959 1330 4026 Saufeii).
1370 3963 1501 4018 Aut,
1532 3960 1575 4008 si

552 4039 721 4088 tollere
748 4037 980 4088 nolebant
1007 4039 1274 4088 Antonium
1291 4074 1305 4096 ,
1339 4039 1575 4087 Caesnrem

554 4134 657 4167 non
703 4117 943 4167 debebant
978 4133 991 4167 ε
1036 4127 1089 4166 ut
1130 4119 1260 4165 enim
1300 4119 1355 4164 in
1392 4117 1575 4166 Saufeii

1659 3165 2109 3228 Epicureorumque
2140 3177 2320 3214 sectam
2359 3165 2529 3214 abeam
2543 3201 2558 3224 ,
2603 3167 2690 3230 qui

1662 3242 1972 3292 dominatum
2007 3245 2130 3293 ferre
2167 3256 2220 3293 et
2255 3245 2435 3294 servire
2471 3243 2683 3300 indunt,

1661 3331 1806 3386 quain
1827 3324 1954 3371 mori
1971 3360 1986 3385 ,
2005 3323 2370 3388 relinqusmque
2387 3323 2686 3372 Tusculanas

1662 3401 2013 3466 disputationes
2031 3437 2048 3464 ,
2095 3419 2207 3466 quo
2249 3401 2433 3450 docent
2473 3413 2682 3451 mortem

1661 3498 1763 3530 esse
1787 3481 2008 3530 servituti
2033 3481 2424 3546 anteponendem
2439 3516 2454 3537 ‚
2485 3481 2552 3529 its
2577 3495 2688 3545 gra-

1665 3561 1780 3609 tiosi
1816 3575 2004 3608 eramus
2036 3561 2170 3624 apud
2209 3561 2378 3620 illum,
2415 3573 2474 3610 nt
2511 3571 2688 3610 nostra

1665 3641 1924 3699 senectuti,
1943 3639 2182 3703 siquidem
2201 3639 2455 3689 dominum
2473 3640 2688 3688 habituri

1665 3736 1900 3779 essemus,
1931 3735 2032 3768 non
2067 3721 2214 3769 fuerit
2239 3720 2467 3769 dominus
2495 3719 2578 3768 ille
2607 3720 2688 3767 fu·

1667 3799 1884 3863 giendus.
1911 3801 2110 3848 Portu.

1741 3881 1822 3928 18.
1845 3880 2039 3928 Nemus.
2063 3881 2250 3928 Locum
2269 3877 2502 3941 intelligit
2517 3876 2689 3926 Diana

1661 3975 1849 4028 sacrum
1865 3961 1920 4006 in
1941 3973 2059 4022 agro
2080 3957 2302 4006 Aricino.
2327 3959 2400 4005 Eo
2424 3957 2540 4004 loeo
2555 3971 2688 4021 pro—

1661 4037 1796 4086 elium
1831 4037 2004 4087 hahuit
2050 4041 2104 4087 L.
2149 4037 2336 4094 Caessr,
2371 4035 2510 4100 quod
2569 4034 2688 4082 inde

1663 4119 1958 4168 Nemorense
1980 4119 2248 4168 dicebatur.
2273 4121 2477 4166 Bosms.
