3019 4681
614 388 1133 457 EPISTOLAE
1183 388 1323 456 An
1373 386 1463 475 Q.
1521 388 2158 478 FRATR·EM‚1,
2203 415 2258 460 ι.
2369 386 2512 489 5‘29

376 510 589 608 culpa
610 567 631 598 ‚
667 523 921 580 contra
954 530 1175 605 quam
1203 522 1289 579 tu
1316 531 1602 579 mecum
1647 522 1720 579 et
1751 506 2254 607 proficiscens,
2287 528 2360 586 et
2383 538 2513 613 per

374 620 615 692 literas
666 642 927 716 ‘egeras
959 673 978 707 ‚
1053 632 1140 689 ut
1198 620 1445 715 priore
1507 643 1706 689 anno
1765 642 1918 690 non
1979 620 2506 698 succederetur.

377 729 597 823 Quod
628 752 795 826 egO,
833 728 1009 800 dum
1047 730 1417 799 sociorum
1451 727 1663 799 saluti
1697 728 2030 813 consulo,
2071 728 2248 801 dum
2275 732 2510 831 impu-

375 840 633 911 dentiae
657 839 1177 910 nonnullorum
1218 834 1802 935 negotiatorum³
1837 840 2130 926 resisto,
2169 840 2348 913 dum
2375 870 2510 917 no-

374 964 593 1020 stram
643 949 943 1047 gloriam
992 963 1119 1020 tua
1176 950 1445 1021 virtute
1502 949 1752 1046 augeri
1809 964 2074 1047 expeto
2105 1004 2125 1035 ‚
2167 948 2306 1023 feci
2361 979 2512 1027 non

375 1062 736 1157 sapienter
775 1086 792 1130 :
844 1058 1237 1157 praesertim
1280 1080 1512 1155 quum
1563 1054 1640 1127 id
1696 1056 2174 1128 commiserim
2194 1112 2215 1147 ,
2243 1074 2346 1130 ut
2392 1062 2513 1135 ille

374 1168 807 1239 alter-annus
836 1168 1052 1239 etiam
1084 1168 1376 1238 tertium
1404 1179 1650 1263 posset
1679 1163 2061 1238 adducere.
2083 1168 2305 1257 Quod
2332 1196 2514 1268 quo-

374 1280 571 1349 niam
623 1292 1003 1377 peccatum
1050 1298 1297 1347 meum
1349 1300 1501 1347 esse
1549 1274 1906 1348 confiteor
1926 1330 1946 1364 ,
1995 1290 2102 1347 est
2153 1279 2515 1377 sapientiae

376 1404 594 1487 atque
641 1388 1111 1461 humanitatis
1168 1400 1307 1457 tuae
1354 1410 1609 1458 curare
1663 1400 1738 1457 et
1791 1384 2137 1483 perficere
2157 1442 2178 1476 ,
2230 1403 2315 1460 ut
2369 1390 2514 1463 hoc

302 1508 307 1513 “
374 1504 621 1571 minus
662 1499 1025 1598 sapienter
1058 1522 1100 1569 a
1146 1520 1266 1568 me
1302 1500 1672 1596 provisum
1712 1494 2084 1593 diligentia
2123 1513 2246 1570 tua
2282 1506 2512 1575 corri-

376 1624 609 1707 gatur.
2497 1672 2504 1680 .

474 1726 577 1792 Ac
612 1722 674 1791 si
726 1734 795 1792 te
848 1720 1005 1819 ipse
1054 1718 1556 1791 vehementius
1595 1718 1688 1788 ad
1741 1742 1994 1790 omnes
2036 1734 2277 1817 partes
2325 1720 2516 1795 bene

378 1830 765 1903 audiendi⁴
806 1832 1174 1916 excitaris,
1218 1854 1370 1900 non
1404 1842 1490 1900 ut
1525 1852 1694 1934 cum
1727 1827 1926 1916 aliis,
1977 1828 2105 1901 sed
2146 1845 2228 1901 ut
2273 1845 2514 1904 tecum

373 1944 522 2037 jam
556 1917 713 2040 ipse
741 1956 1005 2027 certes;
1038 1943 1100 2013 si
1135 1962 1433 2023 omnem
1464 1952 1668 2009 tuam
1689 1951 2053 2027 mentem,
2092 1963 2376 2027 curam,
2401 1967 2518 2014 co·

378 2053 835 2149 gitationem,
840 2052 949 2124 ad
982 2046 1509 2124 excellentem⁵
1542 2047 1941 2120 omnibus
1922 2074 2000 2120 ιιι
2036 2048 2258 2123 rebus
2286 2051 2518 2125 laudis

380 2158 851 2257 cupiditatem
884 2162 1238 2250 incitaris;
1270 2158 1447 2231 mihi
1470 2157 1721 2250 crede,
1749 2184 1942 2230 unus
1971 2184 2206 2231 annus
2237 2158 2521 2235 additus

380 2268 615 2340 labori
654 2283 831 2362 tu0,
886 2272 1279 2343 multorum
1317 2293 1677 2340 annorum
1716 2269 2031 2342 laetitiam
2064 2268 2319 2362 nobiS,
2361 2273 2518 2371 glo-

378 2383 561 2454 riam
599 2405 773 2454 vero
822 2384 1037 2454 etiam
1083 2383 1388 2494 posteris
1424 2380 1690 2453 nostris
1733 2378 2005 2453 afferet.
2055 2385 2523 2482 Quapropter

377 2489 521 2562 hoc
571 2506 643 2563 te
699 2494 1014 2592 primum
1057 2516 1292 2590 rog0,
1338 2515 1431 2562 ne
1468 2488 1897 2577 contrahaS‚
1955 2487 2134 2561 aut⁶
2189 2490 2521 2566 demittas

377 2603 737 2690 animum,
763 2626 945 2675 neve
978 2616 1049 2674 te
1085 2600 1342 2690 obrui,
1388 2616 1761 2697 tamquam
1795 2598 2058 2689 fluctu,
2101 2602 2203 2674 sic
2235 2609 2521 2702 magni-

377 2712 637 2786 tudine
681 2715 953 2812 negotii
995 2715 1187 2784 sinas
1215 2768 1236 2799 ‚
1282 2724 1685 2806 contraque
1713 2710 1970 2806 ‘erigas
1987 2765 2006 2798 ‚
2069 2734 2155 2781 ac
2193 2717 2480 2784 resistas
2495 2753 2522 2800 ·‚

380 2823 528 2893 sive
564 2824 783 2894 etiam
818 2825 1015 2896 ultro
1060 2844 1399 2894 occurras
1436 2822 1768 2916 negotiis.
1806 2821 2064 2917 Neque
2101 2822 2296 2892 enim
2332 2823 2523 2916 ejus-

378 2929 579 3002 modi
610 2947 890 3029 partem
924 2931 1342 3031 reipublicae
1376 2931 1564 3028 geris
1591 2983 1610 3014 ‚
1653 2932 1728 3000 in
1774 2953 1920 3026 qua
1959 2927 2252 3002 fortuna
2295 2931 2523 3003 domi-

380 3054 631 3128 netur,
660 3038 889 3112 sedin
925 3067 1071 3139 qua
1104 3041 1501 3140 plurimum
1527 3043 1712 3110 ratio
1741 3040 2002 3136 possit,
2029 3053 2104 3110 et
2126 3038 2523 3137 diligentia.

384 3149 607 3242 Quod
641 3150 700 3222 si
720 3149 893 3241 tihi,
930 3149 1210 3224 bellum
1242 3147 1540 3246 aliquod
1573 3171 1921 3245 magnum
1945 3161 2018 3218 et
2037 3149 2526 3246 periculosum

380 3246 940 3350 administranti,
974 3274 1445 3361 prorogatum
1464 3260 1850 3357 imperium
1871 3257 2186 3329 viderem
2207 3315 2227 3344 ‚
2261 3273 2524 3334 treme-

383 3395 540 3443 rem
588 3376 877 3454 animo‚
921 3371 1125 3469 quod
1186 3369 1446 3442 eodem
1482 3384 1814 3467 tempore
1857 3389 2011 3439 esse
2056 3368 2524 3468 intelligerem

386 3482 601 3554 etiam
639 3479 951 3553 fortunae
1004 3495 1441 3581 potestatem
1482 3481 1562 3550 in
1605 3502 1742 3550 nos
1771 3493 2266 3577 prorogatam.
2316 3486 2529 3556 Nunc

455 3665 505 3713 3.
534 3663 929 3730 Negotiator-um.
952 3667 1053 3730 Qui
1075 3666 1283 3714 Romam
1300 3679 1419 3728 que·
1504 3661 1758 3711 excitaris.
1783 3662 2032 3727 Prospera
2058 3663 2224 3723 fama,
2246 3647 2456 3713 nominis
2479 3677 2530 3716 et

380 3751 511 3790 stum
542 3753 773 3790 venerant
806 3743 869 3792 de
916 3745 1091 3808 Quinti
1134 3741 1414 3792 acerbitate.
1504 3740 1891 3790 existimationis.

310 3824 319 3841 “
382 3820 611 3884 Querela
633 3831 795 3868 nutem
815 3823 1008 3884 injustae
1029 3822 1346 3883 videbantur,
1373 3823 1417 3870 si
1579 3821 1628 3869 5.
1665 3822 1915 3870 Ernestius
1953 3821 2156 3882 coniicit
2173 3857 2192 3880 ,
2235 3823 2527 3874 excellentis.

380 3899 465 3948 ille
474 3899 667 3961 judicio
690 3911 885 3950 sennua·
904 3903 959 3949 in
995 3902 1202 3966 imperio
1226 3899 1412 3949 confir·
1502 3901 1556 3952 J,
1575 3903 1643 3950 V.
1661 3903 1720 3950 1..

380 3990 607 4028 mni-etur.
624 3978 754 4028 Vide
768 3995 967 4046 quoque
985 3979 1048 4029 nd
1066 3980 1219 4030 Attio.
1240 3983 1312 4028 vt
1331 4015 1346 4040 ,
1366 3995 1414 4042 1,
1571 3981 1624 4030 ⁶.
1647 3983 1723 4029 Ac
1745 3978 1986 4029 damieta.
2007 3983 2080 4030 Ita
2109 3980 2375 4030 Victorius.
2401 3983 2525 4040 Am,

384 4073 417 4106 a
431 4091 448 4116 ‚
469 4069 566 4107 etc.
596 4058 690 4106 En.
1500 4071 1592 4110 aue
1609 4059 1846 4109 demittas.
1875 4059 2144 4126 malaspina
2160 4063 2374 4126 primum
2402 4061 2528 4111 illud

455 4144 507 4194 4.
535 4135 624 4184 Ad
646 4151 815 4186 omnes
830 4149 1003 4204 partes
1030 4139 1151 4188 bene
1175 4137 1416 4189 audiendi
1500 4151 1680 4193 tuetur.

578 4221 707 4288 HI.
766 4237 855 4282 cte.
879 4251 993 4299 pars
1030 4247 1205 4302 quarta.
2198 4221 2286 4309 34
