3019 4681
529 378 670 452 518
1171 380 1268 449 M.
1319 380 1397 447 T„
1451 380 2019 450 CICERONIS

521 502 854 574 molestia
887 498 1251 572 liberares.
1292 498 1655 572 Omnibus
1688 501 1883 572 enim
1922 499 2145 573 rebus
2172 524 2443 601 magna
2468 529 2675 597 cura,

521 611 748 684 multa
789 634 1051 711 opera,
1091 625 1166 683 et
1205 609 1456 683 labore
1491 607 1843 683 confectis
1863 665 1885 699 ‚
1928 613 2005 683 in
2040 625 2111 684 te
2148 615 2477 711 positum
2520 632 2673 705 est,

517 738 604 795 ut
631 736 926 795 'nostrae
979 719 1490 795 sollicitudinis
1528 718 1755 793 finem
1802 745 2022 818 quam
2068 723 2387 820 primum
2434 723 2671 799 facere

522 835 901 932 possimus.
959 835 1424 930 Quamquam
1475 830 1981 929 intelligimus,
2028 856 2113 905 ea
2158 846 2233 905 te
2282 858 2441 907 esse
2489 861 2669 934 pru-

519 943 764 1016 dentia
785 1001 806 1034 ,
855 958 940 1014 ut
979 940 1224 1015 videas
1247 998 1268 1031 ,
1309 942 1374 1015 si
1417 966 1502 1014 ea
1550 942 1843 1016 decreta
1892 943 2277 1016 consulum
2296 1000 2320 1033 ‚
2364 970 2535 1043 quae
2578 946 2669 1019 de

516 1055 808 1127 Caesaris
857 1055 1036 1129 actis
1089 1054 1517 1153 interposita
1568 1067 1741 1125 sunt
1765 1107 1786 1142 ,
1844 1078 1995 1125 non
2044 1070 2460 1144 serventur,
2516 1081 2667 1128 ma·-

514 1188 728 1261 gnam
780 1162 1408 1264 perturbationem
1457 1188 1706 1236 rerum
1752 1160 1931 1235 fore.
1972 1162 2330 1263 Equidem
2354 1218 2375 1255 ,
2429 1190 2665 1264 quum

517 1274 745 1347 multa
765 1328 786 1365 ,
847 1272 1056 1372 quod
1130 1298 1422 1347 necesse
1487 1289 1642 1347 erat
1698 1274 1779 1345 in
1840 1288 2043 1345 tanta
2096 1275 2625 1373 occcupatione
2644 1330 2666 1362 ,

515 1410 666 1457 non
705 1384 1137 1485 probentur,
1179 1382 1343 1482 quae
1385 1389 1623 1457 Caesar
1660 1388 1999 1457 statuerit
2024 1438 2046 1475 ‚
2084 1399 2329 1457 tamen
2364 1387 2503 1457 otii
2538 1411 2665 1486 pa-

515 1499 764 1595 cisque
801 1520 1016 1569 causa
1049 1496 1396 1568 acerrime
1436 1495 1559 1567 illa
1588 1496 1791 1567 soleo
1818 1493 2255 1585 defendere3
2290 1495 2501 1593 quod
2524 1496 2663 1569 tihi

513 1608 706 1680 idem
744 1630 1183 1705 magnopere
1220 1604 1637 1678 faciendum
1670 1630 1935 1679 censeo
1965 1635 1983 1679 ε
2020 1629 2467 1705 quamquam
2506 1606 2664 1680 haec

513 1716 816 1815 epistola
865 1740 1019 1787 non
1076 1716 1388 1787 suasoris
1445 1730 1592 1804 est,
1646 1714 1774 1787 sed
1828 1718 2205 1813 rogatoris.
2256 1718 2517 1814 Igitur,
2558 1721 2661 1789 mi

509 1826 770 1899 Plance
792 1882 812 1917 ,
849 1848 1033 1923 rogo
1066 1839 1175 1915 te,
1209 1840 1283 1895 et
1325 1826 1544 1895 etiam
1586 1850 1721 1896 oro
1748 1880 1768 1915 ‚
1802 1828 1907 1897 sic
1948 1825 2231 1899 medius
2272 1825 2492 1898 fidius
2512 1882 2533 1915 ,
2578 1843 2661 1900 ut

507 1937 784 2034 majore
838 1933 1079 2009 studio
1101 1988 1120 2023 ‚
1167 1938 1545 2032 magisque
1588 1959 1681 2006 ex
1730 1936 1978 2008 animo
2032 1960 2243 2035 agere
2288 1960 2442 2009 non
2492 1962 2661 2036 pos-

509 2049 644 2121 sim
665 2103 686 2134 ,
720 2062 804 2119 ut
839 2061 1078 2118 totum
1125 2042 1268 2116 hoc
1301 2046 1678 2142 negotium
1716 2046 1817 2116 ita
1844 2068 2053 2142 agam,
2090 2049 2191 2117 ita
2224 2060 2529 2136 tracteS,
2558 2049 2657 2121 ita

507 2156 848 2231 conficias
869 2212 888 2244 ,
932 2170 1052 2244 ut,
1102 2152 1309 2251 quod
1353 2156 1506 2227 sine
1547 2154 1694 2226 ulla
1736 2154 2193 2227 dubitatione
2236 2154 2434 2255 apud
2474 2182 2654 2229 con-

507 2270 700 2342 sules
768 2266 1222 2339 obtinuimus
1249 2320 1268 2354 ,
1326 2281 1629 2366 propter
1690 2289 2045 2339 summam
2104 2265 2517 2339 bonitatem
2580 2284 2654 2339 et

506 2377 917 2472 aequitatem
951 2399 1218 2463 causae,
1253 2373 1330 2447 id
1372 2390 1458 2447 tu
1497 2400 1635 2446 nos
1670 2374 2069 2449 obtinuisse
2110 2401 2264 2448 non
2296 2377 2527 2450 modo
2554 2377 2651 2450 fa·

505 2485 639 2557 cile
671 2487 940 2584 patiare
960 2541 981 2574 ,
1019 2484 1150 2558 sed
1195 2487 1410 2558 etiam
1451 2485 1783 2584 gaudeas.
1826 2488 1991 2578 Qua
2030 2485 2335 2585 quidem
2376 2488 2500 2560 vol
2511 2515 2646 2560 un-

503 2610 648 2667 tate
693 2607 884 2668 esse¹
931 2621 1098 2694 erga
1145 2598 1459 2669 Atticum
1477 2651 1498 2686 ,
1544 2620 1732 2695 saepe
1778 2621 2095 2695 praesens
2142 2614 2215 2669 et
2258 2597 2367 2668 illi
2404 2615 2651 2672 osten·

508 2703 673 2776 disti
695 2759 714 2793 ,
743 2719 816 2777 et
843 2729 1014 2777 vero
1046 2707 1260 2777 etiam
1300 2706 1504 2778 mihi.
1554 2705 1773 2798 Quod
1800 2708 1860 2778 si
1888 2705 2141 2780 feceris
2164 2761 2183 2792 ‚
2224 2731 2381 2798 me,
2421 2734 2645 2807 quem

504 2813 915 2905 voluntate,
953 2830 1028 2888 et
1051 2832 1353 2916 paterna
1382 2817 1915 2890 necessitudine
1946 2818 2109 2914 conj
2120 2831 2429 2890 unctum
2460 2843 2645 2892 sem-

503 2955 636 3030 per
672 2927 1021 3019 habuisti,
1073 2932 1392 3003 maximo
1431 2930 1797 3004 beneficio
1846 2931 2268 3004 devinctum
2306 2929 2639 3006 habebis.

467 3039 733 3140 ‘quue
786 3056 871 3112 ut
926 3040 1140 3114 facias
1163 3097 1182 3133 ,
1238 3057 1312 3114 te
1363 3043 1832 3115 vehementer
1882 3043 2099 3114 etiam
2143 3055 2368 3140 atque
2418 3045 2639 3116 etiam

501 3176 701 3250 rogo.

573 3361 616 3392 ι.
672 3345 932 3394 Voluntace
977 3362 1090 3394 esse.
1147 3349 1273 3410 Lege
1302 3364 1314 3392 :
1350 3369 1374 3386 ι
1401 3347 1511 3409 Qua
1602 3361 1713 3394 cnm
1734 3366 1776 3394 a.
1810 3342 1874 3394 Τὸ
1905 3356 1950 3394 ee
1976 3345 2283 3410 absorpoent
2310 3344 2638 3410 precedentis

499 3423 696 3488 quidem
731 3423 979 3473 voluntate
1017 3435 1066 3472 te
1097 3441 1200 3473 este
1235 3439 1346 3488 erga
1382 3425 1512 3473 Aui-
1604 3427 1742 3474 vocis
1762 3425 1932 3473 nltIma
1956 3422 2170 3489 syllaba,
2196 3435 2255 3472 nt
2276 3439 2427 3488 sepe.
2458 3425 2633 3473 (ἔπιεν.
