3019 4681
531 384 672 471 488
1168 388 1264 455 Μ.
1317 386 1395 454 Τ.
1448 384 2026 457 CICERONIS

526 508 716 579 illius
772 507 1134 605 judicium·
1195 504 1813 595 confirmandum,
1864 509 2367 579 auctoritatem
2430 522 2647 583 tuam.

622 618 840 685 Bruto
879 638 1107 711 quum
1141 606 1374 709 saepe⁸
1399 614 1801 707 injecissem
1834 612 1927 684 de
1960 615 2471 708 ὁμοπλοίᾳ,ηοη
2491 641 2649 714 per·

522 725 692 796 inde
715 781 735 815 ,
779 741 992 823 atque
1047 752 1182 823 ego
1224 737 1589 820 putaram,
1628 726 1991 820 arriperet?
2012 724 2204 794 visus
2236 739 2367 795 est.
2408 726 2651 797 Existi-

520 831 810 903 mabam
851 837 1290 931 μετεωρότερον
1319 842 1381 875 ¹⁰
1409 854 1565 903 esse
1584 846 1689 917 ;et
1713 829 2006 903 hercule
2032 844 2220 917 erat,
2246 846 2319 901 et
2344 833 2647 903 maxime

519 940 610 1013 de
637 942 846 1014 ludis.
879 950 970 1015 At
989 944 1208 1033 mihi,
1245 968 1475 1043 quum
1505 941 1595 1012 ad
1614 942 1855 1012 villam
1885 940 2266 1028 redissem,
2300 944 2437 1011 Cn.
2468 946 2647 1013 Luc·

516 1052 747 1139 ceiuS‚
777 1054 900 1149 qui
936 1054 1246 1125 multum
1281 1056 1515 1125 utitur
1552 1058 1807 1137 Bruto,
1830 1052 2182 1137 narravit,
2218 1049 2429 1123 illum
2444 1050 2647 1123 valde

515 1164 820 1248 morari,
849 1186 1000 1234 non
1028 1167 1650 1261 tergiversantem,
1676 1160 1803 1233 sed
1834 1174 2369 1259 exspectantem
2390 1214 2411 1247 ,
2440 1162 2501 1230 si
2526 1160 2647 1257 qui

509 1267 700 1341 forte
741 1296 967 1344 casus.
1013 1279 1266 1371 Itaque
1303 1272 1603 1359 dubito,
1642 1294 1735 1341 an
1776 1271 2165 1341 Venusiam
2208 1268 2540 1355 tendam,
2578 1282 2649 1339 et

513 1378 616 1450 ibi
665 1385 1073 1481 exspectem
1129 1384 1220 1456 de
1258 1380 1665 1482 legionibus
1709 1407 1727 1450 ε
1764 1382 1824 1452 si
1852 1377 2192 1463 aberunt,
2240 1393 2325 1448 ut
2354 1376 2646 1474 quidam

511 1485 983 1579 arbitrantur,
1038 1491 1535 1586 Hydruntem3
1590 1490 1650 1559 si
1686 1499 2025 1559 neutrum
2070 1486 2205 1557 erit
2252 1488 2519 1577 ἀσφαλὲς
2542 1493 2598 1557 5¹
2624 1538 2647 1573 ,

508 1597 764 1669 eodem
797 1616 1136 1672 revertar.

605 1712 840 1779 Jocari
887 1736 1006 1781 me
1049 1725 1260 1809 putas
1285 1711 1398 1779 ¹²?
1438 1712 1731 1795 moriar,
1770 1710 1823 1777 si
1867 1707 2253 1803 quisquam
2290 1728 2405 1774 me
2446 1718 2649 1775 tenet

509 1832 770 1913 praeter
815 1835 908 1891 te.
957 1822 1242 1891 Etenim
1283 1819 1787 1915 circumspice:
1822 1816 1947 1888 sed
1986 1830 2151 1893 ante
2172 1810 2231 1859 ‘³
2270 1812 2643 1887 erubesco.

510 1930 574 1995 Ο
610 1926 762 2000 dies
783 1932 844 1981 ¹4
883 1931 956 2001 in
994 1932 1328 2028 auspiciis
1351 1927 1607 2027 Lepidi
1640 1926 1878 2024 lepide
1908 1923 2307 2021 descriptos
2322 1977 2345 2011 ‚,
2376 1939 2451 1993 et
2476 1938 2647 2020 apte

497 2032 598 2133 ¹ad
645 2036 1028 2107 consilium
1076 2035 1352 2107 reditus
1394 2035 1627 2105 nostri
1662 2032 1677 2104 !
1725 2038 1984 2127 Magna
2016 2027 2251 2126 ροπὴῑ5
2287 2030 2381 2100 ad
2418 2028 2645 2127 profi·

505 2143 1099 2217 ciscendum‘tnis
1130 2142 1460 2218 literisffi.
1493 2148 1727 2241 Atque
1758 2144 2043 2223 utinam·
2064 2156 2136 2213 te
2168 2139 2352 2211 illic!
2390 2141 2533 2215 Sed
2562 2156 2647 2212 ut

505 2255 916 2326 conducere
960 2256 1271 2354 putabis,
1359 2314 1401 2336 ,.

442 2349 456 2370 '
599 2369 979 2462 Nepotis¹⁷
1055 2369 1431 2466 epistolam
1481 2381 1843 2465 exspecto,
1886 2365 2213 2463 Cupidus
2254 2364 2376 2436 ille
2436 2389 2645 2437 meo—

505 2494 667 2540 rum
684 2466 748 2517 18
769 2471 958 2568 ?·qui
991 2497 1070 2543 ea
1092 2528 1111 2563 ‚
1162 2471 1430 2569 quibus
1461 2473 1769 2544 maxime
1792 2485 2023 2570 γαυριῶ
2046 2483 2134 2559 ¹9,
2152 2471 2461 2568 legenda
2484 2497 2643 2544 non

575 2697 630 2742 8.
650 2697 804 2760 δορα.
819 2695 952 2744 Libri
971 2694 1090 2745 editi
1105 2705 1218 2744 ante
1233 2695 1526 2756 Victoriam,
1612 2694 1807 2744 maxim.
1844 2710 1957 2742 eum
1994 2709 2232 2760 augurum
2266 2694 2479 2760 collegio
2526 2697 2647 2752 dare

501 2789 649 2836 spem.
673 2775 725 2821 J.
751 2777 812 2819 V.
846 2776 898 2821 L.
1613 2790 1809 2838 operam
1839 2775 2066 2839 auspiciis
2105 2773 2381 2838 oportebat.
2424 2777 2643 2824 letetur

575 2868 628 2914 9.
673 2855 752 2900 Sic
777 2853 904 2900 idem
929 2853 1182 2900 Victorius
1221 2853 1518 2902 emendavit.
1610 2853 1777 2916 igitur,
1792 2869 1897 2900 eam
1922 2853 2015 2901 sibi
2038 2853 2145 2900 sore
2170 2869 2393 2910 causam,
2413 2869 2505 2902 cut·
2526 2871 2637 2902 ma-

502 2931 598 2980 Sed
625 2942 786 2986 tamen
821 2945 870 2980 et
899 2934 1105 2984 Jensou.
1143 2933 1356 2982 dederat.
1382 2935 1522 2983 Prius
1612 2943 1718 2982 ture
1750 2931 1814 2978 sd
1837 2932 2003 2980 urbem
2032 2933 2219 2980 redeat.
2246 2931 2363 2980 Bm
2384 2935 2519 2980 enim
2545 2949 2642 2982 ιιι,

499 3009 750 3076 legebatur
775 3013 1008 3077 accipere.
1028 3015 1078 3061 J.
1100 3016 1162 3060 V.
1185 3014 1236 3060 L.
1606 3027 1712 3078 gur.
1739 3013 1886 3060 Mur.

577 3107 655 3138 io.
692 3090 1069 3158 Μετεωρότερον.
1109 3092 1423 3155 Suspensiore
1455 3091 1522 3138 vi·
1682 3087 1758 3140 15.
1780 3079 1929 3143 ῥοπή.
1951 3075 2185 3154 Impulsio
2204 3125 2219 3151 ‚
2236 3101 2567 3140 momentum.

497 3167 674 3218 delicet
696 3171 875 3240 animo.
1682 3173 1761 3218 16.
1788 3171 1901 3218 Tuis
1927 3169 2093 3218 lieen's.
2122 3172 2282 3228 Inest,
2311 3185 2465 3232 quum
2490 3181 2543 3218 te
2563 3171 2637 3220 af-

571 3265 590 3296 1
608 3265 650 3295 1.
688 3235 918 3312 Ᾱσφαλές.
955 3251 1160 3312 Tutum,
1185 3265 1424 3298 securum.
1604 3251 1711 3297 fore
1738 3251 2010 3314 promittas.
2034 3249 2161 3296 Vide
2192 3264 2339 3313 supra
2375 3249 2633 3312 epistol.3

571 3343 649 3376 η.
675 3328 848 3375 Iocari
865 3345 940 3374 me
953 3339 1122 3392 putas.
1151 3329 1346 3377 Scilicet
1371 3329 1424 3376 in
1453 3345 1513 3377 eo
1602 3327 1705 3390 huj.
1730 3329 1817 3378 lib.
1840 3331 2000 3377 Gonu.

489 3407 626 3471 quod
649 3402 871 3454 dicturus
895 3423 1016 3455 sum.
1048 3409 1202 3471 Atqui
1227 3424 1328 3455 non
1353 3409 1512 3469 jocor,
1677 3424 1756 3470 17.
1784 3407 1999 3472 Nepotis.
2040 3406 2255 3457 Cornelii
2280 3405 2499 3470 Nepotis
2532 3408 2637 3456 eln-

489 3498 536 3534 et
557 3487 715 3532 dicam
741 3489 1001 3533 exanimo.
1028 3489 1074 3534 J.
1103 3490 1158 3534 F.
1185 3480 1419 3536 Gronov.
1600 3489 1774 3535 rissimi
1819 3485 2067 3544 historici,
2119 3485 2183 3532 ad
2230 3500 2377 3548 quem
2422 3486 2635 3536 fuerunt

523 3561 529 3566 ’
555 3550 642 3612 '13.
673 3563 774 3611 Sed
796 3575 930 3613 ante.
961 3565 1321 3629 Circumspice,
1349 3567 1508 3630 inquit
1596 3566 1845 3614 Ciceronis
1886 3565 2001 3612 libri
2050 3563 2386 3628 epistolarum.
2427 3567 2478 3612 Is
2500 3581 2633 3614 ⁴uon

485 3642 688 3710 Cicero,
713 3659 832 3690 num
851 3645 960 3706 quis
987 3645 1052 3691 sit
1077 3645 1199 3692 alius
1214 3679 1230 3706 ‚
1258 3647 1397 3705 cuius
1421 3661 1505 3693 cu·
1593 3646 1797 3694 multum
1824 3644 2071 3693 tribuebat
2093 3643 2426 3707 philosophia
2443 3679 2457 3701 ,
2474 3655 2635 3708 atque

481 3721 686 3783 piditme
731 3737 976 3770 remanere
1031 3724 1204 3780 velim,
1255 3725 1339 3772 sed
1391 3737 1503 3773 ante
1590 3725 1713 3773 adeo
1758 3723 2031 3788 exagitabat
2078 3723 2213 3786 ipsos
2262 3721 2629 3786 philosophos3

481 3798 653 3846 oculos
673 3811 786 3847 tuos
803 3836 817 3858 ‚
835 3803 954 3847 etin
977 3817 1032 3847 os
1055 3811 1192 3849 tuum
1218 3802 1314 3850 hoc
1341 3803 1502 3851 dicere
1590 3803 1725 3866 quod
1744 3803 1963 3850 indicant
1977 3801 2127 3864 ipsius
2153 3801 2299 3848 verba
2325 3816 2390 3846 ex
2408 3802 2631 3864 epistola

479 3876 735 3937 erubesco,
769 3892 831 3924 ne
863 3895 940 3926 me
974 3879 1208 3927 blandum
1240 3883 1498 3930 existimes.
1588 3883 1651 3931 nd
1678 3885 1989 3938 Ciceronem,
2020 3895 2131 3944 quse
2165 3881 2442 3927 lactantius
2470 3883 2633 3930 refiert

477 3959 633 4003 Innx.
1584 3961 1672 4011 lib.
1698 3965 1789 4020 111,
1818 3977 1927 4025 cap.
1966 3959 2027 4006 16
2046 3962 2174 4008 lust.
2198 3959 2395 4006 Portu.

551 4043 627 4092 14.
655 4034 835 4089 odies,
855 4038 1210 4101 etc.Descripti
1221 4038 1324 4086 dies
1340 4051 1495 4094 erant.
1660 4044 1741 4089 18.
1770 4043 2006 4088 Meet-um.
2042 4037 2367 4099 Scriptorum.
2398 4037 2563 4086 Mu.

470 4112 648 4180 quibus
689 4111 927 4175 Lepidum
946 4147 962 4170 ‚
1003 4117 1090 4177 qui
1130 4127 1234 4163 erat
1269 4119 1490 4180 pontifex
1658 4135 1741 4182 ¹9·
1766 4119 1970 4186 Γαυριῶ.
2004 4115 2222 4164 Glorior.
