3019 4681
751 328 1289 406 EPISToLAE
1339 335 1531 404 cm.
1586 338 1715 405 ET
1763 339 2121 425 BRUTI,
2167 363 2231 406 2.

427 477 682 530 ‘cresum
709 513 728 546 ,
775 483 912 530 nec
959 463 1145 556 pati,
1205 457 1749 528 sceleratissimo
1801 458 1994 530 hosti
2047 459 2363 533 ludibrio
2406 484 2559 536 ‘ess‘e

427 569 814 667 imperium
846 567 1102 666 populi
1135 569 1462 654 romani,
1497 564 1667 638 facis
1705 593 1795 639 ex
1830 582 1953 638 tua
1990 567 2334 666 dignitate
2356 625 2376 660 ,
2419 588 2492 644 et
2518 597 2559 645 e

428 673 817 774 republica.
861 675 1080 766 Quod
1119 676 1370 748 scribis
1411 676 1502 748 de
1540 676 1893 749 seditione
1929 704 2093 777 quae
2124 680 2305 752 facta
2342 697 2451 754 est
2482 687 2559 755 in

430 785 712 883 legione
747 783 1077 884 quarta⁶‚
1113 785 1205 856 de
1243 787 1573 858 Antoniis
1597 797 1623 842 ⁷
1672 789 1793 882 (in
1830 786 2099 859 bonam
2136 804 2419 888 partem
2450 817 2563 864 ac-

427 897 689 994 cipies)
731 901 956 994 magis
990 896 1172 969 mihi
1202 896 1559 995 probatur
1590 897 1899 970 militum
1928 901 2300 989 severitaS,
2342 927 2565 999 quam

427 1021 573 1078 tna.
621 1013 720 1078 Te
767 1006 1332 1079 benivolentiam
1383 1009 1737 1081 exercitus
1782 1009 2261 1108 equitumque
2304 1035 2561 1111 exper-

427 1131 628 1206 tum,
670 1115 1141 1188 vehementer
1191 1117 1494 1214 gaudeo.
1544 1121 1655 1190 De
1689 1117 2106 1210 Dolabella,
2149 1135 2231 1191 ut
2269 1119 2563 1212 scribis,

428 1224 696 1323 siquid
719 1224 946 1297 habes
981 1229 1182 1314 novi,
1217 1223 1430 1298 facies
1463 1252 1581 1300 me
1606 1232 1986 1301 certiorem
2018 1255 2034 1298 ε
2068 1232 2146 1300 in
2180 1253 2331 1329 quo
2356 1229 2563 1304 valde

429 1334 771 1422 delector,
819 1359 937 1406 me
983 1349 1150 1406 ante
1201 1335 1597 1432 providisse
1616 1331 1672 1422 ⁸,
1722 1351 1805 1408 ut
1842 1351 2052 1408 tuum
2085 1338 2440 1432 judicium
2476 1338 2561 1410 li-

427 1441 684 1514 berum
724 1437 910 1515 esset
946 1468 1112 1515 cum
1147 1442 1524 1516 Dolabella
1558 1443 1730 1515 belli
1766 1445 2100 1541 gerendi3
2138 1461 2209 1519 et
2244 1446 2321 1518 id
2354 1447 2561 1520 valde

427 1553 781 1652 pertinuit
804 1609 824 1642 ,
877 1567 965 1624 ut
1017 1578 1150 1652 ego
1212 1567 1367 1623 tum
1427 1551 1962 1651 intelligebam,
2013 1554 2106 1624 ad
2158 1555 2559 1654 rempubli-

428 1688 620 1751 cam,
649 1676 732 1734 ut
760 1689 956 1736 nunc
982 1661 1231 1760 judico
1253 1717 1272 1750 ,
1303 1662 1394 1736 ad
1432 1663 1856 1760 dignitatem
1887 1680 2107 1736 tuam.
2143 1664 2362 1755 Quod
2392 1668 2563 1742 scri-

428 1772 585 1862 bis,
637 1797 754 1844 me
804 1775 1118 1844 maximo
1174 1774 1382 1844 otio9
1433 1775 1703 1872 egisse,
1756 1789 1841 1845 ut
1896 1775 2288 1846 insectarer
2330 1780 2557 1848 Anto-

428 1887 591 1956 nios
613 1939 632 1974 ‚
675 1885 898 1982 idque
947 1883 1237 1970 laudas;
1279 1883 1505 1955 credo
1554 1885 1653 1955 ita
1695 1882 1921 1956 videri
1963 1882 2143 1955 tibi:
2200 1883 2325 1956 sed
2362 1886 2559 1958 illam

429 1993 966 2066 distinctionem
1003 2009 1203 2065 tuam
1239 1993 1443 2065 nullo
1481 2009 1694 2092 pacto
1731 1994 1991 2092 probo.
2030 1993 2293 2066 Scribis
2327 1999 2557 2083 enim,
2588 1989 2597 1996 ’

427 2135 458 2170 «
489 2105 723 2176 acrius
760 2103 1214 2203 prohibenda
1247 2103 1438 2176 bella
1472 2105 1709 2176 civilia
1742 2105 1934 2193 esse,
1971 2129 2191 2203 quam
2234 2107 2311 2176 in
2349 2131 2559 2206 supe-

426 2230 621 2288 ratos
681 2215 1124 2289 iracundiam
1191 2214 1665 2287 exercendam
1691 2245 1746 2286 n.
1805 2215 2291 2288 Vehementer
2342 2242 2384 2289 a
2439 2232 2513 2289 te
2536 2271 2557 2307 ‚

363 2448 374 2459 ι
501 2389 551 2435 6.
578 2388 725 2436 Forte
762 2387 994 2435 mendum
1034 2397 1108 2435 est
1144 2386 1200 2435 in
1239 2402 1446 2435 numero
1534 2385 1629 2434 sibi
1654 2386 1931 2446 voluerint,
1961 2389 2049 2451 qni
2072 2386 2303 2436 hocloco
2330 2404 2423 2453 pro
2442 2390 2548 2439 An-

421 2469 649 2533 iegionis.
673 2469 707 2515 J
711 2467 788 2516 .V.
808 2468 866 2515 L.
1537 2466 1711 2527 tonniis,
1754 2465 1999 2528 Catonia«,
2036 2476 2084 2513 et
2122 2467 2261 2515 nullo
2302 2484 2471 2528 sensu,
2507 2480 2559 2518 et

2419 337 2561 413 653
2666 417 2673 422 .

500 2565 525 2609 7
539 2583 552 2596 .
598 2550 670 2595 Dc
700 2544 944 2597 Antoniis.
977 2546 1115 2594 Illam
1159 2544 1447 2595 seditionem

428 2628 696 2676 concitavit
715 2629 775 2677 C.
808 2627 1060 2676 Antonius
1086 2612 1241 2674 Marci
1280 2627 1442 2684 frater,

427 2722 577 2769 quum
596 2716 720 2755 esset
737 2706 792 2753 in
816 2716 1058 2770 potestate
1085 2704 1240 2753 Bruti.
1276 2707 1446 2768 Itaque

427 2784 638 2847 explano
654 2820 670 2847 ,
710 2784 774 2831 de
813 2783 1063 2837 Antoniis,
1120 2783 1184 2831 de
1223 2782 1445 2847 partibus

427 2863 762 2910 Antoniorum
839 2863 1042 2911 fratrum
1116 2861 1445 2909 sublevandis.

429 2940 580 3003 Quod
597 2952 756 2989 autem
772 2940 938 2999 infert,
965 2962 985 2983 ι
1003 2940 1154 3003 magis
1181 2940 1301 2986 mihi
1325 2953 1444 3002 pro-

427 3020 572 3068 batur
597 3018 804 3065 militum
829 3020 1083 3077 severitas,
1105 3033 1250 3080 quam
1285 3027 1366 3064 tua
1386 3030 1447 3077 -;

429 3096 668 3163 significat
692 3098 770 3155 id,
791 3098 928 3162 quod
953 3112 980 3144 a
1015 3097 1178 3145 Dione
1211 3094 1447 3159 scriptum

428 3178 662 3243 legimus3
683 3192 834 3241 quum
871 3174 1050 3224 milites
1075 3174 1195 3239 ipsi,
1215 3173 1302 3237 qui
1317 3172 1447 3221 sedi-

430 3258 612 3306 tionem
654 3256 866 3305 fecerant
883 3289 898 3314 ,
936 3265 993 3302 ut
1029 3252 1264 3303 delictum
1304 3266 1447 3299 snum

429 3336 794 3403 quodammodo
821 3334 1120 3399 corrigerent
1139 3368 1156 3393 ,
1197 3330 1450 3380 seditionis

430 3427 651 3464 auctores
698 3413 984 3462 occiderunt
1002 3448 1017 3471 ‚
1065 3422 1450 3475 quaestoremque

429 3496 576 3543 etiam
601 3504 650 3542 et
675 3493 862 3557 legatos
882 3492 938 3541 C.
964 3488 1171 3539 Antonii
1192 3490 1258 3537 ad
1281 3503 1450 3535 necem

431 3573 852 3637 depoposcerunt:
879 3586 1006 3634 quos
1031 3570 1242 3627 Brutus,
1269 3568 1334 3615 ad
1349 3566 1450 3614 cle-

428 3652 658 3699 mentiam
681 3650 833 3713 magis
849 3683 864 3710 ,
892 3663 1034 3711 quam
1051 3647 1114 3695 ad
1131 3648 1450 3705 severitatem,

428 3745 734 3795 propensus,
757 3728 964 3776 navibus
980 3727 1246 3791 impositos
1262 3759 1277 3785 ,
1315 3727 1450 3790 qnasi

427 3826 548 3857 mox
565 3808 686 3855 mari
696 3806 1091 3866 demersos,male
1110 3806 1170 3854 de
1188 3822 1238 3853 se
1253 3806 1451 3854 meritos

429 3887 654 3936 servavit.
679 3888 875 3951 Ipsique
899 3887 1044 3934 etiam
1058 3885 1450 3944 Antonio,cnjus

429 3982 574 4029 opera
607 3966 685 4013 bis
715 3966 814 4026 jam
849 3964 1056 4012 conflata
1097 3964 1274 4011 seditio
1315 3975 1448 4022 erat,

429 4046 598 4093 iterum
636 4045 868 4109 pepercit.
902 4044 1062 4092 Miror
1095 4054 1256 4091 autem
1276 4079 1292 4105 ,
1327 4041 1449 4106 quid

1536 2558 1706 2593 contra
1726 2556 1945 2593 veterum
1961 2544 2197 2593 librorum
2214 2542 2379 2607 fldem,
2402 2562 2546 2611 repo-

1536 2636 1755 2675 suerunt.
1775 2626 1993 2673 Manu-r.
2017 2651 2089 2661 —
2116 2626 2364 2688 Fortasse,
2404 2627 2467 2675 de
2492 2626 2547 2675 G.

1535 2704 1769 2752 Antonio.
1792 2704 1918 2751 Nam
1943 2720 2095 2768 quum
2117 2704 2199 2751 hic
2216 2705 2278 2753 de
2292 2705 2551 2765 seditione,

1534 2799 1643 2846 qnae
1679 2784 1729 2830 in
1752 2782 2029 2846 legionibus
2055 2782 2389 2832 Macedonicis
2412 2800 2554 2832 com·

1536 2874 1667 2909 mota
1690 2872 1783 2919 est,
1801 2874 1959 2909 sermo
1976 2862 2041 2909 sit
2054 2876 2073 2909 ε
2102 2861 2165 2910 de
2183 2863 2430 2921 Antoniis,
2458 2863 2553 2910 nisi

1538 2938 1597 2985 de
1643 2940 1761 2987 Caio
1808 2940 2063 2988 seditionis
2114 2950 2311 2987 anctore
2328 2974 2347 3001 ,
2404 2940 2555 2989 scribi

1534 3016 1742 3065 alienum
1765 3030 1855 3066 est.
1876 3019 2099 3065 Mausr.

1611 3098 1658 3147 8.
1682 3097 1969 3145 Providisse.
1991 3097 2203 3161 Operam
2221 3094 2439 3156 dedisse,
2462 3106 2552 3147 eta

1536 3186 1706 3225 senatu
1720 3174 2001 3237 impetrasse
2014 3208 2031 3231 ‚
2065 3183 2124 3221 nt
2158 3171 2350 3223 decreta
2388 3186 2553 3224 nostra

1538 3270 1602 3302 ne
1650 3262 1955 3317 exspectares
1970 3287 1986 3314 ,
2036 3252 2141 3315 ipse
2186 3252 2252 3301 ad
2300 3252 2557 3302 arbitrium

1539 3340 1677 3379 tuum
1691 3364 1708 3389 ‚
1740 3331 1813 3377 uti
1836 3346 1913 3377 res
1938 3344 2139 3391 poscere
2166 3330 2431 3393 videretur,
2450 3330 2555 3379 bel-

1537 3410 1641 3459 lum
1660 3409 2035 3479 administrat-es.
2058 3408 2203 3459 Mu.

1532 3508 1541 3515 ·
1610 3504 1659 3551 9.
1698 3488 1926 3536 Maximo
1955 3488 2072 3538 otio.
2112 3492 2185 3537 Ita
2213 3500 2393 3549 veteres
2412 3488 2527 3537 libri
2544 3525 2560 3550 ,

1541 3569 1645 3617 sine
1673 3568 1825 3616 dubio
1848 3566 2101 3616 mendose.
2143 3568 2280 3632 Quid
2312 3569 2441 3617 enim
2478 3569 2565 3618 eli-

1542 3650 1668 3695 citur
1684 3647 1937 3695 sententiae
1949 3649 1971 3694 Ρ
1989 3648 2093 3710 Ego
2113 3646 2323 3705 mallem,
2338 3648 2557 3698 maximo

1542 3726 1737 3785 animo,
1772 3741 1875 3773 non
1905 3726 2107 3773 omnino
2137 3725 2310 3789 procul
2340 3740 2369 3773 a
2397 3738 2559 3778 vetere

1540 3808 1791 3870 scriptura.
1813 3808 1967 3852 Insn.
1987 3832 2058 3841 —
2076 3804 2211 3854 Idem
2235 3804 2352 3854 alias
2372 3806 2529 3856 edidit
2544 3844 2560 3869 ,

1540 3884 1759 3932 maximo
1785 3883 1950 3932 animo
1974 3899 1992 3930 .·
2037 3900 2093 3933 ac
2127 3897 2299 3949 postea
2334 3886 2556 3935 Lambin.

1539 3964 1756 4011 maximo
1789 3962 1918 4010 odio.
1956 3963 2051 4011 Sed
2082 3963 2135 4010 iu
2168 3964 2321 4014 Pelet:
2350 3977 2563 4029 quatuor

1538 4042 1691 4091 haeret
1703 4042 1975 4090 victoriani
1990 4042 2154 4091 lectio.
