3019 4681
567 360 709 408 220
1119 369 1131 376 ·
1215 339 1314 408 M.
1365 339 1444 408 Τ.
1497 337 2057 411 CICERONIS

559 473 857 548 tumne,
897 481 1128 556 quum
1171 456 1264 529 ab
1301 460 1460 557 ipso
1497 475 1869 549 nascetur,
1922 485 2016 532 an
2070 459 2293 557 prius.
2342 463 2587 558 Ego²⁰‚
2614 461 2671 532 si

561 567 716 638 ullo
757 568 980 639 modo
1039 581 1351 665 potuero
1373 623 1395 656 ‚
1449 569 1567 640 vel
1618 573 1998 642 nocturnis
2047 568 2425 641 itineribus
2476 593 2673 667 expe-

560 677 725 765 riar‚
762 691 845 748 ut
880 691 954 748 te
995 677 1300 748 videam.
1343 682 1454 749 Tu
1491 693 1567 750 et
1598 678 1751 751 haec
1770 734 1789 768 ,
1837 693 1913 751 et
1960 682 2021 751 si
2064 677 2247 776 quid
2282 680 2453 769 erit,
2494 677 2675 776 quod

564 786 849 858 intersit
887 811 1048 858 mea
1068 797 1129 830 ²¹
1177 788 1390 876 scire,
1429 787 1697 860 scribas
1732 789 1970 862 velim.
2002 790 2197 860 Vale.

633 992 723 1025 no.
745 979 826 1026 An
835 976 1088 1042 priuaAn
1104 977 1237 1026 ultro
1254 979 1301 1026 ei
1319 979 1592 1028 renuntiem
1666 991 1959 1054 ⁸exspectare
1980 992 2039 1030 ut
2064 996 2093 1029 ι
2114 979 2369 1030 Dolabella
2396 977 2679 1046 repudietur.

565 1055 757 1104 scilicet
779 1069 792 1103 :
813 1056 912 1104 hoc
931 1067 1002 1104 eet
1018 1091 1034 1116 ,
1055 1073 1118 1104 an
1135 1057 1294 1105 Tullia
1319 1073 1430 1106 meo
1447 1075 1593 1107 suasu
1678 1059 1854 1108 Gnaev.

567 1135 615 1183 ei
645 1134 783 1199 prius
811 1135 1039 1184 nuntium
1073 1137 1264 1184 mittere
1289 1136 1491 1198 dehent,
1527 1152 1593 1185 ιιι
1752 1151 1841 1188 21.
1860 1137 1941 1186 Al.
1969 1137 2208 1188 meam.
2234 1139 2292 1188 1..

566 1324 1028 1348 mm

1301 1327 2127 1350 mmm-mmmmm
2130 1329 2313 1348 m
2316 1325 2687 1348 ww

1137 1501 1738 1582 EPISTOLA
1812 1504 2139 1583 XXIV.

569 1663 764 1740 Pergit
789 1665 1020 1744 culpam
1043 1665 1348 1726 admissam
1375 1666 1679 1726 lamentari
1702 1689 1719 1740 ς
1750 1667 1825 1726 de
1858 1679 2201 1727 testamento
2238 1667 2527 1728 Teoentiae
2554 1663 2693 1742 ejus-

645 1780 762 1838 que
788 1761 902 1820 fide
931 1775 1228 1842 suspecta3
1275 1763 1348 1822 de
1379 1763 1583 1834 literis,
1616 1781 1761 1840 quas
1792 1763 2135 1823 Philotimus
2166 1784 2200 1822 a
2233 1767 2459 1824 casare
2488 1761 2692 1822 habere

651 1856 984 1933 dicebatur,
1034 1861 1296 1920 nondum
1345 1861 1599 1939 perlatis.
1641 1861 1909 1939 Denique
1946 1861 2023 1920 ad
2060 1862 2367 1921 consilium
2408 1860 2481 1920 ab
2508 1858 2693 1918 Attico

649 1949 850 2010 datum
873 1995 890 2022 ‚
942 1953 1183 2032 ejusque
1213 1953 1551 2032 opinionem
1606 1952 1679 2012 de
1724 1955 2002 2013 Africano
2052 1955 2287 2034 negotio
2310 1997 2329 2025 ‚
2376 1949 2693 2032 respondet.

651 2049 1014 2127 (Brundisii,
1041 2071 1194 2111 anno
1217 2055 1296 2111 U.
1323 2055 1387 2111 C.
1419 2053 1560 2125 706,
1590 2070 1785 2111 mense
1814 2053 2065 2131 sextili.)

1229 2211 1539 2276 CICERO
1577 2211 1893 2278 A'I'I'ICO
1940 2213 2003 2277 S.

667 2331 851 2421 Qum:
905 2331 1184 2405 dudum
1244 2335 1336 2408 ad
1381 2360 1543 2426 me,
1582 2348 1689 2421 et,
1749 2356 1909 2429 quae
1963 2330 2177 2401 etiam
2235 2342 2401 2401 ante
2452 2324 2570 2398 bis
2616 2321 2703 2395 ad

574 2440 876 2513 Tulliam
919 2442 1011 2517 de
1050 2470 1168 2517 me
1199 2448 1586 2546 scripsisti,
1626 2468 1710 2517 ea
1748 2442 1977 2513 sentio
2008 2464 2163 2512 esse
2194 2464 2380 2511 vera.
2416 2442 2521 2509 Eo
2549 2459 2703 2508 sum

573 2552 901 2623 miserior
933 2556 1120 2650 (etsi
1151 2556 1334 2627 nihil
1363 2554 1745 2629 videbatur
1774 2549 1943 2624 addi
1975 2549 2263 2649 posse),
2294 2546 2495 2645 quod
2532 2544 2707 2615 mihi

573 2684 726 2729 non
759 2663 993 2733 =modo
1033 2667 1240 2739 irasci
1275 2667 1687 2765 gravissima
1730 2663 2035 2760 injuria¹
2084 2672 2371 2757 accepta
2394 2711 2413 2746 ‚
2448 2653 2575 2728 sed
2616 2676 2705 2723 ne

573 2768 820 2842 dolere
874 2773 1168 2870 quidem
1221 2783 1571 2875 impune²
1618 2777 1805 2847 licet.
1858 2776 2102 2862 Quare
2141 2766 2335 2841 istud
2372 2764 2705 2838 feramus.

527 2877 794 2969 ‘Quod
846 2906 1076 2979 quum
1131 2887 1505 2957 tulerimus
1527 2940 1546 2969 ,
1592 2900 1834 2958 tamen
1880 2878 2131 2967 eadem
2184 2890 2401 2949 erunt
2444 2898 2709 2973 perpe-

575 2990 857 3082 tienda,
903 3018 1066 3091 quae
1114 3007 1233 3081 tu,
1277 3021 1372 3067 ne
1412 2993 1779 3081 accidant,
1833 3006 1917 3062 ut
1971 3010 2390 3074 caveamus,
2430 3006 2706 3054 mones.

465 3158 473 3169 .
575 3104 674 3171 Ea
713 3104 914 3172 enim·
949 3117 1056 3174 est
1093 3129 1135 3174 a
1169 3104 1382 3175 nobis
1419 3116 1789 3175 contracta
1828 3100 2080 3197 culpa,
2124 3113 2207 3169 ut
2242 3096 2443 3167 omni
2480 3109 2711 3179 statu,

579 3212 929 3308 omnique
973 3210 1296 3311 populo³
1337 3212 1675 3285 eumdem
1714 3212 1985 3283 exitum
2007 3207 2343 3279 habitura
2362 3205 2709 3275 videatur.

675 3320 816 3392 Sed
851 3320 941 3393 ad
977 3348 1211 3395 meam
1253 3348 1547 3394 manum
1584 3321 1739 3394 redi
1770 3348 1788 3391 ε
1853 3318 2117 3392 dehinc
2160 3316 2351 3388 enim
2388 3314 2543 3385 haec
2594 3338 2711 3385 oc·

657 3540 703 3572 x.
749 3521 959 3586 Insun'a.
999 3522 1209 3571 Tulliam
1255 3522 1603 3588 aspernabatur
1764 3536 1817 3570 τι.
1838 3518 1920 3568 Al.
1946 3518 2109 3566 liceat.
2138 3516 2189 3564 J.
2214 3513 2280 3563 V.
2308 3517 2363 3563 1..

581 3601 836 3651 Dolabella
863 3616 876 3652 :
901 3618 995 3666 qm
1023 3603 1200 3664 injuria
1225 3603 1295 3653 sic
1321 3618 1603 3651 commove·
1760 3602 1811 3650 3.
1856 3596 2099 3664 Omnique
2122 3592 2315 3661 populo
2330 3628 2348 3655 ‚
2382 3593 2435 3641 id
2458 3602 2565 3652 est,
2590 3607 2717 3657 quo·

577 3681 724 3731 betur
749 3681 951 3742 Cicero,
975 3682 1112 3745 quasi
1132 3696 1236 3729 eam
1263 3684 1368 3747 ipae
1389 3682 1604 3747 accepis·
1688 3684 1897 3743 cumque
1930 3690 2075 3725 sensu
2110 3674 2328 3741 populus
2360 3673 2471 3721 erit.
2496 3672 2629 3720 Mox
2650 3686 2714 3719 re-

580 3773 670 3810 set.
689 3760 883 3809 Atticus
905 3759 1107 3809 nolebat
1129 3762 1304 3809 tentari
1331 3761 1602 3809 divortiu—
1688 3758 1759 3809 di.
1818 3758 1901 3807 sie
1948 3754 2117 3821 vulgo.
2169 3752 2355 3802 Olivet.
2390 3750 2539 3799 redeo
2558 3785 2575 3810 ,
2622 3750 2718 3801 hoe

577 3842 742 3908 prius,
762 3855 908 3905 quam
932 3842 1107 3889 Cicero
1133 3854 1302 3905 pacem
1325 3838 1605 3888 confirmae-
1690 3851 1863 3888 amu:
1890 3836 2139 3883 Hactenus
2170 3832 2266 3881 fuit
2296 3830 2481 3879 librarii
2516 3843 2715 3879 mnus:

577 3930 652 3971 eet
672 3936 784 3969 cum
813 3920 1016 3969 Cen-re.
1055 3920 1184 3969 ffino
1211 3929 1285 3968 eet
1317 3919 1454 3984 quod
1485 3934 1601 3984 que—
1688 3932 1849 3975 nunc,
1878 3914 2068 3979 inquit,
2095 3912 2160 3961 ad
2182 3928 2337 3961 meam
2368 3910 2547 3968 redeog
2582 3920 2633 3957 et
2652 3911 2719 3957 iu

579 4000 732 4060 ritui-3
757 4014 859 4047 non
884 3998 1030 4047 licere
1042 3997 1140 4045 eibi
1157 4000 1324 4061 irasci,
1344 4015 1400 4047 ec
1419 4016 1482 4048 ne
1507 3998 1598 4047 do·
1686 3996 1835 4045 vertit
1875 3993 2119 4057 Mongult.
2167 3988 2365 4042 Sohiitz.
2402 3988 2591 4038 rediero
2606 4020 2630 4049 2
2662 3998 2721 4037 ut

581 4078 680 4132 lere
705 4078 922 4142 quidem.
951 4078 1132 4127 Monte.
1688 4086 1737 4125 et
1760 4075 1955 4129 Menat-
1971 4074 2067 4122 En.
