3019 4681
667 419 1179 488 EPISTOLAE
1224 419 1363 488 AD
1414 415 1915 502 ATTICUM‚
1952 419 2134 503 XII,
2183 417 2297 490 33.
2400 421 2538 516 275

2155 607 2538 633 mmm

414 605 867 629 mmm

940 755 1534 842 EPISTOLA
1595 759 2020 839 XXXIII.

490 945 579 1000 De
616 939 799 998 hortis
822 927 1275 988 Transtiberinis
1306 931 1580 991 emendis.
1601 933 1902 1009 (Asturae,
1935 954 2090 994 anno
2119 940 2194 997 U.
2224 941 2288 997 C.
2321 939 2464 1012 708,

1249 1043 1447 1084 mense
1480 1026 1711 1105 aprili.)

1066 1171 1388 1238 CICERO
1434 1172 1763 1238 ATTICO
1807 1174 1874 1239 S.

502 1333 693 1418 Eoo,
730 1341 813 1398 ut
862 1326 1023 1398 heri
1068 1325 1159 1397 ad
1200 1340 1270 1397 te
1307 1326 1628 1424 scripsi¹‚
1679 1327 1740 1398 si
1789 1342 1864 1399 et
1907 1329 2134 1402 Silius·
2153 1331 2262 1404 ἰδ’
2299 1326 2541 1425 fuerit,

407 1463 627 1537 quem
672 1451 756 1508 tu
803 1448 1063 1534 putaS‚
1122 1459 1259 1506 nec
1308 1439 1590 1508 Drusus
1647 1433 1931 1510 facilem
1983 1463 2060 1511 se
2117 1440 2545 1539 praebuerit‚

404 1549 922 1646 Damasippum
960 1546 1175 1619 velim
1213 1545 1652 1644 aggrediare.
1693 1549 1802 1636 Is,
1851 1549 2138 1646 opinor,
2178 1551 2276 1622 ita
2307 1570 2550 1651 partes
2601 1551 2609 1557 ’

404 1657 573 1731 fecit
621 1659 694 1729 in
745 1652 949 1755 ripa-³
989 1657 1232 1728 nescio
1271 1669 1764 1752 quotenorum
1800 1655 2182 1754 jugerum,
2229 1676 2316 1732 ut
2361 1675 2555 1735 certa

406 1769 633 1868 pretia
666 1767 1182 1854 constitueret3
1219 1789 1383 1863 quae
1418 1763 1602 1835 mihi
1633 1779 1810 1836 nota
1841 1790 1993 1836 non
2030 1784 2222 1839 sunt.
2266 1770 2552 1844 Scribes

404 1879 490 1975 ad
534 1903 649 1950 me
695 1879 938 1976 igitur,
982 1873 1342 1974 quidquid
1387 1875 1639 1973 egeris.
1683 1873 2173 1949 Vehementer
2211 1903 2328 1952 me
2365 1881 2555 1954 solli-

404 1991 575 2062 citat
616 1991 865 2059 Atticae
898 2002 1163 2058 nostrae
1189 1986 1509 2058 valitudo
1539 2015 1555 2058 :
1593 2001 1680 2058 ut
1711 2011 1963 2059 verear
1987 1989 2200 2060 etiam
2222 2045 2242 2078 ‚
2274 2014 2368 2061 ne
2404 2015 2552 2089 qua

404 2099 619 2198 culpa
666 2101 777 2172 sit.
828 2097 965 2170 Sed
1013 2111 1086 2169 et
1138 2095 1508 2196 paedagogi
1549 2094 1911 2194 probitaS‚
1963 2111 2036 2170 et
2077 2097 2342 2170 medici
2373 2102 2549 2172 assi-

404 2208 679 2296 duitas,
722 2222 797 2280 et
852 2222 1004 2280 tota
1058 2205 1320 2280 domus
1362 2209 1692 2296 inomni
1733 2231 1996 2306 genere
2041 2206 2386 2307 diligens,
2429 2235 2548 2284 me

402 2344 650 2393 rursus
679 2318 753 2390 id
780 2320 1125 2419 suspicari
1152 2333 1368 2392 vetat.
1403 2323 1592 2391 Cura
1622 2319 1877 2417 igitur:
1917 2318 2128 2417 plura
2160 2325 2354 2394 enim
2386 2349 2544 2397 non

403 2454 721 2530 possum.

478 2626 523 2660 1.
542 2610 662 2659 Han·
692 2610 768 2658 ad
786 2622 835 2659 ee
857 2610 1042 2675 εσνίρεί.
1069 2611 1189 2659 Hae
1208 2607 1411 2675 epistol·
1573 2608 1629 2657 3.
1656 2610 1720 2657 In
1745 2608 1871 2675 ripa.
1895 2610 2094 2661 Scilicet
2119 2612 2346 2661 Tiberina
2373 2629 2388 2661 ε
2421 2630 2535 2663 mm

401 2679 577 2756 pediu*
595 2692 713 2739 Sex.
1499 2688 1672 2736 horton
1716 2690 2108 2739 Transtiberina
2147 2692 2394 2755 qnaerebat
2447 2694 2534 2743 Ci-

474 2786 523 2819 2.
554 2771 621 2834 ,Is
647 2766 829 2833 suerit.
864 2766 1053 2833 Nempe
1096 2764 1317 2817 difficilis
1358 2767 1413 2817 in
1500 2782 1616 2815 cero
1630 2803 1646 2829 ,
1691 2778 1750 2817 ut
1779 2766 1960 2817 celebri
1983 2768 2100 2821 loeo
2122 2770 2291 2819 fanum
2317 2784 2531 2822 exstrue-

400 2848 555 2897 hortis
578 2845 865 2896 vendendis.
886 2846 1037 2895 Mu.
1498 2857 1591 2897 ret.
1624 2849 1850 2897 mrum.

2333 3027 2424 3047 m
2435 3028 2525 3047 §ss

928 3196 1521 3277 EPISTOLA
1589 3197 2004 3276 XXXIV.

439 3381 653 3444 Scribit
678 3380 829 3441 se'in
860 3380 1005 3441 Sicae
1030 3376 1431 3440 suburbanum
1454 3390 1786 3437 venturum.
1818 3379 2113 3456 (Astura,
2139 3396 2292 3437 anno
2319 3383 2396 3439 U.
2420 3384 2486 3441 C.

1154 3476 1294 3549 708,
1330 3494 1525 3533 mense
1548 3473 1772 3553 aprili.)

1070 3622 1379 3689 CICERO
1424 3622 1749 3688 ATTICO
1796 3622 1860 3687 S.

493 3784 649 3852 Eeo
684 3776 805 3850 hic
844 3776 959 3849 vel
1000 3776 1153 3847 sine
1197 3775 1350 3845 Sica
1397 3772 1698 3871 (Tironi
1730 3775 1921 3844 enim
1959 3773 2213 3845 melius
2241 3776 2392 3872 est)
2423 3775 2524 3849 fa-

396 3890 661 3961 cillime
688 3912 980 3987 possem
1018 3908 1207 3974 esse,
1247 3901 1332 3957 ut
1370 3887 1446 3955 in
1484 3882 1735 3955 malis:
1774 3882 1934 3975 sed,
1969 3909 2200 3982 quum
2227 3886 2526 3975 scribas»,

396 3999 787 4073 videndum
844 3998 1024 4069 mihi
1081 4020 1277 4085 esse,
1328 4020 1422 4067 ne
1466 3996 1877 4094 opprimat-3
1927 4020 2014 4067 ex
2060 4020 2211 4092 quo
2260 3998 2525 4069 intelli-

396 4136 555 4208 gam
580 4167 599 4201 ‚
648 4128 717 4183 te
752 4126 1029 4183 certum
1068 4107 1260 4181 diem
1304 4106 1494 4181 illius
1528 4104 1994 4205 profectionis
2029 4133 2179 4180 non
2218 4108 2526 4181 habere:

460 4227 467 4239 ¹
2188 4224 2292 4293 18.
