3019 4681
629 376 1173 451 EPISTOLAE
1220 378 1357 447 AD
1408 378 1497 467 Q.
1537 378 2062 466 FRATREM,
2099 384 2170 467 1,
2235 407 2289 451 ι.
2393 380 2530 468 545

402 502 713 586 videtur,
756 500 830 572 id
866 514 1013 585 est,
1052 513 1193 570 tuoe
1214 495 1305 569 ⁷⁸.
1348 502 1453 571 Ac
1498 501 1816 599 primum
1873 492 2174 590 Graecis,
2215 501 2292 573 id
2334 504 2538 600 quod

402 610 943 685 acerbissimum
973 623 1120 696 est,
1158 606 1361 705 quod
1392 623 1562 680 sunt
1595 608 1969 705 vectigales
1987 664 2006 699 ‚
2036 634 2186 681 non
2219 612 2320 682 ita
2345 636 2538 687 acer-

404 722 583 794 bum
622 720 850 791 videri
894 717 1153 807 debet,
1200 732 1584 815 propterea
1625 718 1828 814 quod
1862 722 2018 789 sine
2053 721 2358 817 irnperio
2403 746 2535 819 po-

404 832 557 930 puli
591 832 914 915 romani,
954 832 1100 900 suis
1138 829 1483 899 institutis
1498 840 1588 915 ⁷9,
1629 851 1760 925 per
1797 852 1874 900 se
1907 830 2044 926 ipsi
2083 831 2180 899 ita
2216 828 2535 903 fuerunt.

404 947 683 1016 Nomen
733 955 973 1012 autem
1022 938 1391 1037 publicani
1430 940 1798 1039 aspernari
1835 964 1986 1010 non
2025 955 2370 1036 possunt,
2408 948 2538 1038 qui

402 1050 723 1149 pendere
778 1051 915 1147 ipsi
972 1050 1275 1145 vectigal
1332 1054 1489 1121 sine
1548 1046 1940 1146 publicano
1959 1046 2028 1093 ⁸⁰
2075 1074 2226 1121 non
2281 1068 2539 1149 potue-

403 1176 613 1249 runt,
670 1160 875 1258 quod
928 1161 1015 1231 iis
1056 1156 1507 1256 aequaliter&
1569 1158 1766 1231 Sulla
1823 1158 2314 1257 descripserat.
2378 1166 2544 1234 Non

404 1294 561 1343 esse
591 1283 831 1341 autem
868 1269 1182 1340 leniores
1215 1269 1291 1338 in
1330 1266 1700 1365 exigendis
1733 1268 2200 1365 vectigalibus
2230 1274 2542 1359 Graecos,

404 1403 623 1478 quam
658 1394 945 1451 nostros
982 1377 1445 1477 publicanOS‚
1486 1378 1660 1449 hinc
1695 1377 2000 1475 intelligi
2031 1396 2306 1476 potest,
2341 1381 2545 1478 quod

407 1493 659 1561 Caunii
682 1484 749 1535 θ’
798 1514 1057 1588 nuper,
1100 1512 1503 1585 omnesque
1546 1514 1633 1559 ex
1675 1489 1963 1578 insuli3‚
2009 1514 2172 1586 quae
2207 1505 2414 1562 erant
2449 1491 2542 1561 ab
2623 1480 2635 1489 ’

406 1601 599 1674 Sulla
650 1598 951 1673 Rhodiis
986 1598 1347 1671 attributae
1362 1593 1457 1687 ⁸³,
1504 1596 1992 1693 confugerunt
2031 1597 2121 1670 ad
2171 1616 2500 1671 senatum
2521 1654 2542 1683 ‚

406 1708 621 1781 nobis
676 1724 761 1781 ut
811 1710 1057 1808 potius
1103 1707 1443 1805 vectigal,
1492 1732 1714 1805 quam
1762 1706 2060 1779 Rhodiis
2115 1708 2540 1806 penderent.

409 1823 651 1911 Quare
688 1844 961 1891 nomen
995 1817 1370 1919 publicani
1401 1841 1642 1914 neque
1668 1818 1718 1887 ii
1745 1815 2020 1889 debent
2045 1816 2382 1907 horrere,
2415 1824 2546 1915 qui

408 1955 693 2029 semper
750 1929 1127 2027 vectigales
1187 1926 1528 2015 fuerunt3
1577 1950 1816 2023 neque
1862 1930 1908 1997 ii
1959 1930 2318 2025 aspernari
2342 1982 2362 2015 ‚
2416 1932 2546 2025 qui

410 2065 543 2140 per
586 2066 663 2113 se
700 2040 1017 2139 pendere
1059 2038 1358 2137 vectigal
1400 2063 1555 2110 non
1591 2052 2032 2137 potuerunt3
2075 2063 2316 2135 neque
2349 2041 2398 2109 ii
2441 2064 2549 2111 re-

352 2204 361 2213 .
410 2172 699 2237 cusare,
729 2152 855 2247 qui
880 2150 1467 2249 postulaverunt..
1490 2148 1718 2219 Simul
1749 2164 1820 2220 et
1850 2146 2029 2219 iuud
2057 2150 2220 2219 Asia
2249 2151 2545 2245 cogitet,

410 2260 683 2332 nullam
718 2285 759 2331 a
794 2284 871 2333 se
906 2284 1147 2357 neque
1182 2257 1357 2331 belli
1392 2262 1707 2346 externi,
1747 2281 1990 2355 neque
2022 2254 2547 2329 discordiarum

412 2368 969 2442 domesticarum
1018 2369 1489 2442 calamitatem
1538 2366 1948 2440 abfuturam
1997 2365 2214 2440 fuisse
2236 2424 2255 2455 ,
2303 2371 2361 2440 si
2405 2369 2548 2442 hoc

410 2481 715 2578 imperio
770 2505 919 2552 non
981 2492 1407 2551 teneretur:
1464 2477 1540 2549 id
1594 2494 1836 2551 autem
1889 2483 2278 2578 imperium
2313 2505 2545 2578 quum

408 2591 706 2662 retineri
752 2591 907 2662 sine
956 2587 1427 2688 vectigalibus
1476 2588 1683 2660 nullo
1740 2587 1962 2660 modo
2016 2592 2284 2686 possit,
2332 2615 2544 2687 aequo

410 2701 653 2772 animo
680 2715 883 2797 parte
910 2700 1153 2797 aliqua
1184 2723 1483 2772 suorum
1512 2697 1879 2772 fructuum
1911 2723 2160 2797 pacem
2187 2699 2327 2771 sibi
2355 2725 2542 2773 sem·

412 2813 771 2906 piternam
804 2807 1111 2882 redimat
1144 2823 1363 2906 atque
1398 2812 1654 2880 otium.

510 2917 728 3010 Quod
768 2922 825 2990 si
866 2943 1097 3017 genus
1136 2919 1373 3016 ipsum
1410 2933 1485 2990 et
1523 2942 1792 2989 nomen
1833 2917 2196 3015 publicani
2231 2943 2380 2990 non
2414 2923 2548 2990 ini-

418 3051 569 3124 quo
596 3029 839 3098 animo
878 3025 1379 3116 sustinebunt3
1411 3042 1760 3125 poterunt
1785 3029 1906 3115 iis,
1939 3028 2243 3100 consilio
2275 3043 2350 3100 et
2381 3053 2546 3127 pru-

416 3241 559 3290 nimia
576 3255 755 3304 magno
777 3239 941 3305 pretio
964 3239 1163 3304 publiea
1184 3239 1439 3306 vectigalia
1526 3241 1721 3307 eipuam
1761 3241 1910 3302 hujus
1943 3239 2156 3290 muneris
2189 3257 2355 3290 curam
2382 3253 2516 3306 gerat
2531 3277 2548 3302 ‚

414 3320 714 3368 redemerant
730 3352 747 3377 ‚
786 3317 951 3366 socios
978 3316 1270 3378 enecabant,
1306 3334 1438 3366 acer-
1528 3331 1579 3368 et
1604 3336 1694 3368 suo
1728 3317 1950 3384 periculo
1973 3335 2000 3367 e
2027 3319 2172 3367 sociis
2195 3320 2372 3384 exigat.
2397 3321 2548 3384 Quod

416 3399 528 3448 bins
545 3396 805 3461 exigendo.
1529 3399 1645 3447 facit
1665 3395 1974 3463 publicanus.
1992 3399 2144 3446 ΜΑΙ.

491 3478 576 3539 78.
594 3475 792 3526 Sohiitz.
806 3476 987 3525 delevit
1004 3509 1021 3534 ,
1044 3474 1137 3524 «id
1152 3485 1257 3534 est,
1282 3485 1438 3536 tut»,
1601 3479 1687 3526 81.
1726 3474 2016 3541 AEqualt'ter.
2063 3477 2181 3538 Quo
2225 3475 2415 3526 facilius
2450 3479 2554 3529 sine

418 3557 557 3621 quasi
576 3572 605 3603 ο
628 3557 788 3620 glonna
812 3556 1033 3604 fluxerit.
1050 3558 1253 3603 Factum
1275 3563 1448 3602 eontra
1538 3553 1806 3620 publicano
1833 3553 1963 3616 exigi
1986 3553 2242 3601 videbatur
2267 3569 2426 3617 poste.

420 3637 673 3688 Ciceronis
695 3637 999 3700 seutentiam.
1022 3637 1055 3685 J
1063 3635 1157 3684 .V.
1174 3637 1232 3684 1..
1610 3636 1693 3682 82.
1733 3629 1925 3680 Caunii.
1955 3631 2132 3696 Populi
2167 3631 2334 3682 Caria.
2361 3635 2554 3685 Caunus

494 3733 577 3780 79,
608 3714 715 3764 Suis
746 3713 994 3764 institutis.
1032 3712 1223 3765 Greci·
1238 3748 1253 3773 ‚
1294 3727 1447 3778 quum
1535 3721 1696 3760 autem
1721 3719 1896 3774 portus
1930 3720 2032 3757 erat
2057 3709 2120 3758 ad
2144 3709 2396 3760 Rhodium
2421 3730 2552 3764 mare

418 3797 573 3845 libera
614 3805 737 3844 estet
754 3829 770 3856 ,
814 3793 917 3847 mis
960 3792 1161 3858 populis
1194 3789 1447 3854 vectigalia
1533 3789 1588 3838 in
1612 3789 1774 3854 Lyciae
1797 3786 2032 3838 confinio.

419 3875 743 3926 descrihehat.
1032 3932 1040 3936 ι
1607 3870 1694 3918 83.
1719 3867 1918 3917 Rhodiis
1941 3869 2202 3919 attributae.
2234 3869 2368 3920 Sulla
2391 3871 2558 3923 decre.

494 3959 576 4005 80.
600 3954 717 4002 Sino
736 3952 1021 4018 publicano.
1048 3953 1176 4017 Ipaoe
1202 3949 1331 3998 enim
1350 3965 1440 4014 per
1527 3961 1698 4004 verat,
1735 3959 1790 3996 ut
1833 3948 2040 4006 Caunii,
2076 3957 2124 3998 et
2171 3950 2344 3997 viciuae
2385 3951 2555 4003 imula

422 4051 475 4084 ne
500 4035 717 4082 civitates
742 4048 846 4080 non
867 4029 1007 4079 facile
1022 4031 1087 4078 nd
1112 4028 1440 4093 colligendum
1531 4027 1786 4090 vectigalia
1815 4027 2048 4076 inferunt
2081 4028 2134 4076 in
2174 4029 2396 4077 aerarium
2421 4033 2556 4080 Rho-

423 4113 627 4178 vectigal
647 4111 978 4170 adducuntur,
996 4110 1089 4158 nisi
1108 4109 1195 4172 nit,
1214 4109 1299 4174 qni
1318 4123 1446 4174 pre·
1537 4105 1752 4156 diorum.

620 4200 749 4268 111.
801 4213 892 4263 eie.
913 4227 1029 4277 pm
1051 4221 1227 4275 qaam.
2228 4191 2317 4262 35
