3019 4681
37 4339 40 4371 -.
37 4059 50 4314 -,-,,.-,
35 3349 43 4036 -—--—-—-—-.—-—-——
35 2583 41 3322 .—-.-—.-—————.—--

510 357 649 429 508
1148 360 1247 427 Μ.
1298 362 1375 429 Τ.
1428 360 2006 430 CICERONIS

508 482 655 567 sin,
686 481 897 551 latius
940 478 1296 565 manabit,
1336 496 1407 551 et
1442 480 1737 578 quidem
1779 480 1875 552 ad
1908 504 2075 569 ηοε,
2119 478 2384 553 deinde
2433 507 2640 555 com·-

512 591 847 660 muniter.
904 588 1127 661 Avide
1170 604 1377 660 tuum
1414 592 1796 665 consilium
1831 605 2192 689 exspecto.
2226 593 2508 682 Time0‚
2543 620 2636 663 ne

512 698 776 788 absim,
820 724 1050 797 quum
1090 699 1335 771 adesse
1374 726 1493 772 me
1535 703 1626 773 sit
1663 702 2087 791 honestius;
2121 706 2365 773 venire
2387 714 2449 747 ¹⁰
2484 728 2640 775 non

510 808 769 882 audeo.
808 814 917 883 De
945 814 1239 883 Antonii
1268 810 1646 883 itineribus
1675 814 1920 883 nescio
1941 811 2117 909 quid
2143 810 2347 884 aliter
2379 812 2596 885 audio
2615 866 2636 897 ‚

512 934 732 1017 atque
765 920 855 991 ad
896 935 967 990 te
1005 919 1435 993 scribebam.
1473 924 1736 994 Omnia
1771 924 1990 1019 igitur
2031 921 2245 993 velim
2291 923 2634 1021 explice5‚

511 1045 587 1101 et
628 1030 718 1103 ad
758 1057 874 1103 me
909 1045 1102 1103 certa
1141 1033 1399 1102 mittas,
1458 1036 1568 1103 De
1617 1030 1899 1130 reliquo
1949 1029 2128 1129 quid
2181 1030 2316 1102 tibi
2353 1056 2488 1129 ego
2532 1032 2638 1101 di-

516 1142 717 1211 cam?
744 1140 963 1213 ardeo
996 1141 1236 1213 studio
1253 1131 1570 1213 historiae
1591 1152 1646 1186 ¹¹
1691 1142 1719 1233 (
1747 1138 2266 1213 incredibiliter
2295 1141 2489 1212 enim
2521 1164 2638 1211 me

518 1266 930 1323 commovet
958 1266 1085 1323 tua
1118 1251 1614 1344 cohortatio),
1646 1277 1808 1349 quae
1835 1252 2128 1349 quidem
2164 1276 2300 1323 nec
2331 1253 2640 1333 institui,

522 1385 657 1433 uec
692 1360 880 1433 effici
910 1375 1151 1460 potest
1174 1364 1331 1435 sine
1363 1377 1488 1435 tua
1529 1388 1694 1461 ope.
1739 1368 2000 1434 Coram
2047 1362 2266 1459 igitur
2301 1360 2442 1433 hoe
2481 1362 2640 1457 qui-

522 1468 691 1541 dem
738 1471 1211 1545 conferemus.
1268 1478 1355 1543 In
1398 1476 1780 1571 praesentia
1824 1471 2003 1543 mihi
2065 1470 2278 1542 velim
2333 1469 2597 1542 scribas
2621 1526 2642 1557 ‚

521 1580 789 1676 quibus
808 1582 1307 1655 censoribus¹²
1332 1588 1411 1654 C.
1438 1584 1790 1670 Fannius,
1817 1586 1918 1653 M.
1951 1586 2025 1653 F.
2057 1580 2391 1653 tribunus
2416 1579 2646 1679 plebis

524 1688 759 1761 fuerit.
804 1691 1077 1764 Videor
1104 1692 1285 1763 mihi
1310 1692 1628 1780 audisse,
1664 1698 1738 1763 P.
1773 1689 2143 1781 Africano,
2165 1696 2242 1763 L.
2269 1693 2644 1764 Mummio.

524 1797 606 1869 Id
634 1802 852 1897 igitur
885 1826 1152 1899 quaero.
1187 1808 1299 1873 Tu
1326 1803 1504 1872 mihi
1533 1803 1624 1874 de
1656 1806 1744 1873 iis
1765 1801 2017 1889 rebu3‚
2057 1826 2220 1899 quae
2246 1815 2604 1873 novantur
2623 1856 2642 1888 ‚

524 1912 770 1980 omnia
805 1926 1033 2001 certa,
1064 1911 1271 1983 clara.
1312 1938 1393 1983 111
1430 1898 1525 1983 id.
1567 1938 1656 1984 ex
1692 1912 2040 2010 Arpinati.

524 2134 745 2187 expertes
754 2127 947 2174 enimus.
961 2128 1049 2175 Sin
1060 2128 1280 2192 superior
1292 2128 1542 2187 alteruter3

526 2213 601 2249 eet
641 2203 987 2253 discedendum
1018 2222 1033 2255 :
1072 2218 1391 2270 utercumque
1414 2208 1546 2255 euim

530 2280 713 2339 valeat,
744 2282 889 2331 latius
922 2284 1193 2349 periculum
1225 2285 1468 2344 manabit,
1497 2294 1546 2333 et

530 2362 691 2422 primo
732 2363 797 2410 ad
834 2379 925 2412 nos
962 2363 1057 2428 (ee
1104 2367 1293 2429 ipsum,
1336 2375 1386 2412 et
1425 2366 1548 2412 alios

530 2437 761 2503 intelligit
774 2474 791 2499 ,
839 2442 926 2504 qui
968 2443 1315 2507 rempublicam
1359 2443 1552 2492 fortiter

530 2515 845 2568 defenderent
862 2523 911 2587 ),
933 2520 1109 2569 deinde
1135 2522 1197 2568 ad
1221 2537 1387 2569 omnes
1410 2537 1548 2569 eom-

532 2597 758 2657 muniter‚
779 2599 989 2663 ideoque
1004 2601 1146 2648 etiam
1158 2600 1223 2648 ad
1239 2612 1313 2658 te,
1328 2603 1552 2664 quamvis

532 2675 811 2738 reipublieae
829 2678 1243 2727 administratione
1259 2695 1447 2744 semper
1464 2679 1552 2728 ab·

532 2755 779 2804 atinueria.
805 2757 949 2805 Man.

609 2850 687 2881 10.
720 2835 909 2883 Venire.
943 2838 1095 2886 Vetus
1121 2837 1277 2884 codex
1304 2853 1403 2884 una
1429 2852 1552 2886 voce

532 2913 751 2962 auctior:
774 2927 949 2962 temere
962 2915 1148 2962 venire.
1168 2917 1344 2963 Bonus
1361 2918 1549 2966 Bauz-

611 3007 690 3040 ιι.
724 2993 972 3042 Historia..
1001 2995 1129 3042 Vide
1154 2993 1217 3042 de
1244 2995 1410 3060 Legib.
1438 2997 1473 3044 1.
1498 2998 1548 3055 1,

532 3089 579 3120 c.
611 3088 657 3119 a.
682 3071 765 3120 Ad
785 3073 917 3122 bunc
940 3073 1103 3122 locum
1120 3076 1167 3122 J.
1186 3076 1247 3121 V.
1272 3079 1329 3125 L.
1351 3075 1552 3124 adducit

534 3151 851 3214 fragmentum
906 3153 1034 3201 sorte
1086 3169 1115 3200 e
1164 3151 1291 3201 libro
1338 3153 1554 3202 Cornelii

536 3231 740 3294 Nepotis
774 3231 837 3280 de
874 3230 1131 3280 metm-icis
1195 3231 1357 3282 latinia
1416 3232 1555 3296 quod

538 3311 721 3373 primus
736 3311 945 3375 protulit
968 3312 1262 3376 Heusinger,
1280 3327 1393 3360 aun.
1418 3312 1554 3376 1759

534 3407 563 3436 e
600 3388 691 3437 MS
734 3391 1119 3454 Guelferbytano
1157 3405 1171 3438 :
1210 3391 1308 3438 boc
1350 3390 1550 3438 damus:

534 3493 561 3510 «ι
580 3471 694 3518 Non
718 3471 941 3534 ignorare
970 3469 1141 3530 debes,
1176 3487 1329 3519 unum
1352 3471 1448 3519 hoe
1470 3487 1554 3535 ge-

540 3565 631 3595 nua
670 3549 925 3598 latinarum
968 3550 1213 3599 literarum
1250 3550 1410 3599 adhuc
1451 3565 1558 3598 nou

539 3627 691 3676 modo
728 3645 831 3678 non
872 3631 1161 3696 respondere
1204 3633 1403 3680 Graeciae
1416 3665 1431 3688 ‚
1470 3630 1558 3679 aed

1633 2120 1836 2178 omniuo
1863 2128 1984 2177 mde
2007 2138 2154 2191 atque
2181 2126 2465 2175 inchoatum
2489 2134 2644 2175 morte

1631 2210 1880 2258 Cieerouis
1893 2211 2128 2261 relietum.
2144 2211 2234 2260 Ille
2246 2212 2376 2261 euim
2393 2211 2484 2259 fuit
2501 2226 2647 2268 unus,

1633 2289 1721 2352 qui
1747 2290 1962 2352 potuerit
1993 2301 2044 2339 et
2070 2291 2214 2339 etiam
2243 2289 2464 2337 debuerit
2494 2289 2648 2337 hieto-

1635 2367 1754 2416 riam
1781 2369 1926 2433 digna
1953 2387 2076 2420 voce
2100 2370 2442 2436 pronuntiare5
2470 2370 2650 2433 quippe

1636 2449 1722 2511 qui
1758 2449 2017 2496 oratoriam
2057 2449 2386 2513 eloquentiam
2419 2447 2588 2495 rud-
2620 2462 2649 2493 a

1637 2527 1901 2587 maioribus
1917 2538 2164 2592 acceptam
2183 2527 2499 2593 perpoliverit
2511 2561 2528 2586 ‚
2549 2526 2652 2591 phi-

1635 2604 1910 2670 losophiam
1941 2619 2052 2656 ante
2069 2624 2180 2656 eum
2197 2608 2493 2670 incomptam
2505 2641 2521 2666 ‚
2545 2605 2651 2652 lati·

1637 2701 1750 2734 nam
1780 2701 1868 2735 sua
1897 2685 2255 2734 confirmaverit
2287 2687 2508 2734 oratione
2535 2701 2550 2734 ε
2591 2701 2652 2732 ex

1637 2779 1740 2828 quo
1757 2763 1932 2813 dubito
1943 2799 1958 2824 ,
1977 2766 2178 2813 interitu
2193 2765 2296 2825 eiua
2314 2773 2478 2812 uti-um
2493 2779 2654 2826 respu-

1637 2844 1766 2892 blica
1795 2859 1860 2890 an
1885 2841 2089 2892 historia
2123 2843 2277 2906 magia
2313 2843 2532 2891 doleat».
2561 2841 2656 2888 Sed

1640 2923 1702 2971 de
1740 2927 1942 2970 veritate
1980 2921 2126 2983 huius
2167 2921 2426 2984 fragmenti
2465 2921 2656 2968 dubitat

1638 3003 1671 3050 J
1677 3036 1690 3050 .
1713 3002 1776 3048 V.
1803 3005 1859 3050 L.
1886 3017 1976 3048 nee
2000 3010 2139 3064 putat
2167 2999 2396 3048 Ciceroni
2419 3001 2580 3046 omnia
2601 3013 2654 3045 ea

1639 3081 1813 3139 fuisse,
1837 3096 1947 3144 qum
1980 3080 2036 3126 iu
2067 3077 2270 3127 historia
2301 3077 2556 3126 eoeibeuda
2583 3093 2654 3124 re-

1638 3160 1913 3222 quiruntur.
1937 3147 2032 3206 En'.

1716 3252 1799 3286 12.
1837 3237 1969 3284 olim
1995 3235 2229 3284 edebatur
2254 3250 2374 3282 σου.
2399 3233 2660 3282 Lambinus

1639 3326 1802 3364 autem
1821 3333 1886 3364 ex
1908 3315 2112 3380 antiquo
2133 3313 2262 3363 libro
2287 3313 2548 3378 legendum
2566 3329 2660 3377 pu·

1641 3395 1804 3452 tabat,
1831 3395 2046 3460 «quibus
2074 3392 2422 3441 consulibua...
2451 3394 2506 3441 Ρ.
2533 3391 2664 3438 Afri-

1642 3491 1792 3534 cano,
1811 3475 1871 3522 L:
1889 3473 2130 3520 Mummio
2149 3471 2433 3520 censoribus
2449 3493 2473 3514 υ
2488 3505 2504 3528 ,
2521 3471 2664 3520 valde

1642 3551 1880 3615 probante
1921 3549 2098 3614 Pighio
2141 3550 2206 3598 ad
2239 3565 2352 3598 ann.
2401 3550 2524 3606 611,
2559 3565 2663 3612 quo

1645 3630 1860 3679 aimoini
1875 3629 2078 3678 lustrum
2101 3628 2446 3678 condiderunt.
2466 3629 2580 3680 LV.
2601 3631 2664 3678 L.

1322 3913 1351 3918 --
1386 3899 1891 3928 ⁶*-
