3019 4681
492 352 633 438 384
1118 352 1216 419 Μ.
1263 351 1341 419 Τ.
1390 350 1978 423 CICERONIS

483 501 659 549 rem.
702 478 917 549 Nunc
956 496 1399 572 magnopere
1432 497 1474 544 a
1511 488 1584 544 te
1623 487 1795 571 peto
1813 528 1833 558 ,
1871 472 1964 546 de
1998 497 2149 571 quo
2185 498 2347 547 sum
2380 498 2618 573 nuper

488 603 728 659 tecum
770 585 1123 682 loquutus
1142 639 1163 672 ,
1204 599 1289 655 ut
1324 582 1566 655 videas
1599 607 1694 657 ne
1732 583 1909 681 quid
1941 587 2008 657 ei
2043 582 2247 656 desit.
2278 584 2364 657 ld
2392 611 2624 684 quum

485 695 576 768 ad
613 692 935 767 officium
970 708 1303 783 nostrum
1339 695 1689 791 pertinet,
1719 709 1875 765 tum
1907 694 1995 766 ad
2026 696 2624 768 existimationem

486 820 561 878 et
592 804 1051 903 dignitatem3
1076 801 1282 901 quod
1308 802 1500 874 idem
1535 803 1856 877 intellexi
1881 803 2016 876 tibi
2042 804 2266 877 videri
2296 807 2618 877 omnino.

486 918 559 988 Si
605 938 781 1013 ergo
832 928 941 985 est
961 911 1016 1000 ⁵,
1067 912 1237 984 volo
1279 936 1528 984 mense
1574 913 1864 1011 quintili
1906 915 1984 984 in
2031 916 2378 987 Graeciam
2416 942 2432 983 ε
2480 916 2625 985 sint

486 1026 732 1098 omnia
771 1022 1111 1095 faciliora.
1152 1022 1293 1094 Sed
1339 1046 1570 1120 quum
1606 1024 1752 1093 sint
1791 1048 1874 1095 ea
1911 1038 2238 1123 tempora
2263 1078 2284 1111 ,
2329 1038 2412 1095 ut
2447 1024 2624 1107 certi

483 1134 670 1206 nihil
715 1158 869 1205 esse
914 1134 1140 1231 possit
1161 1188 1181 1221 ,
1222 1132 1401 1229 quid
1446 1132 1838 1205 honestum
1889 1133 2069 1204 mihi
2107 1136 2234 1223 sit,
2271 1132 2453 1233 quid
2496 1158 2620 1204 ex-

484 1244 731 1343 pediat
752 1298 773 1331 ,
797 1241 977 1339 quid
1002 1242 1246 1331 liceat3
1275 1266 1558 1341 quaeso,
1582 1240 1674 1314 da
1699 1267 1997 1341 operam
2016 1298 2036 1333 ‚
2065 1259 2148 1316 ut
2173 1242 2376 1315 illum
2403 1268 2620 1341 quam

484 1354 994 1426 honestissime
1023 1355 1660 1451 copiosissimeque
1687 1366 2042 1425 tueamur.
2067 1360 2232 1426 Haec
2260 1368 2334 1426 et
2359 1368 2624 1443 cetera,

487 1490 649 1563 quae
684 1464 773 1537 ad
809 1490 946 1536 nos
982 1462 1496 1562 pertinebunt,
1539 1478 1624 1535 ut
1659 1463 1884 1553 soleS,
1930 1464 2310 1561 cogitabi53
2347 1463 2438 1536 ad
2468 1489 2624 1535 me·

487 1600 633 1674 que
656 1630 675 1664 ,
714 1588 839 1646 aut
882 1573 1087 1674 quod
1142 1572 1233 1645 ad
1265 1588 1437 1645 'rem
1486 1574 1883 1672 pertineat,
1919 1586 2078 1663 aut,
2123 1575 2184 1645 si
2227 1572 2408 1644 nihil
2445 1576 2622 1663 erit,

487 1686 689 1785 quo'd
729 1686 807 1756 in
851 1683 1158 1756 buccam
1195 1682 1511 1771 venerit,
1548 1680 1834 1755 scribes.

489 1838 850 1889 controversiae.
869 1838 911 1884 E
924 1835 1105 1900 quibus
1115 1832 1381 1887 Hardionis
1406 1848 1517 1881 sen·
1673 1834 1726 1882 5.
1754 1833 1810 1881 Si
1827 1848 1946 1899 ergo
1970 1845 2058 1882 ese.
2079 1834 2158 1883 Se.
2177 1834 2309 1882 unde
2333 1844 2460 1889 utar:
2487 1832 2530 1880 ti
2547 1848 2626 1880 ιι·-

486 1919 706 1978 tentiam‚
729 1912 921 1975 εὒπινὲς,
935 1930 1131 1979 purum,
1156 1912 1379 1977 simplex,
1398 1928 1515 1960 oon·
1601 1922 1798 1977 gentum
1839 1911 1961 1959 mihi
1991 1913 2278 1977 suppetierit
2309 1912 2364 1961 in
2402 1922 2623 1975 sumptus

486 1998 686 2046 cinnum
722 1994 1010 2059 explicantis
1028 2026 1045 2055 ,
1070 1994 1126 2042 J.
1144 1992 1214 2042 V.
1228 1995 1287 2041 1..
1306 1991 1361 2038 in
1382 1990 1516 2039 notis
1601 1990 1802 2039 itineris.
1823 1992 1906 2038 Sic
1937 1992 2103 2040 Graev.
2127 2002 2178 2041 et
2202 1990 2421 2041 Gronov.
2440 1992 2536 2039 En.
2551 2016 2625 2029 --

486 2076 813 2141 amplectitur.
842 2075 939 2121 En.
1604 2068 1807 2128 Rosius,
1824 2070 1868 2117 si
1891 2064 2022 2138 ἀγὼν
2048 2080 2136 2119 est.
2162 2072 2216 2120 J.
2242 2072 2307 2126 Y.
2329 2072 2387 2117 L.

490 2228 689 2249 Μ
698 2222 2098 2247 “mmmmm-§nm

2377 2224 2618 2245 m

1102 2393 1701 2474 EPISTOLA
1751 2397 2011 2476 VIII.

490 2564 830 2648 Respondet
856 2563 1034 2625 Attici
1066 2561 1278 2634 literis,
1308 2560 1383 2621 de
1408 2561 1479 2620 iis
1508 2563 1876 2642 potissimum
1901 2583 2034 2641 quae
2065 2585 2255 2644 nuper
2291 2565 2366 2624 de
2394 2563 2621 2644 republ.

566 2664 908 2730 resciverat,
954 2659 1213 2740 petitque
1254 2672 1319 2717 ut
1361 2656 1437 2717 de
1476 2658 1749 2719 omnibus
1791 2659 2100 2740 diligenter
2139 2662 2479 2741 perscribat.
2516 2661 2623 2744 (In

572 2761 953 2831 Sinuessano,
982 2777 1135 2816 anno
1161 2761 1239 2817 U.
1265 2760 1333 2816 C.
1364 2777 1509 2833 709,
1553 2777 1748 2816 mense
1779 2759 2001 2837 aprili.)

1173 2921 1487 2988 CICERO
1534 2923 1862 2989 ATTICO
1909 2927 1974 2992 S.

586 3061 693 3128 Tu
728 3077 844 3126 me
878 3052 1025 3148 jam
1062 3049 1349 3134 rebare,
1391 3075 1624 3148 quum
1653 3051 2012 3125 scribebas
2033 3109 2052 3142 ,
2095 3056 2173 3126 in
2202 3057 2378 3127 actis
2399 3064 2424 3098 ¹
2468 3079 2622 3127 esse

494 3169 759 3241 nostris
786 3190 802 3234 :
838 3178 911 3234 et
936 3185 1069 3258 ego
1094 3162 1339 3260 accepi
1368 3185 1518 3232 xvn
1543 3159 1680 3231 kal.
1713 3167 1790 3232 in
1819 3163 2308 3237 deversoriolo
2340 3167 2624 3237 Sinues-

492 3303 667 3352 sano
730 3289 891 3346 tuas
950 3272 1215 3343 literaS.
1278 3275 1389 3343 De
1454 3272 1688 3342 Mario
1709 3283 1739 3314 ²
1805 3274 2040 3373 probe
2078 3303 2094 3347 τ
2163 3281 2295 3348 etsi
2356 3275 2569 3348 doleo
2589 3273 2620 3320 ³

492 3395 572 3462 L.
621 3386 852 3459 Crassi
894 3395 1260 3480 nepotem.
1314 3383 1630 3479 Optime
1661 3396 1808 3454 tam
1851 3386 2066 3456 etiarn
2111 3391 2333 3457 Bruto
2369 3401 2622 3457 nostro

572 3554 619 3586 1.
647 3539 709 3584 In
727 3531 866 3582 actis.
893 3531 953 3579 Id
972 3542 1043 3579 est
1059 3565 1075 3590 ,
1098 3531 1149 3578 in
1166 3531 1393 3579 litoribus
1416 3545 1512 3578 no·
1602 3531 1707 3580 sola
1737 3543 1930 3581 secreta
1953 3535 2167 3583 Troades
2206 3546 2313 3583 aeta
2337 3557 2379 3585 n.
2423 3537 2513 3585 En.
2554 3561 2625 3573 —

495 3618 621 3668 stris.
662 3615 836 3664 Cicero
892 3613 1020 3658 enim
1077 3611 1259 3676 predia
1305 3609 1515 3658 habebat
1602 3611 1731 3659 Male
1758 3611 1901 3672 olim,
1925 3611 1975 3659 in
2003 3612 2152 3678 agris.
2171 3616 2222 3662 J.
2241 3616 2305 3660 V.
2331 3616 2387 3662 L.

495 3697 617 3746 mari
655 3692 861 3741 finitima
877 3724 894 3750 ,
938 3701 995 3738 ut
1039 3690 1416 3755 Pompeianum,
1462 3701 1516 3738 et
1674 3706 1726 3738 2.
1749 3691 1928 3740 Mario.
1955 3691 2351 3741 Pseudomnrium
2369 3691 2626 3756 intelligit..

495 3778 785 3827 Cumanum.
815 3773 1010 3820 Bonus.
1038 3770 1378 3818 -Maluisaet
1402 3772 1516 3818 Mu·
1603 3770 1689 3832 qui
1715 3770 1778 3817 ab
1797 3772 2021 3819 AntonIo
2039 3772 2324 3820 interfectus
2349 3784 2441 3820 eat.
2471 3773 2585 3820 Bos.

492 3867 651 3910 retus,
679 3873 705 3894 a
719 3851 771 3897 in
790 3850 916 3911 agris
936 3865 1037 3897 esse
1054 3851 1231 3897 nostris
1248 3873 1290 3900 a.
1316 3875 1388 3887 -—
1404 3853 1515 3898 Ser·
1599 3877 1604 3880 ·
1672 3851 1700 3896 3
1713 3885 1724 3895 .
1741 3850 1916 3898 Doleo.
1937 3849 2221 3917 Εἰρωνικῶς,
2248 3852 2388 3916 quusi
2413 3850 2628 3900 Pseudo·

494 3933 709 3984 vandum
742 3927 880 3977 actis.
912 3931 1127 3993 Usus-pat
1156 3945 1355 3993 quoque
1385 3929 1512 3977 hanc
1601 3928 1777 3976 marius
1814 3946 1968 3995 nepos
1995 3933 2142 3981 fuerit
2181 3935 2238 3982 L.
2275 3933 2460 3992 Crassi,
2488 3929 2623 3996 quod

494 4029 667 4062 vocem
696 4009 875 4058 Noster
892 4009 946 4055 in
972 4011 1185 4070 Vernv,
1216 4010 1278 4056 25
1296 4043 1311 4066 ,
1346 4011 1435 4069 313
1462 4021 1513 4056 et
1598 4023 1691 4070 pro
1718 4021 1850 4056 certo
1871 4011 2144 4058 habendum
2163 4023 2266 4060 erat
2283 4046 2297 4071 ,
2313 4011 2354 4059 si
2371 4011 2416 4059 is
2429 4007 2614 4079 γνήσιος

498 4093 672 4156 virgil.
698 4093 805 4139 AEn.
830 4089 897 4147 V,
938 4089 1038 4136 613
1071 4105 1084 4138 :
1125 4089 1233 4138 “At
1257 4088 1430 4154 procul
1454 4089 1509 4136 In
1599 4085 1657 4136 C.
1685 4088 1832 4136 Marii
1850 4087 1980 4138 filius
2007 4090 2282 4139 exstitisset.
2302 4091 2413 4140 Bos.
