3019 4681
484 430 631 529 478
1116 426 1213 498 Μ.
1265 428 1342 495 Τ.
1396 422 1982 496 clcssnoms

486 556 915 655 permutasti
942 544 1025 640 ¹⁸,
1078 576 1299 648 quam
1360 550 1452 620 ad
1513 546 1830 619 fructum
1895 544 2290 616 insularum
2317 602 2336 633 ‚
2375 547 2450 618 id
2501 544 2620 617 ille

488 688 721 737 annus
780 660 1043 733 habeat
1066 714 1086 748 ‚
1148 662 1223 730 in
1284 684 1509 757 quem
1571 659 1844 729 itineris
1905 671 2237 754 sumptus
2301 660 2611 729 accessit.

490 778 673 846 Hinc
728 795 815 844 ex
867 768 1001 841 kal.
1050 769 1257 868 april.
1288 782 1351 831 ¹9
1404 770 1496 841 ad
1551 773 1703 840 H·S
1752 792 1940 838 Lxxx
1985 767 2614 841 accommodetur:

487 908 688 955 nunc
744 882 939 952 enim
1000 880 1251 951 insulae
1306 893 1614 951 tantum.
1676 876 2090 949 Videndum
2117 886 2184 921 ²⁰
2237 880 2428 949 enim
2473 894 2616 961 est,

486 993 703 1092 quid,
740 1014 971 1088 quum
1006 996 1251 1060 Romae
1286 990 1459 1060 erit:
1498 1014 1650 1059 non
1677 990 1870 1060 enim
1907 1001 2086 1084 puto
2113 1012 2398 1058 socrum
2425 986 2618 1059 illam

488 1101 880 1176 ferendam.
944 1099 1255 1171 Pindaro
1309 1098 1401 1170 de
1462 1103 1792 1170 Cumano
1819 1106 1878 1141 ²¹
1947 1120 2308 1194 negaram.
2365 1100 2578 1169 Nunc
2599 1150 2618 1181 ‚

486 1214 700 1307 cujus
735 1215 840 1283 rei
876 1234 1085 1282 causa
1120 1207 1574 1280 tabellarium
1611 1210 1928 1279 miserim
1951 1262 1971 1295 ‚
2005 1209 2266 1305 accipe.
2305 1210 2392 1297 Q.
2431 1206 2621 1278 filius

490 1323 671 1394 mihi
708 1321 1091 1421 pollicetur
1126 1344 1201 1391 se
1240 1322 1692 1389 Catonemv.
1721 1320 1882 1415 Egit
1917 1332 2158 1388 autem
2191 1333 2262 1389 et
2291 1333 2515 1415 pater,
2549 1332 2622 1388 et

492 1433 721 1518 filius,
760 1445 844 1501 ut
870 1430 1021 1501 ‘tibi
1067 1428 1546 1528 sponderem3
1596 1428 1718 1499 sed
1763 1432 1896 1514 ita,
1929 1443 2012 1498 ut
2053 1444 2208 1498 tum
2254 1428 2622 1515 crederes,

488 1566 719 1641 quum
760 1545 916 1638 ipse
965 1562 1371 1636 cognosses.
1432 1540 1617 1611 Huic
1683 1562 1818 1637 ego
1869 1537 2105 1610 literas
2157 1528 2384 1637 ipsius
2427 1538 2620 1609 arbi-

496 1666 687 1725 tratu
728 1650 919 1722 dabo
961 1678 979 1720 :
1024 1674 1127 1720 eae
1172 1664 1247 1720 te
1288 1674 1383 1720 ne
1418 1653 1802 1721 moverint.
1861 1654 2006 1719 Has
2057 1650 2306 1747 scripsi
2351 1652 2430 1719 in
2466 1672 2623 1719 eam

494 1779 813 1863 partem,
846 1786 942 1832 ne
976 1786 1095 1831 me
1142 1773 1425 1830 motum
1446 1756 1513 1803 ²³
1569 1774 1880 1858 putares.
1929 1762 2045 1831 Dii
2090 1758 2355 1845 faxint,
2395 1775 2480 1829 ut
2519 1756 2624 1829 fa-

498 1878 639 1946 ciat
670 1898 753 1944 ea
774 1926 795 1961 ‚
826 1896 989 1968 quae
1024 1868 1411 1969 promittit!
1452 1894 1842 1940 commune
1870 1872 2058 1941 enim
2097 1870 2460 1965 gaudium.
2487 1866 2624 1938 Sed

501 2008 637 2083 ego
659 1987 725 2035 ²⁴
760 1982 943 2053 nihil
981 1980 1143 2053 dico
1180 1981 1512 2077 amplius,
1559 1984 1630 2051 Is
1665 1980 1836 2051 hinc
1874 1976 2031 2050 v1²⁵
2066 1978 2271 2049 idus:
2311 1982 2407 2049 ait
2435 1981 2626 2049 enim

499 2094 1048 2166 attributionem
1076 2088 1143 2134 ’ὅ
1182 2093 1257 2160 in
1295 2090 1491 2173 idus,
1535 2114 1612 2161 se
1656 2106 1894 2160 autem
1933 2092 2170 2188 urgeri
2211 2092 2487 2161 acriter.
2517 2094 2628 2158 Tu

503 2230 594 2277 ex
643 2208 822 2275 meis
864 2201 1127 2289 literis,
1176 2226 1325 2299 quo
1362 2196 1585 2271 modo
1626 2200 2100 2299 respondeaS‚
2136 2198 2628 2273 model-abere.

1687 2427 1770 2461 ao.
1823 2411 2111 2460 Videndum.
2162 2413 2442 2462 Curandum
2490 2411 2633 2459 nobis

1613 2501 1714 2550 eat,
1753 2501 1810 2539 ut
1837 2492 1931 2550 ait,
1967 2491 2106 2555 quod
2131 2490 2262 2540 filins
2297 2493 2350 2538 in
2385 2503 2633 2556 sumptum

1613 2569 1786 2618 habeat
1798 2605 1812 2629 ,
1833 2585 1984 2634 quum
1999 2573 2172 2618 Roma
2191 2571 2300 2618 erit.
2322 2573 2486 2633 Quum
2503 2569 2632 2618 enim

500 2414 727 2479 Euripid.
766 2414 1058 2477 fragmenta,
1094 2429 1145 2476 p.
1184 2421 1303 2475 ¹9⁴·
1336 2413 1526 2460 Erneet.

500 2494 643 2542 uncia
658 2491 869 2540 inclusit.
885 2488 1085 2540 Schiitz.
1108 2489 1289 2539 delevit
1304 2491 1523 2538 omnino.

504 2575 539 2622 J
544 2607 556 2620 .
575 2574 638 2619 V.
664 2573 719 2618 1..

513 2663 521 2671 ’
580 2653 659 2700 ι8.
684 2649 799 2697 Plus
815 2646 1106 2712 per-mmet
1120 2681 1135 2705 ‚
1156 2657 1253 2696 etc.
1280 2648 1385 2695 Scis
1411 2663 1529 2695 cou-

503 2731 689 2778 veniaae
703 2763 719 2788 ,
740 2739 795 2777 ut
814 2727 1041 2778 Ciceroni
1060 2737 1251 2774 tantum
1274 2727 1499 2775 daremus
1511 2762 1528 2786 ,

504 2821 740 2875 quantum
794 2808 1092 2872 reciperetur
1148 2823 1210 2854 ex
1262 2805 1527 2854 insularum

504 2891 685 2938 fructu.
718 2888 791 2935 Eo
822 2887 863 2933 ai
888 2885 1011 2950 qnid
1038 2885 1151 2949 plna
1183 2885 1391 2934 Atheni·
1417 2901 1529 2950 per-

502 2965 701 3016 mutasti
734 2965 983 3015 Ciceronis
1020 2979 1198 3025 causa,
1243 2965 1357 3012 volo
1390 2966 1445 3012 id
1479 2966 1528 3012 ei

504 3045 803 3096 concedatur
820 3061 965 3110 aupra
985 3059 1193 3092 annnam
1212 3046 1494 3108 pensionem
1508 3079 1524 3102 ‚

504 3143 599 3192 pro
628 3135 854 3189 sumptu,
887 3139 1029 3188 quem
1056 3125 1217 3187 primo
1248 3141 1379 3172 anno
1412 3126 1528 3172 fecit

508 3207 625 3254 dnm
640 3205 857 3253 Athenas
874 3201 1215 3268 proficiscitur.
1230 3205 1279 3252 J.
1292 3205 1345 3253 F.
1359 3206 1531 3252 Gaon.

508 3313 577 3324 --
600 3282 727 3332 Edd.
754 3299 833 3346 pr.
860 3305 883 3325 ι
906 3283 1031 3344 Quoe
1060 3297 1161 3345 quo
1192 3281 1303 3345 plus
1332 3297 1532 3345 permn-

509 3365 621 3412 tanti
636 3383 679 3410 n.
712 3361 931 3410 Scribere
951 3360 1091 3421 jubet
1121 3361 1310 3408 Emesa
1336 3383 1361 3402 α
1382 3359 1534 3422 Quod

510 3444 623 3508 plna
642 3458 695 3506 p.
712 3463 739 3483 ι
763 3442 815 3488 J.
833 3442 897 3488 V.
924 3442 978 3486 1..

590 3537 669 3584 ις.
706 3518 837 3567 Hine
866 3535 932 3566 ex
964 3518 1067 3567 kal.
1104 3517 1250 3582 april.
1290 3520 1536 3581 Quoniam

512 3599 860 3662 assignavimus
909 3598 1135 3646 Ciceroni
1189 3609 1423 3660 quantum
1472 3616 1537 3648 cx

512 3678 681 3726 insulis
707 3677 1026 3740 reciperetur,
1062 3675 1293 3740 deinceps
1320 3676 1463 3726 detur
1489 3679 1537 3726 ei

516 3757 577 3804 ad
612 3757 711 3804 H·S
754 3771 891 3803 xxxx
921 3770 935 3803 :
970 3754 1202 3818 quoniam
1242 3756 1365 3802 tanti
1402 3771 1536 3805 nuno

513 3833 684 3883 iusuloe
716 3832 970 3893 locantur,
1005 3849 1115 3896 quo
1156 3843 1292 3881 antea
1320 3844 1534 3883 tantum·

514 3912 665 3961 modo
689 3927 831 3958 txxu
863 3911 1171 3961 locabantur.
1212 3915 1287 3961 Ex
1318 3913 1538 3962 kalendis

513 4003 673 4040 antem
700 4005 805 4053 apr.
834 3991 947 4053 quia
976 3991 1201 4039 Ciceroni
1226 3989 1329 4040 filio
1354 3993 1409 4040 id
1436 4005 1538 4041 erat

514 4069 663 4118 annui
682 4069 916 4132 temporis
932 4069 1145 4117 initium.
1165 4069 1295 4117 Vide
1314 4073 1429 4130 XV,
1456 4089 1477 4118 ι
1490 4073 1536 4122 5.

518 4151 567 4198 J.
592 4151 643 4194 F.
664 4151 905 4196 Gaoaov.
926 4149 937 4158 ’

1615 2649 1838 2699 Publilio
1857 2649 2026 2697 uxoris
2039 2663 2156 2697 mee
2175 2661 2374 2698 matrem
2393 2649 2514 2698 serre
2532 2665 2634 2697 nou

1615 2730 1798 2793 possim
1816 2763 1833 2789 ,
1879 2729 2145 2778 divortium
2189 2730 2282 2778 erit
2321 2730 2592 2778 faciendum
2615 2744 2632 2778 ε

1612 2809 1679 2855 ita
1708 2807 1822 2856 dote
1849 2808 2065 2870 reddita,
2095 2823 2146 2856 re
2173 2809 2396 2857 familiari
2429 2809 2636 2856 commi-

1613 2889 1738 2946 nuti,
1752 2887 1882 2936 unde
1899 2886 2003 2935 filio
2021 2887 2472 2952 suppeditabimus?
2488 2890 2634 2936 Imm.

1687 2981 1772 3015 αι.
1816 2969 2116 3015 Deeumano.
2174 2969 2260 3016 Eat
2300 2967 2351 3015 in
2396 2966 2638 3031 plerisque

1613 3055 1830 3094 veterum
1869 3047 1931 3093 de
1973 3049 2208 3096 aaemano.
2248 3045 2342 3094 Sed
2368 3063 2520 3110 quum
2561 3061 2640 3094 res

1615 3124 1822 3173 obscura
1851 3126 1943 3182 sit,
1973 3127 2119 3173 statui
2143 3126 2267 3174 nihil
2289 3136 2469 3192 potest.
2497 3128 2639 3174 Mn..

1621 3227 1686 3240 --
1713 3204 1794 3252 Sic
1819 3204 1936 3252 edd.
1957 3221 2034 3268 pr.
2059 3217 2108 3252 et
2133 3205 2277 3253 MSS.
2306 3205 2454 3253 Multi
2483 3215 2642 3252 tamen

1621 3281 1860 3346 editui-ea,
1895 3295 1953 3332 ut
1980 3284 2186 3348 olimina,
2221 3286 2469 3342 Graevius,
2509 3286 2640 3332 Gro-‘

1621 3363 1812 3422 novius,
1828 3363 2098 3412 decumano
2109 3382 2129 3420 ,·
2142 3364 2227 3412 sed
2247 3365 2439 3412 frustra.
2460 3365 2571 3413 LV.
2585 3367 2640 3414 L.

1697 3455 1783 3489 22.
1801 3443 1864 3489 Se
1887 3443 2139 3493 Catonem.
2161 3443 2351 3504 Talem,
2371 3443 2525 3508 qualis
2543 3453 2642 3490 erat

1622 3519 1762 3568 cato.

1697 3601 1781 3646 23.
1811 3601 1892 3646 Me
1919 3611 2121 3649 motum.
2149 3601 2233 3648 Me
2253 3598 2402 3649 fidem
2421 3601 2646 3650 babuisse

1621 3677 1782 3725 verbis
1805 3680 1980 3741 Quinti
2006 3677 2112 3729 filii.
2139 3681 2354 3730 Maxu-r.

1697 3765 1781 3813 24.
1806 3757 1906 3804 Sed
1923 3775 2032 3822 ego.
2061 3746 2405 3816 Ᾰποσιῶπησις.
2436 3761 2591 3809 Ῑυει.

1697 3839 1781 3886 25.
1801 3838 1880 3884 Sic
1899 3838 1978 3885 ed.
1998 3839 2145 3887 Rom.
2165 3841 2316 3904 vulg.
2337 3857 2436 3890 vn.
2457 3839 2541 3888 Al.
2563 3855 2646 3888 m.

1622 3915 1672 3964 J.
1693 3917 1756 3963 V.
1786 3918 1841 3964 1..

1699 3995 1784 4043 26.
1819 3995 2208 4044 Aeert’butionem.
2246 3997 2412 4046 Posuit
2445 4013 2538 4061 pro
2571 4013 2655 4046 so·

1627 4073 1814 4121 lutione
1857 4075 2100 4137 pecuniae,
2145 4091 2290 4139 quam
2333 4076 2544 4125 debebat
2585 4077 2652 4139 Q.

1627 4150 1775 4200 filius.
1807 4155 1953 4201 Mn.
