3019 4681
459 283 603 356 216
1100 283 1197 352 M.
1248 285 1326 352 T.
1378 283 1940 354 CICERONIS

461 427 743 491 omnes,
788 419 943 474 tuas
988 417 1232 474 tamen
1264 407 1578 475 maxime
1621 417 2136 501 exspectarem.
2171 400 2387 492 Quod
2419 405 2594 474 scri-

460 515 609 601 bis,
639 513 839 584 illum
877 537 1009 609 per
1043 537 1160 584 me
1191 514 1470 603 Quinto
1508 513 1665 584 fore
1701 512 2200 612 placatiorem‚
2229 515 2480 611 scripsi
2501 513 2596 586 ad

460 639 535 695 te
558 637 799 712 antea,
829 643 993 692 eum
1025 623 1263 692 statim
1296 624 1573 713 Quinto
1598 621 1750 694 filio
1774 623 2018 694 omnia
2045 622 2384 696 tribuisse
2406 677 2426 712 ‚
2459 646 2590 694 no-

460 737 589 806 stri
624 730 899 804 nullam
926 735 1398 803 mentionem.
1438 732 1638 804 Vale.

457 943 823 964 mmm
828 941 1097 962 mm

1383 941 1465 962 m

1775 940 2596 964 mmmmm

1035 1127 1642 1210 EPISTOLA
1713 1130 2024 1209 XXII.

460 1316 533 1383 Q.
574 1309 845 1388 epistolas
875 1307 949 1366 ab
982 1308 1178 1367 Attico
1208 1307 1407 1367 missas
1433 1306 1547 1367 sibi
1587 1307 1846 1368 redditas
1873 1327 2019 1366 esse.
2049 1310 2331 1367 cmi-em
2370 1306 2594 1365 adven-

541 1421 663 1465 tare
691 1405 943 1475 nuntiat3
990 1405 1251 1482 petitque
1268 1446 1285 1472 ,
1313 1418 1378 1461 ut
1405 1423 1467 1462 se
1492 1405 1721 1464 Atticus
1753 1405 1996 1464 consilio
2022 1404 2216 1482 juvet,
2253 1425 2326 1462 an
2355 1403 2596 1482 propius

542 1504 615 1562 nd
646 1503 867 1566 Urbem
900 1503 1291 1562 accedendum
1322 1504 1414 1562 sit.
1456 1503 1812 1583 (Brundisii,
1842 1523 1994 1563 anno
2028 1509 2102 1565 U.
2127 1507 2192 1563 C.
2223 1504 2371 1578 706,
2401 1521 2594 1562 mense

543 1598 876 1679 septembri.
902 1601 925 1677 )

1137 1732 1454 1797 CICERO
1500 1734 1813 1799 ATTICO
1858 1735 1922 1800 S.

562 1891 1015 1960 Dtmeewren
1044 1883 1222 1956 mihi
1258 1881 1680 1956 fasciculum
1712 1871 2030 1957 reddidit
2064 1885 2264 1957 Balbi
2299 1883 2597 1956 tabella-

462 2001 631 2070 rius.
667 1997 929 2094 Accepi
973 1995 1166 2065 enim
1207 2018 1248 2064 a
1281 2007 1354 2064 te
1392 1993 1668 2082 literas,
1711 1995 1981 2092 quibus
2032 1995 2296 2069 videris
2332 1996 2599 2083 vereri,

460 2122 547 2178 ut
592 2105 927 2205 epistolas
954 2116 973 2147 ¹
1014 2104 1169 2174 illas
1213 2105 1614 2202 acceperim
1661 2132 1678 2174 ε
1740 2129 1919 2202 quas
1987 2105 2281 2203 quidem
2341 2103 2600 2175 vellem

462 2217 643 2289 mihi
679 2239 1081 2310 numquam
1118 2212 1453 2284 redditas,
1488 2217 1866 2286 Auxerunt
1919 2217 2114 2286 enim
2157 2213 2338 2312 mihi
2390 2212 2598 2284 dolo-

465 2351 662 2412 rem3
699 2350 833 2396 nec
878 2325 935 2395 si
986 2325 1061 2395 in
1105 2322 1421 2420 aliquem
1480 2323 1940 2413 incidissent,
1976 2322 2374 2423 quidquam
2431 2325 2600 2396 novi

464 2435 889 2511 attulissent.
936 2432 1133 2524 Quid
1174 2435 1370 2505 enim
1395 2448 1543 2505 tam
1581 2434 2120 2533 pervulgatum,
2155 2460 2374 2533 quam
2413 2434 2602 2507 illius

460 2551 541 2619 in
570 2571 683 2618 me
714 2544 996 2633 odium,
1028 2559 1099 2617 et
1127 2568 1357 2641 genus
1393 2544 1537 2616 hoc
1565 2545 1980 2618 literarum?
2013 2546 2212 2643 quod
2249 2572 2342 2617 ne
2367 2548 2602 2617 Caesar

464 2655 763 2754 quidem
785 2664 813 2697 ²
852 2652 939 2724 ad
970 2656 1141 2725 istos
1169 2653 1453 2726 videtur
1478 2656 1789 2741 misisse,
1818 2654 2003 2754 quo³
2036 2656 2225 2727 illius
2249 2654 2602 2753 improbi-

464 2782 611 2839 tate
654 2763 1179 2852 offenderetur‚
1213 2763 1337 2835 sed
1356 2819 1376 2853 ‚
1405 2764 1624 2837 credo
1642 2820 1663 2853 ,
1695 2771 1804 2837 uti
1827 2768 2114 2838 notiora
2145 2780 2390 2836 nostra
2418 2763 2605 2835 mala

469 2892 728 2951 essent.
768 2880 949 2951 Nam
1002 2874 1203 2975 quod
1243 2890 1315 2946 te
1350 2879 1585 2947 vereri
1631 2875 1886 2950 scribis
1911 2930 1930 2965 ,
1975 2901 2069 2951 ne
2113 2876 2217 2946 illi
2268 2874 2554 2947 obsint⁴
2580 2929 2602 2964 ,

544 3114 588 3146 ι.
636 3094 899 3161 Epiuolas.
946 3095 1013 3157 Q.
1055 3090 1228 3143 Cicero
1262 3090 1489 3155 epistolae
1577 3091 1705 3140 Vide
1745 3102 1906 3141 nutem
1945 3108 2093 3156 quam
2139 3091 2312 3139 misere
2337 3108 2389 3140 se
2429 3090 2603 3140 Cicero

467 3188 639 3227 comm
664 3178 887 3224 Marcum
920 3174 1117 3221 fratrem
1146 3172 1404 3237 scripserat
1426 3170 1491 3220 ‚d
1579 3173 1802 3226 torqueat
1817 3197 1832 3222 ,
1875 3172 1934 3210 ut
1975 3162 2072 3211 eibi
2117 3173 2290 3227 augeat
2336 3161 2558 3210 dolorem
2583 3175 2598 3207 ε

465 3258 699 3306 Caenrem
723 3267 740 3304 ε
770 3251 934 3303 Cant
963 3252 1072 3299 illas
1097 3251 1161 3298 ad
1195 3251 1409 3315 Oppium
1436 3261 1487 3298 et
1578 3243 1702 3290 nihil
1741 3244 1870 3295 enim
1901 3251 2003 3289 erat
2031 3258 2118 3289 cur
2149 3251 2244 3288 tam
2285 3240 2506 3304 iniquum
2543 3239 2604 3287 de

463 3335 667 3385 Bulbum
714 3331 847 3379 misit
872 3345 886 3380 :
916 3331 988 3378 illi
1023 3330 1190 3377 Attico
1228 3328 1483 3378 dederuut.
1574 3321 1761 3373 Caesate
1788 3322 2115 3386 suspicionem
2142 3321 2347 3368 foveret.
2379 3322 2499 3368 Seu.

466 3416 663 3463 Atticus
684 3412 748 3460 ad
768 3414 845 3461 M.
864 3411 1149 3459 Ciceronem
1174 3408 1363 3457 curavit
1381 3424 1495 3473 per-
1655 3402 1708 3451 3.
1737 3400 1827 3450 Aa
1861 3402 1978 3449 istos
2013 3399 2213 3449 videtur
2245 3398 2453 3458 misisse,
2485 3414 2602 3462 quo.

471 3493 709 3543 bundas.
737 3493 885 3539 Mn«.
1582 3482 1731 3545 Vulg.
1776 3480 1955 3545 legitur
2003 3478 2149 3542 quasi
2199 3494 2318 3541 quo.
2375 3474 2472 3524 Sed
2517 3491 2606 3523 ne·

540 3587 593 3620 a.
629 3569 775 3631 Quod
804 3584 865 3616 ne
897 3568 1063 3615 Caesar
1098 3563 1308 3630 quidem.
1337 3565 1489 3628 Quod
1582 3560 1702 3608 mini
1733 3575 1834 3609 non
1869 3568 2018 3623 petet,
2047 3556 2324 3620 interpretis
2353 3554 2604 3617 cujusdem

468 3664 622 3713 genus
646 3648 889 3695 literarum
913 3664 939 3695 a
960 3647 1149 3710 Quinto
1168 3645 1231 3693 ad
1252 3648 1487 3696 Caeenrem
1577 3656 1680 3689 esee
1697 3638 1922 3687 voculam
1939 3637 2066 3684 hanc
2085 3633 2258 3699 quasi,
2289 3634 2376 3699 qui
2400 3634 2453 3681 in
2480 3649 2606 3681 mar-

472 3728 789 3792 teriptamm,
806 3728 856 3775 in
882 3726 1061 3791 quibus
1084 3725 1144 3773 de
1170 3740 1247 3773 me
1274 3724 1491 3773 detrahe·
1581 3721 1690 3785 gine
1705 3718 1977 3782 exprimere
1996 3715 2208 3763 voluerit
2223 3728 2322 3778 quo
2337 3748 2353 3775 ‚
2371 3724 2428 3761 ut
2445 3713 2610 3785 minue

471 3818 578 3863 ret,
610 3821 639 3852 a
678 3806 863 3855 Can-re
900 3806 973 3853 ad
1014 3805 1127 3853 istos
1160 3804 1406 3867 (Balbum
1440 3814 1491 3851 et
1581 3800 1834 3848 usitatum.
1861 3796 1990 3846 J.v.
2017 3796 2072 3841 L.

471 3884 733 3949 Oppium)
770 3885 965 3933 missmn
1000 3900 1101 3933 esee
1142 3883 1351 3941 videtur,
1387 3898 1493 3930 nou
1652 3885 1704 3933 4.
1739 3876 1819 3923 Ne
1843 3873 1917 3921 illi
1942 3872 2118 3921 obsint.
2159 3873 2234 3921 Ne
2269 3874 2337 3935 Q.
2367 3870 2501 3919 fratri
2529 3868 2607 3918 hae

470 3980 573 4027 quo
596 3966 755 4013 fratris
774 3966 867 4013 mei
888 3964 1197 4030 improbitate
1219 3961 1493 4011 offendere·
1581 3957 1734 4004 litere
1774 3953 1906 4019 apud
1950 3953 2113 4016 ipsum
2151 3952 2386 3999 Casurum
2423 3948 2607 3997 obsint.

472 4053 569 4103 tur,
588 4045 674 4092 sed
696 4054 751 4092 ut
768 4044 959 4091 notiora
980 4052 1149 4091 nostra
1174 4040 1299 4091 male
1318 4050 1493 4089 meent.
1583 4038 1700 4085 Scn.
