3019 4681
615 379 1158 449 EPISTOLAE
1209 380 1350 447 AD
1398 380 1486 468 Q.
1538 379 2061 466 FRATREM,
2102 381 2168 465 Ι,
2206 382 2271 463 4.
2378 374 2519 474 569

397 526 614 573 eram.
653 500 792 571 Sed
830 514 943 590 tu,
984 512 1067 570 ut
1103 514 1266 591 ante
1307 500 1402 571 ad
1448 516 1521 573 te
1567 502 1854 599 scripsi,
1891 501 2218 600 perspice
2254 523 2409 571 rem
2448 516 2525 571 et

395 625 757 709 pertenta;
795 625 869 681 et
897 608 990 680 ad
1019 633 1173 697 me,
1207 624 1292 681 ut
1331 625 1659 710 tempora
1698 626 1981 700 nostra,
2019 635 2165 681 non
2201 624 2286 681 ut
2315 611 2525 682 amor

397 736 566 792 tuus
606 718 779 808 fert,
818 744 985 791 vere
1028 719 1414 816 perscribe.
1449 726 1603 817 Ego
1646 724 1867 792 vitam
1888 774 1908 809 ‚
1959 720 2205 817 quoad
2247 718 2521 818 putabo

398 844 524 901 tua
555 830 895 900 interesse
919 883 940 915 ,
973 842 1097 899 aut
1123 828 1215 903 ad
1251 854 1454 929 spem
1479 829 1901 935 servandam
1930 854 2084 928 esse
2112 882 2133 917 ,
2166 827 2523 901 retinebo.

396 943 505 1009 Tu
535 936 747 1008 nobis
779 938 1284 1009 amicissimum
1317 942 1637 1012 Sextium
1674 962 2108 1037 cognosces:
2149 938 2371 1011 credo
2404 953 2529 1010 tua

397 1070 610 1117 eausa
649 1038 876 1117 velle⁸
911 1046 1340 1135 Lentulum,
1394 1051 1521 1144 qui
1566 1052 1703 1120 erit
1749 1048 2021 1120 consul.
2071 1050 2527 1145 Quamquam

399 1170 569 1228 sunt
603 1152 786 1227 facta
819 1154 1056 1227 verbis
1097 1154 1524 1232 difficiliora.
1572 1162 1680 1228 Tu
1714 1173 1787 1234 et
1832 1155 2011 1257 quid
2046 1182 2235 1255 opus
2270 1159 2361 1229 sit
2388 1210 2413 1245 „
2458 1168 2531 1227 et

399 1264 576 1365 quid
609 1266 732 1354 sit,
782 1262 1060 1337 videbis
1095 1266 1417 1336 omnino.
1472 1267 1546 1337 si
1582 1282 1781 1339 tuam
1822 1268 2289 1339 solitudinem
2327 1290 2528 1338 com·

405 1398 845 1471 munemque
889 1373 1360 1445 calamitatem
1392 1400 1611 1446 nemo
1647 1376 2095 1475 despexerit,
2140 1391 2265 1447 aut
2295 1399 2425 1472 per
2462 1390 2535 1447 te

403 1485 662 1558 confici
713 1483 1022 1583 aliquid,
1071 1499 1194 1557 aut
1235 1485 1442 1556 nullo
1477 1484 1699 1557 modo
1736 1488 2022 1585 poterit.
2075 1487 2197 1556 Sin
2232 1498 2304 1555 te
2347 1509 2533 1583 quo-

404 1622 548 1694 que
583 1596 857 1666 inimici
893 1618 1148 1666 vexare
1185 1596 1572 1691 coeperint,
1608 1620 1701 1667 ne
1736 1596 2030 1676 cessaris
2042 1608 2097 1664 9.
2138 1598 2303 1667 Non
2340 1596 2533 1665 enim

405 1705 653 1804 gladiis
673 1714 738 1749 ¹⁰
788 1728 1108 1792 mecum,
1153 1704 1280 1775 sed
1322 1704 1570 1776 litibus
1605 1719 1875 1803 agetur.
1918 1711 2190 1777 Verum
2222 1703 2377 1773 haee
2406 1701 2534 1774 ab·

406 1818 549 1886 sint
573 1815 810 1888 velim.
839 1818 939 1887 Te
958 1839 1090 1886 oro
1109 1869 1127 1903 ‚
1155 1830 1237 1885 ut
1264 1815 1355 1887 ad
1381 1838 1500 1886 me
1525 1815 1617 1888 de
1645 1814 1987 1887 omnibus
2008 1812 2229 1886 rebus
2246 1812 2538 1901 scribas,

407 1940 481 1997 et
513 1928 591 1996 in
627 1948 742 1995 me
773 1924 995 1995 animi
1033 1925 1314 2023 potiuS,
1357 1938 1480 1995 aut
1516 1924 1796 1997 consilii
1830 1938 2041 2023 putes
2082 1924 2319 1994 minus
2346 1946 2535 2009 esse,

407 2059 627 2131 quam
667 2048 915 2123 antea3
959 2036 1220 2107 amoris
1259 2059 1432 2133 vero
1476 2048 1552 2107 et
1594 2034 1818 2109 officii
1862 2060 2014 2107 non
2055 2035 2319 2111 minus.

480 2213 532 2263 8.
555 2214 636 2262 Sic
657 2214 748 2263 MS
769 2214 1022 2263 Pan-iniens.
1044 2214 1426 2281 optimumvulg.
1593 2232 1676 2266 10.
1725 2216 1839 2265 Non
1877 2216 2005 2265 enim
2040 2213 2240 2281 gladiis.
2278 2216 2341 2262 Se
2378 2212 2539 2277 ipsum

409 2292 524 2342 «vel
537 2293 794 2344 Lentulum
814 2314 856 2344 a.
891 2298 940 2345 J.
956 2295 1022 2346 V.
1039 2296 1094 2346 1..
1518 2298 1763 2358 nomimt,
1790 2312 1943 2362 quum
1980 2295 2041 2345 de
2084 2295 2233 2343 finti-e
2250 2292 2543 2356 'intelligam

481 2389 529 2438 9.
567 2374 644 2422 Ne
675 2374 889 2424 cessaris.
921 2378 998 2426 Ne
1035 2377 1102 2424 sis
1133 2373 1438 2439 languidior,
1487 2403 1494 2410 ·
1517 2378 1654 2444 quod
1678 2378 1893 2428 eumden
1912 2377 2164 2439 :tritasque
2186 2374 2431 2424 fatuum
2447 2371 2537 2422 dn·

412 2452 498 2501 sed
525 2464 720 2502 strenue
741 2455 958 2515 resista-3
983 2471 1096 2504 mm
1109 2455 1298 2504 inimici
1313 2454 1431 2518 vim,
1518 2469 1614 2507 ent.
1648 2481 1673 2502 a
1686 2459 1803 2508 Non
1820 2493 1837 2520 ‚
1870 2457 2034 2520 inquit
2050 2489 2065 2512 ‚
2126 2469 2241 2503 me·
2258 2486 2273 2511 ,
2309 2452 2408 2514 hoe
2432 2463 2506 2500 est
2525 2485 2543 2510 ,

411 2549 516 2582 non
529 2533 676 2584 verb·
693 2533 1008 2606 adhibebunt.
1520 2549 1567 2586 te
1584 2571 1601 2598 ,
1632 2535 1841 2602 «gladiis
1854 2570 1869 2595 ‚
1894 2534 1981 2584 ned
2002 2522 2171 2583 litibus
2194 2540 2362 2596 petent
2379 2551 2422 2576 a.
