3019 4681
705 427 1225 500 EPISTOLAE
1272 429 1401 497 AD
1448 426 1957 513 ATTICUM‚
1997 433 2149 514 xl,
2184 429 2249 499 8.
2413 447 2537 527 195

404 551 689 631 literas:
724 556 807 625 iis
844 557 941 624 ita
978 549 1516 624 occurrendum
1539 605 1558 638 ‚
1588 565 1672 622 ut
1699 553 1804 623 rei
1844 550 2268 648 magnitudo
2305 569 2553 652 postu·

406 667 527 736 lat.
585 661 941 737 Furnius-⁹*
996 677 1105 734 est
1158 661 1337 749 illic,
1394 661 1576 731 mihi
1627 663 2183 734 inimicissimus.
2235 666 2552 756 Quintus

407 776 603 846 misit
652 773 885 844 filium
936 797 1089 843 non
1126 773 1359 842 solum
1406 774 1519 842 sui
1561 771 2138 870 deprecatorem,
2175 774 2299 846 sed
2337 777 2552 848 etiam

406 901 897 957 accusatorem
956 887 1124 956 mei.
1186 884 1485 955 Dictitat
1549 903 1625 953 se
1685 905 1729 953 a
1798 904 1918 955 me
1965 883 2162 980 apud
2202 887 2553 956 Caesarem

409 999 866 1092 oppugnari:
907 993 1108 1091 quod
1158 992 1421 1065 refellit
1454 995 1690 1065 Caesar
1728 997 1921 1090 ipse,
1961 1019 2360 1092 omnesque
2401 998 2557 1091 ejus

410 1105 642 1176 amici.
683 1107 941 1202 Neque
970 1127 1145 1175 vero
1176 1101 1453 1174 desistit
1474 1155 1493 1188 ‚
1539 1102 1990 1200 ubicumque
2025 1100 2175 1192 est',
2210 1109 2453 1176 omnia
2479 1107 2558 1176 in

412 1239 528 1286 me
584 1215 963 1285 maledicta
1019 1211 1367 1286 conferre.
1412 1213 1606 1285 Nihil
1643 1213 1826 1284 mihi
1861 1235 2212 1311 umquam
2259 1230 2408 1286 tam
2454 1218 2560 1286 in·

408 1324 757 1396 credibile
788 1323 1044 1398 accidit
1070 1379 1089 1414 ‚
1134 1325 1315 1394 nihil
1350 1323 1427 1394 in
1460 1323 1572 1394 his
1601 1319 1804 1395 malis
1838 1339 1982 1395 tam
2013 1325 2382 1396 acerbum.
2403 1328 2560 1417 -Qui

412 1459 500 1506 ex
542 1436 702 1532 ipso
754 1435 1163 1522 audissent,
1215 1457 1448 1531 quum
1498 1435 1807 1531 Sicyone
1858 1431 2094 1531 palam
2140 1435 2386 1507 multis
2431 1460 2558 1507 au-

412 1544 778 1617 dientibus
808 1544 1257 1642 loqueretur,
1297 1543 1568 1616 nefaria
1597 1545 1928 1643 quaedam
1969 1545 2059 1616 ad
2091 1567 2209 1617 me
2239 1545 2559 1644 pertule-

410 1670 602 1725 runt.
670 1658 877 1726 Nosti
941 1655 1241 1760 genusjf,
1308 1658 1526 1727 etiam
1583 1669 1926 1754 expertus
1984 1679 2062 1727 es
2110 1655 2451 1727 fortasse:
2489 1658 2565 1726 in

411 1789 529 1836 me
580 1762 655 1836 id
707 1779 815 1836 est
870 1787 1091 1836 omne
1134 1787 1588 1836 conversum.
1646 1765 1785 1836 Sed
1841 1786 2071 1862 augeo
2119 1787 2562 1836 commemo·
2639 1791 2642 1796 ·

412 1873 645 1946 rando
697 1874 1029 1947 dolorem
1057 1927 1077 1964 ‚
1134 1891 1207 1948 et
1257 1875 1443 1947 facio
1488 1877 1705 1948 etiam
1755 1874 1909 1947 tibi.
1961 1879 2204 1968 Quare
2250 1877 2342 1946 ad
2383 1875 2565 1948 illud

410 1985 669 2071 redeo;
714 2008 885 2057 cura
908 2041 928 2074 ,
965 2001 1049 2056 ut
1082 1986 1300 2082 hujus
1332 1987 1437 2057 rei
1470 2007 1722 2074 causa,
1765 1984 2010 2057 dedita
2037 2009 2296 2084 opera,
2326 1989 2566 2058 mittat

413 2096 727 2193 aliquem
758 2095 1040 2168 Balbus.
1073 2095 1183 2169 Ad
1211 2089 1397 2194 quos
1424 2096 1810 2186 videbitur,
1838 2096 2055 2168 velim
2085 2121 2295 2169 cures
2321 2097 2564 2170 literas

414 2231 579 2280 meo
620 2209 939 2279 nomine.
976 2208 1168 2280 Vale.
1204 2232 1277 2280 v1
1314 2209 1454 2280 kal.
1481 2211 1764 2306 januar.

488 2368 539 2417 3.
569 2368 793 2418 Furnius.
820 2366 1015 2417 Malunt
1032 2367 1167 2418 Man.
1192 2379 1241 2417 et
1258 2372 1445 2434 Popma
1533 2368 1750 2435 suspicio
1796 2368 2025 2419 Ciceroni
2059 2367 2238 2431 injecta
2275 2368 2441 2420 fuerit.
2469 2372 2565 2421 En.

414 2448 596 2515 Fufius,
614 2457 671 2496 ut
690 2448 751 2495 de
769 2448 951 2496 Caleno
970 2446 1200 2499 Ciceroni
1220 2450 1447 2497 infensis·
1607 2458 1655 2505 4.
1684 2448 1834 2497 Nosti
1842 2464 2018 2514 gemes.
2045 2450 2189 2497 Nosti
2209 2462 2352 2513 quam
2373 2448 2575 2499 maledi-

413 2528 539 2576 eimo
564 2528 879 2592 intelligatur.
900 2530 1024 2577 Nam
1042 2530 1189 2579 cain·
1206 2529 1413 2577 rumino
1429 2560 1445 2589 ,
1535 2542 1652 2589 cns,
1672 2542 1820 2592 quam
1847 2527 2111 2575 iracundus
2133 2531 2228 2577 sit:
2249 2543 2350 2576 non
2369 2529 2566 2595 ignoras

414 2620 461 2655 et
483 2619 596 2656 ante
614 2608 757 2656 civile
784 2608 965 2656 bellum
992 2618 1043 2657 et
1069 2618 1213 2672 post,
1250 2608 1447 2657 amicis·
1535 2619 1773 2674 quantum
1799 2608 1850 2655 in
1879 2624 1938 2655 eo
1983 2608 2139 2657 soleat
2165 2624 2268 2656 esse
2290 2609 2569 2658 acerbitatis

414 2688 565 2735 simus
600 2688 861 2738 Ciceroni:
888 2688 983 2736 nisi
1017 2701 1113 2753 qua
1141 2698 1260 2736 tunc
1298 2689 1359 2737 de
1384 2701 1445 2737 eo
1536 2700 1584 2736 et
1606 2688 1874 2736 iracundiae
1901 2688 2051 2736 virus.

416 2824 969 2846 mmmm-mm
974 2826 1898 2846 mmmmm
1903 2826 2180 2845 §mm
2185 2826 2368 2845 mm
2373 2828 2554 2846 mm

1080 2965 1684 3045 EPISTOLA
1739 2966 1899 3043 IX.

416 3130 651 3185 Incaute
697 3146 759 3184 se
796 3126 1005 3204 egisse,
1036 3124 1199 3203 quod
1239 3125 1301 3183 in
1334 3125 1503 3184 Italia
1546 3124 1642 3182 vel
1683 3144 1802 3181 non
1837 3124 2142 3193 manserit,
2184 3124 2280 3181 vel
2321 3124 2564 3181 celerius

499 3222 769 3297 redierit,
816 3224 1046 3283 fatetur.
1096 3223 1386 3301 Epistolas
1434 3238 1467 3279 a
1513 3226 1586 3295 Q.
1631 3220 1812 3278 fratre
1840 3218 1914 3279 ad
1945 3222 2276 3298 complures
2315 3221 2560 3297 scriptas

496 3320 756 3391 omnium
790 3320 851 3378 in
877 3338 938 3378 se
966 3318 1321 3397 probrorum
1348 3320 1550 3397 plenas
1586 3318 1871 3395 queritur.
1897 3316 2104 3375 Tulliae
2133 3316 2426 3373 fortunam
2456 3314 2562 3374 de-

497 3419 707 3496 plorat.
731 3416 1079 3497 (Brundisii,
1109 3437 1263 3476 anno
1291 3419 1367 3477 U.
1398 3420 1464 3475 C.
1498 3416 1641 3490 706,
1670 3434 1868 3474 mense
1889 3412 2204 3491 januario.)

1078 3584 1397 3649 CICERO
1446 3582 1772 3646 ATTICO
1820 3580 1885 3645 S.

516 3718 672 3786 EGo
708 3738 883 3786 vero
921 3728 995 3785 et
1030 3716 1355 3801 incaute,
1393 3725 1476 3782 ut
1516 3708 1807 3798 scribis,
1852 3724 1927 3781 et
1962 3708 2304 3798 celeriuS‚
2342 3737 2565 3809 quam

418 3828 779 3924 oportuit,
819 3823 1031 3912 fe·ci¹‚
1078 3823 1321 3894 necin
1364 3821 1509 3894 ulla
1553 3846 1712 3893 sum
1753 3844 1918 3919 spe3
1965 3820 2242 3917 quippe
2285 3826 2412 3918 qui
2451 3850 2568 3895 ex-

420 3932 929 4034 ceptionibus²
986 3934 1391 4006 edictorum
1425 3932 1790 4004 retineat:
1835 3954 1998 4027 quae
2042 3930 2099 3999 si
2137 3954 2290 4001 non
2325 3951 2566 4006 essent

496 4106 543 4137 1.
572 4090 701 4138 Feci.
721 4090 849 4137 Veni
872 4090 924 4137 In
953 4088 1156 4137 Italiam.
1176 4087 1409 4136 Coum.
1535 4087 1646 4134 nius
1663 4100 1740 4132 me
1753 4094 1803 4133 et
1821 4084 2021 4132 Laelium
2044 4086 2334 4134 nominatim
2355 4088 2564 4152 excepit.

496 4185 541 4217 2.
570 4167 963 4236 Exceptionibus.
989 4168 1181 4233 Quibus
1202 4169 1449 4217 Ill-Anto·
1479 4172 1485 4181 ‘
1536 4166 1686 4215 Conf.
1711 4180 1820 4229 sup.
1851 4164 1994 4229 epist.
2019 4180 2066 4227 7.
2085 4165 2240 4212 Inus.
