3019 4681
619 488 623 493 ⁴
682 402 1223 477 EPISTOLAE
1269 407 1467 476 cm.
1516 408 1644 475 ET
1690 408 2053 493 anun,
2106 404 2172 477 5.·
2349 408 2485 479 66,

358 523 551 597 fecto
594 523 969 622 intelligis,
1018 550 1251 623 quum
1294 542 1377 599 ut
1424 528 1710 599 sceleris
1775 551 2028 627 poenas
2093 530 2454 627 persolvat
2480 586 2500 619 ,

358 648 518 705 tum
558 657 654 703 ne
678 634 805 722 sit,
836 658 987 731 quo
1020 659 1095 709 se
1132 634 1507 711 lau-onum
1527 636 1748 709 duces
1781 662 1870 709 ex
1905 639 2298 711 Mutinensi
2327 638 2494 737 fuga

357 742 755 815 conferant.
794 748 1037 841 Atque
1070 744 1213 817 hoc
1248 746 1430 817 mihi
1459 748 1608 843 jam
1645 760 1812 819 ante
1855 748 2244 846 placuisse,
2285 764 2494 847 potes

360 878 448 925 ex
502 852 1001 951 superioribus
1044 856 1223 927 meis
1274 855 1498 929 literis
1549 857 1912 929 recordari
1973 886 1989 930 ε
2049 884 2493 957 quamquam

356 976 515 1035 tum
555 978 629 1035 et
669 961 853 1061 fugae
894 978 1151 1061 portus
1190 979 1341 1037 erat
1374 971 1450 1036 in
1488 968 1632 1038 tuis
1673 972 1951 1057 castris,
1985 982 2059 1039 et
2093 966 2495 1039 subsidium

358 1072 605 1143 salutis
637 1074 711 1142 in
749 1087 881 1144 tuo
922 1079 1271 1153 exercitu.
1319 1077 1486 1167 Quo
1532 1079 1756 1175 magis
1803 1103 2006 1149 nunc
2047 1077 2332 1151 liberati
2373 1078 2402 1167 (
2415 1093 2499 1151 ut

358 1182 619 1280 spero)
659 1183 993 1280 periculis
1020 1239 1039 1271 ‚
1082 1186 1158 1261 in
1206 1183 1582 1265 Dolabella
1625 1184 2106 1285 opprimendo
2161 1188 2498 1284 occupati

357 1316 514 1365 esse
547 1292 916 1365 debemus,
960 1291 1099 1365 Sed
1144 1292 1299 1363 haec
1344 1293 1692 1392 cogi-tabis
1732 1296 2182 1392 diligentius,
2224 1310 2499 1367 statues

358 1404 755 1499 sapienter3
790 1402 1004 1474 facies
1027 1428 1201 1493 nos,
1232 1404 1409 1502 quid
1447 1406 1908 1478 constitueris
1929 1460 1949 1491 ‚
1979 1421 2054 1478 et
2089 1406 2265 1503 quid
2300 1430 2498 1504 aga5‚

359 1512 419 1583 si
446 1510 584 1581 tibi
617 1510 1017 1601 videbitur,
1052 1517 1411 1585 certiores.
1443 1519 1866 1587 Ciceronem
1894 1531 2226 1588 nostrum
2265 1520 2340 1587 in
2370 1542 2493 1589 ve·

358 1635 589 1693 strum
636 1620 1022 1719 collegium
1046 1621 1077 1679 ⁴
1132 1624 1459 1727 cooptari
1502 1624 1695 1701 volo,
1747 1628 2094 1698 Existimo
2135 1630 2441 1697 omnino
2471 1680 2492 1714 ‚

356 1730 765 1803 absentium
785 1734 1137 1805 rationem
1166 1733 1622 1805 sacerdotum
1646 1736 1953 1806 comitiis
1967 1759 2178 1834 posse
2201 1732 2453 1807 haberi
2477 1764 2494 1806 z

356 1866 527 1917 nam
556 1844 771 1915 etiam
802 1840 1073 1915 factum
1117 1858 1227 1916 est
1262 1856 1495 1917 antea.
1541 1848 1621 1916 C.
1675 1847 1873 1918 enim
1902 1845 2206 1930 Marius,
2259 1868 2494 1941 quum

355 1953 434 2024 in
474 1951 927 2051 Cappadocia
965 1968 1189 2041 esset,
1253 1955 1413 2052 lege
1442 1956 1764 2027 Domitia
1796 1953 2026 2027 factus
2064 1969 2173 2026 est
2217 1978 2492 2051 augur3

356 2085 496 2132 nec
518 2115 538 2148 ,
582 2086 733 2160 quo
773 2064 1017 2134 minus
1052 2064 1125 2135 id
1156 2078 1407 2161 postea
1431 2065 1719 2153 liceret,
1757 2064 1906 2136 ulla
1941 2066 2057 2137 lex
2084 2068 2340 2137 sanxit.
2371 2070 2496 2135 Est

358 2174 575 2245 etiam
612 2173 690 2244 in
728 2173 885 2271 lege
929 2174 1151 2261 Julia,
1184 2199 1343 2272 quae
1376 2176 1491 2247 lex
1527 2190 1635 2247 est
1673 2174 1764 2247 de
1801 2174 2217 2248 sacerdotiis
2252 2175 2495 2271 proxi-

280 2373 285 2376 ·
357 2308 514 2374 ma,
565 2283 676 2356 his
703 2282 942 2357 verbis
976 2311 993 2356 τ
1032 2309 1156 2370 Qm
1188 2310 1431 2376 ΡΕΤΙΤ,
1470 2310 1773 2358 casusve
1811 2310 2024 2357 RATlo
2063 2308 2487 2356 nannm‘rua.

355 2399 625 2493 Aperte
642 2394 947 2483 indicat,
977 2419 1190 2495 posse
1216 2400 1570 2469 rationem
1606 2395 1859 2468 haberi
1894 2399 2106 2468 etiam
2137 2420 2290 2467 non
2320 2418 2496 2492 prae-

357 2507 603 2578 sentiS.
638 2511 788 2578 Hac
826 2504 919 2576 de
959 2531 1040 2578 re
1076 2507 1325 2604 scripsi
1362 2506 1449 2578 ad
1480 2533 1649 2580 eum
1669 2562 1689 2595 ‚
1728 2522 1814 2601 ut
1855 2522 1986 2578 tuo
2005 2505 2296 2603 -J'udicio
2333 2518 2494 2579 ute·

354 2631 589 2704 retur,
628 2617 813 2688 sicut
836 2619 913 2687 in
940 2616 1163 2690 rebus
1181 2615 1546 2690 omnibus.
1571 2617 1731 2689 Tibi
1761 2632 2000 2691 autem
2028 2613 2494 2690 statuendum

356 2740 466 2799 est
504 2727 593 2799 de
633 2729 998 2814 Domiti0‚
1037 2742 1111 2798 et
1162 2724 1254 2800 de
1297 2731 1572 2800 Catone
1618 2723 1939 2800 nostro⁵.
1988 2724 2129 2799 Sed
2165 2723 2494 2823 quamvis

356 2834 571 2908 liceat
613 2835 929 2909 absentis
974 2839 1329 2910 rationem
1386 2835 1642 2910 haberi
1665 2893 1684 2928 ,
1742 2851 1986 2909 tamen
2035 2837 2278 2908 omnia
2326 2846 2500 2904 sunt

356 2947 835 3045 praesentibus
870 2943 1205 3020 faciliora.
1244 2946 1464 3040 Quod
1504 2949 1565 3019 si
1601 2949 1938 3020 statueris
1969 2948 2046 3017 in
2084 2948 2320 3018 Asiam
2357 2941 2493 3013 tibi

359 3055 721 3147 eundum,
758 3057 958 3129 nulla
980 3058 1117 3128 erit
1146 3057 1239 3127 ad
1280 3057 1571 3128 comitia
1609 3072 1896 3128 nostros
1930 3055 2336 3128 arcessendi
2380 3053 2492 3126 fa-

360 3167 589 3238 cultas
609 3162 662 3238 ⁶.
704 3170 1069 3256 Omnino,
1107 3170 1327 3237 Pansa
1358 3168 1568 3250 vivo,
1611 3167 1954 3237 celeriora
1997 3167 2243 3234 omnia
2293 3179 2500 3260 puta-

358 3275 621 3356 bamus
681 3304 697 3347 :
760 3278 999 3348 statim
1068 3279 1263 3346 enim
1320 3274 1672 3372 collegam
1701 3286 1727 3331 ⁷
1779 3271 1918 3344 sibi
1985 3270 2448 3370 subrogasset
2477 3304 2498 3366 ;

362 3383 627 3459 deinde
671 3401 835 3459 ante
885 3387 1212 3484 praetoria
1236 3439 1257 3474 ‚
1299 3384 1755 3458 sacerdotum
1793 3379 2130 3455 comitia⁸
2170 3380 2494 3462 fuissent.

436 3583 485 3634 4.
520 3577 741 3623 rem-um
764 3559 1041 3639 collegiati.
1086 3570 1382 3622 Pontificum
1469 3571 1730 3633 babuerat,
1779 3571 1977 3620 alteram
2025 3571 2206 3619 Brutus
2267 3571 2495 3625 habebat.

362 3655 624 3704 minorum.
662 3653 889 3702 Pontifex
911 3653 1041 3702 enim
1062 3664 1164 3702 ent
1186 3653 1381 3700 Brutus.
1470 3651 1722 3704 Domitius
1745 3661 1922 3700 auctor
1939 3649 2036 3698 fuit
2054 3650 2172 3714 legis
2189 3651 2254 3700 de
2269 3653 2500 3702 Sacerdo-

438 3736 486 3783 5.
505 3737 581 3782 De
597 3733 829 3791 Domitio,
857 3742 905 3779 et
920 3734 980 3780 de
996 3732 1186 3780 Catone
1200 3741 1383 3778 nosem-
1480 3730 1563 3780 tiis
1589 3747 1706 3779 ann.
1728 3730 1852 3794 649.
1875 3733 1969 3780 En.

362 3813 535 3862 Altero
562 3813 619 3860 L.
640 3811 843 3860 Domitii
866 3811 1201 3870 Ahenobarbi,
1226 3809 1383 3858 altero
1546 3813 1599 3860 6.
1639 3811 1888 3860 Buccellas.
1925 3812 2086 3872 Quam
2121 3809 2268 3858 nobie
2303 3825 2498 3860 omnem

363 3893 438 3948 M,
484 3891 684 3941 Catonis
722 3891 965 3939 Uticensis
1007 3889 1140 3951 filio,
1175 3900 1385 3952 utroque
1473 3892 1660 3942 eufeoet
1685 3890 1910 3944 locorum
1925 3889 2276 3953 longinquitas.
2299 3891 2450 3950 Man.

364 3972 631 4021 arctissima
650 3967 883 4018 affinitate
908 3971 1115 4022 Brutum
1143 3966 1387 4030 utingen·
1552 3985 1599 4030 7.
1623 3967 1884 4035 collegam.
1911 3969 1970 4015 In
1996 3967 2162 4016 locum
2198 3968 2365 4021 Hirtii.
2389 3973 2467 4020 In.

364 4062 435 4099 te.
464 4053 592 4100 Nam
610 4049 731 4100 duas
749 4048 963 4110 Porciae,
983 4047 1229 4096 Uticensis
1244 4044 1389 4110 filias,
1553 4049 1606 4096 8.
1627 4045 1944 4094 Sacerdotem
1967 4045 2180 4096 οοαίεία.
2221 4049 2340 4096 Hae
2369 4064 2472 4096 non
2485 4083 2499 4104 ‚

364 4129 564 4179 alteram
603 4125 959 4177 Ahenobarbus
994 4127 1049 4176 in
1081 4125 1393 4176 matrimonio
1481 4137 1536 4175 ut
1557 4125 1948 4190 magistratuum,
1961 4125 2243 4191 quotannis,
2251 4126 2509 4190 aedanum
