3019 4681
622 447 1169 519 EPISTOLAE
1210 449 1349 518 AD
1396 449 2105 538 ATTICUM,XV‚
2165 451 2272 522 13.
2372 453 2522 540 451.

380 569 777 644 existimes!
834 571 983 644 Etsi
1030 567 1207 668 quid
1243 568 1333 642 ad
1376 593 1532 676 me,
1578 596 1740 669 quae
1775 597 1932 644 non
1978 577 2071 645 sit
2113 571 2304 648 foras
2343 603 2514 676 pro-

382 681 622 780 ditnra
642 735 663 770 ‚
706 682 848 752 nisi
889 679 1263 778 republica
1312 681 1752 777 reciperata?
1799 681 1890 755 de
1941 695 2090 782 quo
2136 687 2315 784 quid
2358 713 2518 788 spe·

380 817 575 880 rem,
614 817 767 864 non
809 790 1045 864 audeo
1082 789 1413 863 scribere.

380 1003 1027 1025 mmmm
1032 1003 2042 1024 mmm-“mmmmm
2047 1005 2505 1030 mmm

1002 1193 1193 1272 EPI
1214 1191 1618 1272 STOLA
1671 1193 1902 1272 XIV.

382 1368 582 1428 Attico
614 1367 791 1426 mittit
818 1365 1148 1445 exemplum
1165 1364 1424 1444 epistolae
1451 1365 1525 1424 ad
1542 1365 1904 1426 Dolabellam
1932 1369 2183 1447 scriptae‚
2209 1391 2406 1450 seque,
2426 1376 2532 1433 etsi

457 1465 660 1525 animo
686 1465 763 1523 sit
781 1483 1102 1552 suspenso,
1152 1477 1345 1522 tamen
1388 1463 1462 1521 ad
1504 1462 1686 1523 libros
1724 1463 2062 1524 scribendos
2089 1467 2330 1529 rediisse
2361 1471 2533 1550 signi-

456 1565 619 1624 ficat.
654 1561 766 1640 (In
786 1561 1114 1622 Tusculano
1140 1603 1159 1632 ,
1192 1580 1347 1620 anno
1370 1563 1447 1622 U.
1474 1564 1541 1620 C.
1575 1581 1724 1637 709,
1755 1580 1952 1620 mense
1967 1561 2188 1644 junio.)

1058 1746 1373 1812 CICERO
1418 1744 1741 1810 ATTICO
1785 1747 1852 1812 S.
1876 1753 1886 1762 '

472 1899 716 1968 διῖκτο
788 1894 931 1966 kal.
1001 1895 1245 1990 accepi
1308 1896 1359 1962 a'
1409 1889 1788 1962 Dolabella
1864 1890 2104 1963 literas
2130 1947 2150 1980 ,
2221 1920 2530 1992 quarum

376 2007 801 2105 exemplum
858 2004 993 2076 tibi
1040 2004 1251 2074 misi:
1310 2007 1388 2073 in
1443 2001 1717 2100 quibus
1767 2017 1960 2092 erat,
2001 2007 2247 2078 omnia
2299 2031 2375 2080 se
2428 2010 2533 2082 fe-

374 2121 563 2192 cisse
590 2172 611 2206 ,
666 2141 828 2215 quae
880 2131 963 2188 tu
1014 2113 1257 2186 velles.
1313 2116 1566 2187 Statim
1621 2116 1685 2184 ei
1746 2116 2120 2212 rescripsi,
2166 2132 2241 2188 et
2289 2119 2535 2192 multis

374 2229 626 2303 verbis
666 2228 923 2324 gratias
952 2228 1089 2323 egi.
1133 2224 1273 2296 Sed
1306 2243 1587 2312 tamen,
1615 2249 1710 2295 ne
1745 2227 2152 2314 miraretur,
2186 2223 2318 2300 cu'r
2341 2229 2534 2304 idem

376 2346 649 2413 iterum
688 2335 1033 2425 facerem,
1089 2334 1229 2407 hoc
1262 2358 1491 2407 causae
1527 2333 1835 2432 sumpsi,
1877 2333 2079 2433 quod
2127 2362 2216 2408 ex
2252 2352 2328 2411 te
2371 2344 2533 2441 ipso

372 2474 629 2523 coram
689 2464 902 2521 antea
953 2446 1137 2517 nihil
1192 2448 1592 2544 potuissem
1647 2470 2106 2544 cognoscere.
2165 2448 2304 2521 Sed
2356 2454 2534 2551 quid

374 2562 657 2634 multa?
698 2560 939 2631 literas
978 2558 1121 2629 hoc
1156 2554 1490 2654 exemplo
1532 2554 1717 2626 dedi.

724 2764 1042 2831 elcERo
1088 2710 1616 2863 DoanLAE
1665 2763 1847 2828 cos,
1895 2765 2064 2831 sno
2109 2768 2172 2833 s.

475 2946 513 2983 α
540 2919 793 2986 Auru
865 2934 1096 3009 quum
1156 2932 1290 3007 per
1364 2908 1606 2980 literas
1667 2911 1884 2981 Attici
1951 2915 2184 2985 nostri
2245 2914 2338 2989 de
2402 2934 2527 2991 tua

370 3046 667 3099 summa
702 3022 1124 3094 liberalitate
1145 3074 1164 3107 ‚
1200 3042 1640 3117 summoque
1679 3046 1850 3119 erga
1884 3046 1960 3093 se
1986 3020 2346 3100 beneficio
2375 3055 2529 3103 cer-

372 3142 528 3209 tior
564 3133 799 3207 factus
832 3154 1098 3219 essem,
1132 3154 1513 3228 quumque
1543 3144 1626 3202 tu
1656 3132 1810 3229 ipse
1847 3133 2062 3204 etiam
2089 3136 2181 3207 ad
2217 3162 2333 3211 me
2361 3144 2526 3213 scri·

370 3246 685 3345 psisseS‚
726 3258 796 3315 te
834 3240 1089 3349 fecisse
1130 3264 1253 3327 ea,
1292 3264 1457 3337 quae
1494 3264 1630 3311 nos
1667 3241 2144 3316 voluissemus
2175 3275 2192 3317 ε
2240 3252 2351 3344 egi
2392 3250 2522 3322 tibi

368 3360 647 3456 gratias
688 3380 823 3452 per
860 3354 1101 3424 literas
1138 3353 1239 3423 eis
1268 3350 1509 3421 verbis
1531 3405 1551 3440 ,
1599 3366 1685 3421 ut
1731 3352 2166 3451 intelligeres
2186 3412 2206 3447 ,
2242 3359 2424 3431 nihil
2457 3377 2527 3433 te

367 3466 565 3539 mihi
606 3468 875 3564 gratius
924 3461 1156 3534 facere
1208 3462 1552 3559 potuisse.
1591 3464 1850 3535 Postea
1899 3489 2072 3536 vero
2110 3492 2328 3564 quam
2372 3472 2527 3571 ipse

366 3576 665 3649 Atticus
703 3572 795 3646 ad
838 3598 955 3645 me
1004 3572 1207 3643 venit
1252 3573 1329 3641 in
1368 3570 1858 3643 Tusculanum
1909 3573 2126 3669 hujus
2169 3580 2385 3650 unius
2425 3584 2531 3653 rei

370 3712 637 3775 causa,
682 3684 817 3757 tibi
858 3698 941 3755 ut
984 3680 1179 3783 apud
1224 3706 1341 3752 me
1374 3680 1634 3778 gratias
1671 3697 1952 3781 ageret,
2007 3700 2090 3756 ut
2140 3688 2345 3785 cujus
2383 3696 2531 3765 exi-

368 3800 653 3871 miam1
704 3794 1089 3893 quamdam
1116 3850 1135 3883 ‚
1179 3807 1250 3864 et
1284 3790 1780 3865 admirabilem
1821 3798 1895 3865 in
1919 3820 2134 3869 causa
2154 3801 2534 3877 Buthrotia

367 3911 837 3983 voluntatem
870 3960 889 3995 ‚
959 3920 1035 3977 et
1100 3904 1538 4002 singularem
1613 3928 1780 4003 erga
1840 3930 1916 3978 se
1984 3932 2304 3983 amorem
2363 3940 2534 4013 per-

450 4134 505 4165 ι.
538 4116 605 4161 Ut
629 4126 766 4162 tuam
789 4110 1047 4162 eximiam.
1072 4109 1249 4161 Malles
1265 4146 1279 4169 ,
1302 4110 1415 4175 opi·
1508 4111 1704 4161 editum
1737 4130 1764 4160 a
1791 4115 2017 4173 Graevio,
2043 4138 2066 4159 ι
2086 4118 2200 4165 Tibi
2231 4130 2286 4165 nt
2302 4120 2434 4182 apud
2461 4138 2539 4168 me

368 4214 491 4256 nor,
530 4192 673 4258 quod
710 4202 783 4241 est
822 4193 954 4240 inter
988 4190 1149 4239 varin
1177 4190 1415 4239 lectiones
1509 4192 1686 4253 gratias
1713 4204 1904 4255 ageret,
1931 4194 2072 4255 eujus
2110 4197 2364 4259 eximiam,
2401 4208 2494 4246 etc.
2515 4220 2541 4239 ι·

2185 4306 2300 4375 29.
