3019 4681
477 391 615 440 222
1102 367 1199 456 M.
1250 355 1327 434 T.
1382 365 1978 435 clcERoms

469 490 888 575 detraxerit,
927 487 1271 585 perspicis
1291 540 1312 574 ‚
1355 486 1536 584 quid
1564 488 1642 556 in
1669 491 1978 558 maxima
2007 509 2090 557 re
2115 484 2409 557 fecerit?
2437 486 2608 559 Phi·

470 603 767 674 lotimus
818 623 971 668 non
1016 598 1243 668 modo
1286 597 1532 668 nullus
1569 599 1812 685 venit,
1865 594 1992 668 sed
2040 620 2136 668 ne
2187 620 2320 694 per
2367 597 2608 671 literas

472 708 769 810 quidem
794 761 813 796 ‚
852 720 977 777 aut
1020 731 1154 804 per
1207 709 1552 778 nuntium
1595 709 1976 778 certiorem
2024 704 2195 777 facit
2233 731 2386 796 me,
2430 707 2609 805 quid

474 824 701 918 egerit
724 815 808 888 ¹³.
846 816 1139 916 Epheso
1168 820 1299 913 qui
1330 818 1674 903 veniunt,
1703 817 1809 887 ibi
1837 841 1914 888 se
1943 842 2110 888 eum
2143 815 2234 888 de
2263 819 2412 890 suis
2439 836 2609 889 con*

469 931 833 1003 troversiis
870 931 945 998 in
970 929 1088 1022 jus
1124 927 1514 999 adeuntem
1550 927 1810 1000 vidisse
1843 931 2220 999 nuntiant:
2265 953 2426 1026 quae
2450 930 2608 1027 qui-

470 1041 639 1114 dem
679 1041 828 1136 (ita
882 1040 1075 1110 enim
1120 1037 1503 1110 verisimile
1557 1038 1716 1132 est)
1773 1041 1850 1108 in
1892 1037 2286 1109 adventum
2319 1037 2612 1110 Caesaris

467 1150 769 1222 fortasse
796 1148 1245 1244 rejiciuntur.
1281 1153 1391 1218 Ita
1424 1163 1550 1218 aut
1586 1147 1766 1218 nihil
1795 1163 1976 1246 puto
1994 1146 2060 1204 ¹4
2095 1173 2264 1220 eum
2295 1147 2562 1220 habere
2585 1201 2606 1233 ‚

469 1257 675 1372 quod
718 1273 931 1358 putet
968 1257 1059 1330 ad
1092 1281 1221 1328 me
1266 1259 1570 1330 celerius
1609 1256 2169 1356 perferendum,
2221 1273 2295 1329 et
2341 1283 2439 1336 ,eo
2487 1281 2606 1330 me

471 1373 699 1467 magis
739 1391 897 1440 esse
946 1366 1411 1465 despectum3
1455 1383 1615 1458 aut,
1660 1370 1936 1440 etiamsi
1971 1368 2152 1467 quid
2191 1366 2448 1456 habet,
2491 1368 2604 1457 id,

469 1483 615 1550 nisi
662 1477 1007 1550 omnibus
1064 1479 1212 1573 suis
1257 1477 1560 1575 negotiis
1601 1477 1980 1566 confectiS‚
2027 1478 2120 1549 ad
2167 1503 2286 1548 me
2337 1476 2608 1550 referre

470 1615 627 1661 non
665 1603 891 1660 curat.
926 1593 1033 1658 Ex
1068 1610 1219 1686 quo
1256 1609 1601 1685 magnum
1629 1587 1968 1686 equidem
2003 1590 2211 1688 capio
2239 1587 2606 1677 dolorem,

466 1701 592 1773 sed
626 1723 779 1771 non
814 1714 1135 1787 tantum,
1174 1712 1534 1796 quantum
1568 1699 1819 1770 videor
1851 1697 2140 1770 debere.
2185 1697 2381 1769 Nihil
2410 1699 2607 1768 enim

467 1835 627 1883 mea
668 1813 909 1881 minus
952 1813 1298 1881 interesse
1352 1825 1578 1907 puto,
1615 1833 1840 1909 quam
1876 1808 2056 1908 quid
2097 1809 2297 1879 illinc
2323 1804 2384 1852 ¹⁵
2427 1805 2606 1878 affe-

464 1936 687 1994 ratur.
724 1920 809 1992 Id
842 1943 1063 2018 quam
1100 1917 1199 1990 ob
1231 1943 1383 1990 rem
1412 1915 1477 1963 ¹⁶
1499 1970 1521 2007 ‚
1561 1933 1632 1991 te
1675 1919 2077 2016 intelligere
2113 1933 2312 1990 certo
2333 1927 2394 1973 ¹⁷
2435 1916 2602 1987 scio.

466 2030 688 2122 Quod
732 2055 847 2100 me
890 2053 1147 2102 mones
1184 2029 1276 2100 de
1314 2029 1523 2100 vultu
1559 2044 1632 2100 et
1669 2031 1996 2101 oratione
2039 2029 2131 2100 ad
2167 2041 2456 2126 tempus
2491 2048 2606 2096 ac-

466 2140 1044 2228 commodanda3
1105 2143 1239 2212 etsi
1302 2137 1593 2212 difficile
1661 2155 1770 2212 est
1792 2195 1811 2228 ‚
1877 2156 2116 2212 tamen
2174 2140 2602 2237 imperarem

469 2251 779 2334 mihi‚si
816 2273 974 2320 mea
1006 2249 1407 2349 quidquam
1437 2252 1781 2322 interesse
1810 2265 2161 2350 putarem.
2191 2247 2411 2342 Quod
2439 2247 2606 2319 seri-4

469 2361 613 2450 bis,
637 2360 861 2432 literis
882 2375 1141 2459 putare
1160 2362 1578 2435 Africanum
1599 2356 1664 2407 ¹⁸
1683 2364 2058 2461 negotium
2083 2361 2340 2435 confici
2357 2384 2564 2459 posse
2581 2411 2602 2443 ‚

465 2472 725 2543 vellem
750 2483 812 2529 ¹9
846 2468 1233 2563 scriberm,
1273 2498 1404 2545 cur
1438 2476 1535 2544 ita
1575 2489 1908 2573 putares;
1949 2468 2128 2543 mihi
2164 2470 2458 2570 quidem
2489 2470 2600 2539 ni·
2685 2542 2690 2545 .

470 2582 575 2653 hil
612 2586 691 2652 in
724 2596 1047 2653 mentem
1085 2586 1316 2672 venit,
1354 2610 1582 2682 quare
1623 2585 1699 2655 id
1742 2599 1995 2683 putem
2032 2583 2188 2656 fieri
2229 2605 2462 2682 posse.
2492 2585 2604 2651 Tu

474 2708 759 2777 tamen,
814 2692 1067 2781 velim,
1110 2695 1169 2763 si
1222 2694 1400 2791 quid
1452 2696 1632 2785 erit,
1675 2693 1879 2791 quod
1918 2692 2429 2766 consolationis
2473 2689 2600 2761 ali-

471 2800 651 2901 quid
690 2800 953 2873 habeat
974 2856 995 2889 ‚
1037 2804 1307 2876 scribas
1350 2803 1442 2875 ad
1484 2830 1621 2877 me.
1663 2809 1827 2895 Sin,
1861 2819 1946 2876 ut
1979 2809 2340 2905 perspicio
2360 2862 2380 2896 ‚
2423 2809 2603 2881 nihil

470 2914 646 3000 erit,
708 2913 974 2984 scribas
1023 2913 1096 2983 id
1152 2917 1419 3012 ipsum.
1470 2920 1625 3013 Ego
1673 2915 1767 2985 ad
1817 2930 1929 3006 te,
1979 2917 2041 2988 si
2088 2917 2266 3014 quid
2304 2916 2601 2991 audiero

466 3025 719 3114 citiuS‚
764 3022 1093 3095 scribam.
1138 3024 1335 3097 Vale.
1375 3051 1482 3097 nx
1515 3024 1612 3098 id.
1651 3040 1826 3099 sext.

542 3212 625 3258 13.
668 3206 803 3270 Quid
824 3207 994 3273 egerit.
1019 3209 1095 3257 De
1120 3224 1199 3257 me
1221 3208 1356 3273 apud
1382 3210 1491 3259 Cae-
1658 3212 1741 3260 16.
1789 3212 2126 3274 Quamobran.
2164 3211 2354 3282 Nempe
2399 3218 2603 3283 putabat

472 3305 648 3337 sarem.
669 3289 891 3336 Mamur.
1582 3288 1758 3339 Cicero
1775 3291 1870 3339 tibi
1893 3294 2044 3357 magis
2061 3312 2090 3343 ι
2111 3300 2349 3363 Pompeio
2361 3338 2378 3365 ,
2404 3319 2550 3366 quam
2570 3320 2599 3352 a

545 3374 625 3423 14.
653 3368 757 3413 Aut
778 3365 905 3414 nibil
920 3376 1059 3430 puto.
1088 3368 1255 3428 Quum
1282 3362 1493 3417 Philoti-
1581 3368 1766 3417 Caini-e
1781 3370 2066 3424 timendum.

469 3462 579 3495 mus
604 3445 783 3510 Ephesi
802 3456 993 3509 tempus
1012 3456 1187 3494 tereret
1200 3479 1217 3503 ,
1240 3446 1493 3506 conjectu·-
1655 3464 1738 3509 ¹7·
1767 3450 1850 3497 Al.
1869 3462 2014 3501 ceree.
2045 3456 2094 3503 J.
2122 3457 2188 3505 V.
2206 3459 2260 3506 1..

471 3542 575 3573 nm
612 3526 783 3575 cicero
824 3524 1032 3572 faciebat
1049 3558 1065 3583 ,
1108 3525 1161 3573 in
1204 3526 1265 3572 iit
1308 3525 1460 3575 literi-
1474 3561 1491 3586 ‚
1657 3528 1740 3575 18.
1775 3528 2086 3593 Africanum.
2109 3536 2292 3585 Scribis
2311 3550 2359 3588 te
2393 3552 2564 3605 putam
2585 3576 2601 3601 ,

468 3621 590 3669 quas
627 3604 710 3654 ille
759 3620 788 3651 ι
824 3606 1011 3653 cmm
1048 3604 1172 3653 ferre
1212 3604 1491 3667 dicebatur,
1579 3606 1708 3655 inter
1737 3607 1972 3660 Cae-mm
1989 3644 2006 3669 ,
2041 3624 2092 3661 et
2117 3614 2442 3680 Pompeianos
2460 3654 2477 3679 ,
2509 3622 2598 3685 qni

468 3683 593 3731 nihil
613 3700 737 3743 esse,
762 3684 904 3747 quod
922 3684 1127 3733 celerius
1148 3686 1351 3749 perferri
1366 3702 1495 3751 opus
1580 3688 1634 3733 in
1648 3676 1814 3735 Arrio·
1827 3702 1942 3737 sunt
1955 3690 2130 3751 ‚literis
2149 3696 2392 3761 utrimque
2408 3700 2600 3749 mitten-

461 3774 607 3811 αυτ.
635 3764 789 3809 Iun.
1583 3763 1660 3813 dis
1685 3782 1854 3831 paoem
1873 3784 2016 3831 poue
2035 3769 2158 3823 fieri.
2171 3774 2315 3826 Mis.

540 3840 623 3889 15.
653 3840 812 3889 Illinc.
852 3844 899 3890 Δ
935 3844 1149 3903 Caesare,
1178 3860 1240 3892 ex
1274 3843 1486 3895 Alexan-
1653 3862 1733 3911 ¹9·
1759 3848 1958 3897 Vellem.
1997 3851 2078 3899 Sic
2104 3866 2303 3918 quoqne
2327 3854 2598 3906 Sehiitzius.

466 3920 591 3969 dria.
617 3921 770 3967 Ιυιιι.
1573 3924 1676 3973 Alii
1693 3960 1710 3987 ,
1728 3926 1898 3977 velim.
1923 3930 1972 3977 J.
1985 3929 2049 3980 V.
2076 3932 2137 3981 1..

1252 4079 1830 4109 Q—
