3019 4681
662 403 1179 474 EPISTOLAE
1224 405 1351 473 An
1400 405 2141 493 ATTICUM‚X11‚
2175 403 2288 504 37.
2396 432 2536 504 ²79

407 525 599 596 cimo
637 523 774 596 die.
811 523 1028 612 Quod
1065 523 1243 594 mihi
1294 526 1494 596 Bruti
1532 522 1854 612 literas³,
1901 541 2210 624 gratum.
2265 527 2370 599 Ad
2420 554 2540 600 me

409 657 707 731 quoque
740 634 953 704 misit.
983 635 1159 704 Eam
1194 634 1423 730 ipsam
1465 633 1559 706 ad
1597 650 1670 706 te
1704 636 2082 734 epistolam
2109 641 2308 723 misi,
2345 653 2418 711 et
2450 640 2538 710 ad

410 767 567 813 eam
614 743 1027 839 exemplum
1056 768 1383 816 mearum
1422 744 1815 817 literarum.
1857 749 1967 818 De
2007 746 2210 836 fano,
2263 750 2323 819 si
2361 749 2541 820 nihil

411 854 590 924 mihi
633 854 1017 926 hortorum
1070 855 1407 950 invenis(
1450 859 1580 952 qui
1616 855 1908 952 quidem
1949 855 2082 926 tibi
2125 857 2547 928 inveniendi

411 979 615 1052 sunt,
656 967 715 1036 si
742 989 859 1038 me
878 968 1057 1038 tanti
1078 963 1251 1038 facis
1268 1017 1293 1050 ‚
1318 969 1572 1063 quanti
1601 981 1797 1038 certe
1816 964 2016 1061 facis)
2040 965 2282 1054 ,valde
2309 965 2546 1064 probo

409 1078 765 1146 rationem
807 1088 1007 1146 tuam
1063 1074 1153 1148 de
1196 1075 1626 1148 Tusculano.
1685 1078 2032 1166 Quamvis
2077 1076 2400 1175 prudens
2454 1075 2546 1147 ad

410 1184 875 1279 cogitandum
924 1189 1063 1274 siS,
1112 1189 1297 1257 sicut
1352 1211 1473 1274 οε,
1522 1198 1802 1276 tamen,
1854 1187 1993 1257 nisi
2033 1209 2307 1283 magnae
2357 1208 2547 1255 curae

410 1292 537 1392 tibi
579 1307 801 1382 esset,
832 1308 913 1366 ut
944 1320 1079 1392 ego
1114 1320 1598 1393 consequerer
1631 1295 1748 1384 id,
1792 1295 1993 1394 quod
2023 1320 2286 1394 magno
2325 1320 2545 1394 opere

410 1401 667 1474 vellem
692 1456 712 1491 ,
756 1428 1158 1500 numquam
1198 1429 1285 1477 ea
1324 1431 1443 1478 res
1480 1405 1614 1477 tibi
1659 1421 1806 1479 tam
1854 1405 2041 1478 belle
2091 1411 2166 1477 in
2227 1421 2550 1477 mentem

409 1513 657 1586 venire
677 1515 1051 1612 potuisset.
1085 1515 1220 1587 Sed
1242 1571 1262 1604 ,
1308 1517 1554 1588 nescio
1597 1541 1746 1613 quo
1784 1531 2029 1614 pacm,
2058 1515 2548 1587 celebritatem

410 1624 727 1717 requiro.
782 1627 1036 1721 Itaque
1090 1623 1346 1695 hortos
1410 1625 1590 1696 mihi
1643 1624 1981 1700 conficias
2002 1682 2021 1711 ,
2087 1647 2378 1698 necesse
2423 1640 2552 1696 est.

410 1735 722 1803 Maxima
786 1747 896 1804 est
955 1735 1030 1804 in
1099 1733 1423 1832 Scapulae
1489 1733 1868 1806 celebritas
1902 1761 1922 1820 3
1994 1735 2498 1832 propinquitas
2521 1731 2552 1788 4

413 1857 787 1942 praeterea,
834 1843 963 1915 ubi
1000 1845 1095 1915 sis
1116 1898 1136 1930 ,
1186 1868 1279 1915 ne
1331 1859 1572 1917 totum
1605 1843 1797 1916 diem
1826 1849 1898 1914 in
1926 1845 2166 1914 villam
2192 1841 2244 1914 ⁵.
2272 1848 2553 1935 Quare,

414 1965 801 2050 antequam
837 1952 1177 2040 discediS‚
1231 1953 1645 2041 Othonem,
1689 1957 1760 2037 si,
1795 1961 2040 2026 Romae
2085 1970 2229 2042 est,
2285 1979 2551 2026 conve·

412 2062 567 2134 nias
616 2063 985 2160 pervelim.
1038 2069 1110 2136 Si
1161 2066 1338 2137 nihil
1380 2067 1552 2151 erit,
1598 2067 1731 2138 etsi
1775 2080 1858 2136 tu
1896 2089 2131 2136 meam
2167 2065 2543 2135 stultitiam

415 2179 783 2245 consuesti
813 2172 1001 2247 ferre
1020 2232 1040 2263 ,
1064 2199 1155 2247 eo
1182 2191 1423 2247 tamen
1463 2176 1885 2275 progrediar
1903 2232 1923 2264 ,
1949 2179 2056 2246 uti
2077 2175 2548 2248 stomachere.

414 2287 699 2356 Drusus
742 2288 935 2355 enim
989 2300 1181 2359 certe
1223 2283 1540 2359 vendere
1576 2286 1750 2357 vult.
1805 2287 1877 2357 Si
1922 2309 2092 2385 ergo
2143 2283 2339 2357 aliud
2381 2285 2558 2371 erit,

416 2419 569 2464 non
598 2420 757 2465 mea
789 2397 925 2466 erit
959 2395 1206 2494 culpa,
1252 2398 1392 2467 nisi
1419 2394 1710 2469 emero6
1742 2425 1760 2468 τ
1793 2421 1938 2495 qua
1967 2400 2045 2467 in
2081 2422 2160 2469 re
2195 2420 2288 2469 ne
2325 2394 2552 2479 labar,

412 2528 717 2601 quaeso,·
743 2505 1064 2604 provide.
1103 2505 1537 2582 providendi
1581 2523 1822 2579 autem
1873 2532 2020 2578 una
2063 2509 2249 2579 ratio
2301 2521 2448 2591 est,
2492 2508 2553 2575 si

414 2612 597 2711 quid
641 2614 731 2686 de
770 2616 1190 2715 Scapulanis
1224 2640 1635 2717 possumus.
1672 2620 1760 2689 Et
1782 2618 1998 2689 velim
2027 2642 2144 2688 me
2168 2618 2548 2688 certiorem

412 2724 659 2815 faciaS,
691 2728 910 2825 qham
955 2728 1081 2802 diu
1116 2731 1191 2801 in
1222 2729 1647 2803 suburbano
1679 2734 1772 2803 sis
1807 2730 2118 2803 futurus.
2167 2728 2385 2829 Apud
2424 2734 2556 2800 Te-

411 2842 721 2909 rentiam
760 2842 983 2937 gratia
1004 2865 1191 2939 opus
1222 2857 1328 2913 est
1362 2841 1581 2913 nobis
1600 2857 1756 2929 tua,
1794 2856 2067 2941 tuaque
2096 2844 2550 2913 auctoritate.

414 2947 553 3019 Sed
614 2947 865 3037 facieS,
902 2966 985 3021 ut
1022 2951 1403 3024 videbitur.
1454 2953 1620 3024 Scio
1657 2954 1885 3041 enim,
1922 2954 1982 3023 si
2019 2946 2197 3051 quid
2237 2976 2401 3023 mea
2439 2952 2548 3019 in-

417 3061 659 3146 tersit,
698 3060 829 3131 tibi
870 3062 1123 3156 majori
1159 3086 1348 3133 curae
1386 3060 1616 3133 solere
1658 3086 1812 3135 esse
1835 3116 1856 3149 ,
1891 3086 2113 3159 quam
2158 3059 2358 3130 mihi.
2389 3060 2550 3128 Hir·-

416 3170 560 3239 tius
583 3168 675 3240 ad
696 3194 810 3239 me
834 3173 1117 3269 scripsit
1136 3226 1157 3259 ‚
1192 3176 1379 3244 Sext.
1418 3174 1842 3271 Pompeium
1869 3169 2212 3245 Corduba
2229 3182 2254 3227 ⁷
2287 3170 2512 3241 exisse
2529 3222 2549 3254 ,

417 3293 490 3349 et
527 3277 789 3378 fugisse
831 3280 904 3351 in
946 3286 1363 3381 Hispaniam
1408 3288 1856 3371 citeriorem3
1899 3286 2196 3355 Cnaeum
2237 3278 2545 3377 fugisse,

417 3393 661 3461 nescio
694 3415 846 3489 quo
887 3419 904 3461 ε
944 3417 1187 3490 neque
1227 3394 1423 3465 enim
1460 3384 1674 3465 curos
1713 3395 1909 3467 Nihil
1965 3406 2306 3492 praeterea
2355 3391 2545 3461 novi.

416 3588 588 3650 verba,
610 3612 632 3634 ι
650 3590 713 3639 ad
726 3608 804 3640 me
818 3608 1017 3656 quoque
1028 3592 1161 3641 misit
1176 3612 1220 3642 a.
1243 3593 1356 3641 LV.
1374 3596 1433 3642 Ι...
1524 3604 1582 3642 ut
1597 3593 1662 3641 ad
1680 3592 1844 3640 villam
1865 3602 1913 3639 te
1935 3589 2173 3639 conferas.
2190 3588 2272 3637 sio
2298 3587 2375 3635 11
2397 3620 2414 3646 ,
2447 3602 2509 3635 υ
2534 3605 2550 3639 :

488 3668 538 3729 3.
568 3670 716 3733 Quod
735 3671 853 3719 mihi
872 3671 1009 3719 Bruti
1021 3670 1206 3720 litet-as.
1228 3671 1436 3731 Misi-ti,
1524 3694 1550 3715 ιι
1569 3672 1752 3721 multos
1769 3670 1870 3719 die·
1887 3671 1940 3718 in
1966 3668 2206 3735 oppidum
2223 3677 2378 3732 ponat
2391 3688 2433 3716 n.
2447 3668 2544 3715 En.

416 3764 536 3817 qun
562 3750 625 3798 ad
648 3761 699 3799 te
720 3750 995 3815 scripserat.
1022 3750 1187 3800 Coun.
1595 3750 1647 3799 6.
1677 3748 1912 3813 Sequitur
1943 3750 1992 3796 J.
2029 3749 2090 3797 V.
2115 3749 2174 3795 1..
2209 3748 2264 3794 in
2305 3746 2548 3809 interpre-

488 3837 541 3887 4.
568 3830 929 3895 Propinquim.
955 3832 1043 3879 Eat
1067 3839 1299 3894 praterea
1322 3843 1437 3891 pro-
1523 3830 1678 3879 tando
1717 3828 2102 3877 emend-tionem
2140 3826 2320 3875 Graevii
2364 3841 2379 3875 ε
2433 3846 2459 3869 -
2489 3826 2542 3873 Si

414 3908 662 3973 pinqnim
696 3910 797 3959 loci
826 3910 916 3959 ubi
946 3910 1033 3958 tiz.
1072 3908 1199 3957 Nam
1240 3908 1276 3957 ii
1304 3907 1437 3956 horti
1523 3925 1640 3974 ergo
1659 3908 1797 3957 uliud
1829 3924 1932 3955 non
1959 3908 2082 3968 erit,
2109 3922 2214 3954 mea
2245 3906 2339 3954 erit
2375 3905 2518 3971 culpa
2542 3940 2558 3964 ,

416 4004 573 4053 prope
598 3990 804 4037 Romam
838 3999 977 4047 sunt,
1010 3988 1097 4036 nbi
1124 3988 1223 4036 fere
1246 4002 1439 4053 semper
1523 3989 1620 4037 nisi
1653 3992 1816 4037 otnero
1835 4006 1879 4036 »-

417 4068 767 4117 ⁸010me
792 4070 910 4118 Bos.
1598 4084 1646 4129 7.
1685 4064 1910 4116 corduba
1945 4063 2276 4116 etiamfvid.
2313 4074 2444 4112 auct.
2484 4064 2548 4113 de

490 4143 537 4203 5.
557 4148 619 4195 In
634 4146 831 4199 vt‘llaem.
849 4151 909 4197 In
924 4148 1099 4197 itinere
1111 4144 1437 4207 conficiendo,
1524 4146 1656 4198 bello
1685 4144 1992 4210 Hispaniensi
2007 4178 2023 4203 ,
2053 4161 2098 4194 ο.
2125 4145 2210 4194 32.
2238 4146 2335 4194 En.

426 4348 455 4361 l
