<?xml version="1.0" encoding="UTF-8"?>
<!DOCTYPE html PUBLIC "-//W3C//DTD XHTML 1.0 Transitional//EN"
    "http://www.w3.org/TR/xhtml1/DTD/xhtml1-transitional.dtd">
<html xmlns="http://www.w3.org/1999/xhtml" xml:lang="en" lang="en">
 <head>
  <title>
</title>
<meta http-equiv="Content-Type" content="text/html;charset=utf-8" />
  <meta name='ocr-system' content='tesseract 3.04.00' />
  <meta name='ocr-capabilities' content='ocr_page ocr_carea ocr_par ocr_line ocrx_word'/>
</head>
<body>
  <div class='ocr_page' id='page_1' title='image "./mtciceronisquae04lemagoog_0248.png"; bbox 0 0 3019 4681; ppageno 0'>
   <div class='ocr_carea' id='block_1_1' title="bbox 510 321 1981 416">
    <p class='ocr_par' dir='ltr' id='par_1_1' title="bbox 510 321 1981 416">
     <span class='ocr_line' id='line_1_1' title="bbox 510 321 1981 416; baseline -0.003 -24"><span class='ocrx_word' id='word_1_1' title='bbox 510 327 644 408; x_wconf 75' lang='lat'><strong>242</strong></span> <span class='ocrx_word' id='word_1_2' title='bbox 1138 323 1236 390; x_wconf 86' lang='lat' dir='ltr'><strong>M.</strong></span> <span class='ocrx_word' id='word_1_3' title='bbox 1288 323 1366 389; x_wconf 88' lang='lat' dir='ltr'><strong>T.</strong></span> <span class='ocrx_word' id='word_1_4' title='bbox 1420 321 1981 416; x_wconf 68' lang='lat' dir='ltr'>CICERONIS</span> 
     </span>
    </p>
   </div>
   <div class='ocr_carea' id='block_1_2' title="bbox 1052 505 2622 532">
    <p class='ocr_par' dir='ltr' id='par_1_2' title="bbox 1052 505 2622 532">
     <span class='ocr_line' id='line_1_2' title="bbox 1052 505 2622 532; baseline 0 -3"><span class='ocrx_word' id='word_1_5' title='bbox 1052 507 1415 528; x_wconf 54' lang='lat' dir='ltr'><strong>mmm</strong></span> <span class='ocrx_word' id='word_1_6' title='bbox 1421 505 2622 532; x_wconf 56' lang='lat' dir='ltr'><strong>mmmmm—mm</strong></span> 
     </span>
    </p>
   </div>
   <div class='ocr_carea' id='block_1_3' title="bbox 1166 657 1950 738">
    <p class='ocr_par' dir='ltr' id='par_1_3' title="bbox 1166 657 1950 738">
     <span class='ocr_line' id='line_1_3' title="bbox 1166 657 1950 738; baseline -0.004 0"><span class='ocrx_word' id='word_1_7' title='bbox 1166 657 1764 738; x_wconf 89' lang='lat' dir='ltr'><strong>EPISTOLA</strong></span> <span class='ocrx_word' id='word_1_8' title='bbox 1851 659 1950 735; x_wconf 91' lang='lat' dir='ltr'><strong>X.</strong></span> 
     </span>
    </p>
   </div>
   <div class='ocr_carea' id='block_1_4' title="bbox 504 819 2634 994">
    <p class='ocr_par' dir='ltr' id='par_1_4' title="bbox 504 819 2634 994">
     <span class='ocr_line' id='line_1_4' title="bbox 504 819 2634 898; baseline -0.004 -9"><span class='ocrx_word' id='word_1_9' title='bbox 504 827 761 896; x_wconf 80' lang='lat' dir='ltr'><strong>Atticum</strong></span> <span class='ocrx_word' id='word_1_10' title='bbox 807 825 881 884; x_wconf 81' lang='lat' dir='ltr'><strong>de</strong></span> <span class='ocrx_word' id='word_1_11' title='bbox 924 821 1291 883; x_wconf 78' lang='lat' dir='ltr'>Athamantis</span> <span class='ocrx_word' id='word_1_12' title='bbox 1332 832 1519 878; x_wconf 89' lang='lat' dir='ltr'><strong>morte</strong></span> <span class='ocrx_word' id='word_1_13' title='bbox 1560 819 1912 892; x_wconf 79' lang='lat' dir='ltr'><strong>consolatur,</strong></span> <span class='ocrx_word' id='word_1_14' title='bbox 1945 832 2005 878; x_wconf 90' lang='lat' dir='ltr'><strong>et</strong></span> <span class='ocrx_word' id='word_1_15' title='bbox 2034 819 2264 880; x_wconf 75' lang='lat' dir='ltr'><strong>Alexim</strong></span> <span class='ocrx_word' id='word_1_16' title='bbox 2309 819 2434 898; x_wconf 78' lang='lat' dir='ltr'><strong>ejus</strong></span> <span class='ocrx_word' id='word_1_17' title='bbox 2479 841 2634 881; x_wconf 83' lang='lat' dir='ltr'><strong>curae</strong></span> 
     </span>
     <span class='ocr_line' id='line_1_5' title="bbox 620 915 2514 994; baseline -0.004 -10"><span class='ocrx_word' id='word_1_18' title='bbox 620 921 1003 984; x_wconf 80' lang='lat' dir='ltr'><strong>commendat.</strong></span> <span class='ocrx_word' id='word_1_19' title='bbox 1030 917 1348 994; x_wconf 83' lang='lat' dir='ltr'>(Puteolis,</span> <span class='ocrx_word' id='word_1_20' title='bbox 1371 935 1524 974; x_wconf 83' lang='lat' dir='ltr'><strong>anno</strong></span> <span class='ocrx_word' id='word_1_21' title='bbox 1551 920 1626 976; x_wconf 90' lang='lat' dir='ltr'><strong>U.</strong></span> <span class='ocrx_word' id='word_1_22' title='bbox 1651 920 1716 975; x_wconf 87' lang='lat' dir='ltr'><strong>C.</strong></span> <span class='ocrx_word' id='word_1_23' title='bbox 1743 935 1889 988; x_wconf 87' lang='lat'><strong>707,</strong></span> <span class='ocrx_word' id='word_1_24' title='bbox 1917 933 2118 974; x_wconf 84' lang='lat' dir='ltr'><strong>mense</strong></span> <span class='ocrx_word' id='word_1_25' title='bbox 2145 915 2514 994; x_wconf 79' lang='lat' dir='ltr'><strong>septembri.)</strong></span> 
     </span>
    </p>
   </div>
   <div class='ocr_carea' id='block_1_5' title="bbox 1166 1081 1965 1149">
    <p class='ocr_par' dir='ltr' id='par_1_5' title="bbox 1166 1081 1965 1149">
     <span class='ocr_line' id='line_1_6' title="bbox 1166 1081 1965 1149; baseline 0 -2"><span class='ocrx_word' id='word_1_26' title='bbox 1166 1081 1487 1149; x_wconf 87' lang='lat' dir='ltr'>CICERO</span> <span class='ocrx_word' id='word_1_27' title='bbox 1528 1082 1853 1147; x_wconf 82' lang='lat' dir='ltr'><strong>A&#39;I&#39;rlco</strong></span> <span class='ocrx_word' id='word_1_28' title='bbox 1899 1083 1965 1147; x_wconf 88' lang='lat' dir='ltr'><strong>S.</strong></span> 
     </span>
    </p>
   </div>
   <div class='ocr_carea' id='block_1_6' title="bbox 594 1220 2626 1304">
    <p class='ocr_par' dir='ltr' id='par_1_6' title="bbox 594 1220 2626 1304">
     <span class='ocr_line' id='line_1_7' title="bbox 594 1220 2626 1304; baseline -0.004 1"><span class='ocrx_word' id='word_1_29' title='bbox 594 1239 811 1304; x_wconf 54' lang='lat' dir='ltr'><strong>MALE</strong></span> <span class='ocrx_word' id='word_1_30' title='bbox 850 1226 1261 1302; x_wconf 82' lang='lat' dir='ltr'>mehercule</span> <span class='ocrx_word' id='word_1_31' title='bbox 1295 1223 1385 1295; x_wconf 89' lang='lat' dir='ltr'><strong>de</strong></span> <span class='ocrx_word' id='word_1_32' title='bbox 1431 1220 1926 1295; x_wconf 81' lang='lat' dir='ltr'><strong>Athamante1.</strong></span> <span class='ocrx_word' id='word_1_33' title='bbox 1977 1228 2178 1295; x_wconf 86' lang='lat' dir='ltr'><strong>Tuus</strong></span> <span class='ocrx_word' id='word_1_34' title='bbox 2216 1239 2456 1296; x_wconf 83' lang='lat' dir='ltr'><strong>autem</strong></span> <span class='ocrx_word' id='word_1_35' title='bbox 2494 1223 2626 1298; x_wconf 88' lang='lat' dir='ltr'><strong>do·-</strong></span> 
     </span>
    </p>
   </div>
   <div class='ocr_carea' id='block_1_7' title="bbox 484 1331 2622 1961">
    <p class='ocr_par' dir='ltr' id='par_1_7' title="bbox 484 1331 2622 1961">
     <span class='ocr_line' id='line_1_8' title="bbox 494 1331 2619 1433; baseline -0.003 -19"><span class='ocrx_word' id='word_1_36' title='bbox 494 1344 609 1415; x_wconf 90' lang='lat' dir='ltr'><strong>lor</strong></span> <span class='ocrx_word' id='word_1_37' title='bbox 642 1342 1007 1412; x_wconf 89' lang='lat' dir='ltr'><strong>humanus</strong></span> <span class='ocrx_word' id='word_1_38' title='bbox 1032 1338 1092 1408; x_wconf 88' lang='lat' dir='ltr'><strong>is</strong></span> <span class='ocrx_word' id='word_1_39' title='bbox 1126 1333 1421 1433; x_wconf 81' lang='lat' dir='ltr'><strong>quidem</strong></span> <span class='ocrx_word' id='word_1_40' title='bbox 1440 1387 1459 1420; x_wconf 92' lang='lat'><strong><em>‚</em></strong></span> <span class='ocrx_word' id='word_1_41' title='bbox 1490 1331 1620 1404; x_wconf 88' lang='lat' dir='ltr'><strong>sed</strong></span> <span class='ocrx_word' id='word_1_42' title='bbox 1646 1356 2084 1431; x_wconf 83' lang='lat' dir='ltr'>magnopere</span> <span class='ocrx_word' id='word_1_43' title='bbox 2111 1334 2619 1407; x_wconf 85' lang='lat' dir='ltr'><strong>moderandus.</strong></span> 
     </span>
     <span class='ocr_line' id='line_1_9' title="bbox 494 1441 2622 1531; baseline -0.004 -5"><span class='ocrx_word' id='word_1_44' title='bbox 494 1451 1089 1526; x_wconf 85' lang='lat' dir='ltr'><strong>Consolationum</strong></span> <span class='ocrx_word' id='word_1_45' title='bbox 1123 1460 1368 1516; x_wconf 85' lang='lat' dir='ltr'><strong>autem</strong></span> <span class='ocrx_word' id='word_1_46' title='bbox 1403 1441 1649 1513; x_wconf 82' lang='lat' dir='ltr'><strong>multae</strong></span> <span class='ocrx_word' id='word_1_47' title='bbox 1679 1444 1847 1531; x_wconf 83' lang='lat' dir='ltr'><strong>viae,</strong></span> <span class='ocrx_word' id='word_1_48' title='bbox 1893 1442 2022 1514; x_wconf 90' lang='lat' dir='ltr'><strong>sed</strong></span> <span class='ocrx_word' id='word_1_49' title='bbox 2054 1444 2173 1516; x_wconf 87' lang='lat' dir='ltr'><strong>illa</strong></span> <span class='ocrx_word' id='word_1_50' title='bbox 2209 1447 2622 1519; x_wconf 87' lang='lat' dir='ltr'><strong>rectissima.</strong></span> 
     </span>
     <span class='ocr_line' id='line_1_10' title="bbox 492 1551 2622 1661; baseline -0.004 -26"><span class='ocrx_word' id='word_1_51' title='bbox 492 1569 843 1661; x_wconf 87' lang='lat' dir='ltr'><strong>Impetret</strong></span> <span class='ocrx_word' id='word_1_52' title='bbox 890 1559 1107 1644; x_wconf 82' lang='lat' dir='ltr'><strong>ratio,</strong></span> <span class='ocrx_word' id='word_1_53' title='bbox 1152 1553 1352 1652; x_wconf 84' lang='lat' dir='ltr'><strong>quo&#39;d</strong></span> <span class='ocrx_word' id='word_1_54' title='bbox 1399 1551 1554 1622; x_wconf 84' lang='lat' dir='ltr'><strong>dies</strong></span> <span class='ocrx_word' id='word_1_55' title='bbox 1596 1553 2070 1650; x_wconf 80' lang='lat' dir='ltr'><strong>impetratura</strong></span> <span class='ocrx_word' id='word_1_56' title='bbox 2115 1570 2244 1628; x_wconf 85' lang='lat' dir='ltr'><strong>est.</strong></span> <span class='ocrx_word' id='word_1_57' title='bbox 2298 1557 2622 1630; x_wconf 83' lang='lat' dir='ltr'><strong>Alexim²</strong></span> 
     </span>
     <span class='ocr_line' id='line_1_11' title="bbox 486 1663 2621 1764; baseline -0.01 -18"><span class='ocrx_word' id='word_1_58' title='bbox 486 1699 662 1746; x_wconf 84' lang='lat' dir='ltr'><strong>vero</strong></span> <span class='ocrx_word' id='word_1_59' title='bbox 697 1692 1035 1743; x_wconf 84' lang='lat' dir='ltr'><strong>curemus</strong></span> <span class='ocrx_word' id='word_1_60' title='bbox 1057 1722 1076 1755; x_wconf 89' lang='lat'>,</span> <span class='ocrx_word' id='word_1_61' title='bbox 1118 1665 1505 1760; x_wconf 84' lang='lat' dir='ltr'><strong>imaginem</strong></span> <span class='ocrx_word' id='word_1_62' title='bbox 1545 1663 1830 1734; x_wconf 80' lang='lat' dir='ltr'><strong>Tironis</strong></span> <span class='ocrx_word' id='word_1_63' title='bbox 1855 1719 1874 1752; x_wconf 89' lang='lat'>,</span> <span class='ocrx_word' id='word_1_64' title='bbox 1911 1689 2134 1762; x_wconf 88' lang='lat' dir='ltr'><strong>quem</strong></span> <span class='ocrx_word' id='word_1_65' title='bbox 2171 1689 2442 1764; x_wconf 83' lang='lat' dir='ltr'><strong>aegrum</strong></span> <span class='ocrx_word' id='word_1_66' title='bbox 2474 1673 2621 1740; x_wconf 81' lang='lat' dir='ltr'><strong>Ro-</strong></span> 
     </span>
     <span class='ocr_line' id='line_1_12' title="bbox 490 1765 2621 1868; baseline -0.005 -17"><span class='ocrx_word' id='word_1_67' title='bbox 490 1805 682 1851; x_wconf 85' lang='lat' dir='ltr'><strong>mam</strong></span> <span class='ocrx_word' id='word_1_68' title='bbox 720 1776 1011 1849; x_wconf 87' lang='lat' dir='ltr'><strong>remisi:</strong></span> <span class='ocrx_word' id='word_1_69' title='bbox 1052 1786 1123 1844; x_wconf 85' lang='lat' dir='ltr'><strong>et</strong></span> <span class='ocrx_word' id='word_1_70' title='bbox 1146 1826 1165 1860; x_wconf 87' lang='lat'>,</span> <span class='ocrx_word' id='word_1_71' title='bbox 1208 1772 1266 1840; x_wconf 90' lang='lat' dir='ltr'><strong>si</strong></span> <span class='ocrx_word' id='word_1_72' title='bbox 1308 1767 1487 1865; x_wconf 88' lang='lat' dir='ltr'><strong>quid</strong></span> <span class='ocrx_word' id='word_1_73' title='bbox 1533 1766 1757 1838; x_wconf 88' lang='lat' dir='ltr'><strong>habet</strong></span> <span class='ocrx_word' id='word_1_74' title='bbox 1797 1765 2042 1839; x_wconf 75' lang='lat' dir='ltr'><strong>collis-‘⁸</strong></span> <span class='ocrx_word' id='word_1_75' title='bbox 2091 1766 2412 1868; x_wconf 74' lang='grc' dir='ltr'>ἐπιδῆμὶον</span> <span class='ocrx_word' id='word_1_76' title='bbox 2429 1777 2485 1862; x_wconf 78' lang='grc'><strong>4,</strong></span> <span class='ocrx_word' id='word_1_77' title='bbox 2529 1773 2621 1845; x_wconf 86' lang='lat' dir='ltr'><strong>ad</strong></span> 
     </span>
     <span class='ocr_line' id='line_1_13' title="bbox 484 1874 2618 1961; baseline -0.01 1"><span class='ocrx_word' id='word_1_78' title='bbox 484 1915 603 1961; x_wconf 89' lang='lat' dir='ltr'><strong>me</strong></span> <span class='ocrx_word' id='word_1_79' title='bbox 652 1911 820 1959; x_wconf 91' lang='lat' dir='ltr'><strong>cum</strong></span> <span class='ocrx_word' id='word_1_80' title='bbox 866 1885 1245 1954; x_wconf 85' lang='lat' dir='ltr'><strong>Tisameno</strong></span> <span class='ocrx_word' id='word_1_81' title='bbox 1273 1875 1303 1922; x_wconf 82' lang='lat'>⁵</span> <span class='ocrx_word' id='word_1_82' title='bbox 1354 1874 1894 1958; x_wconf 79' lang='lat' dir='ltr'><strong>transferamus.</strong></span> <span class='ocrx_word' id='word_1_83' title='bbox 1955 1883 2132 1950; x_wconf 80' lang='lat' dir='ltr'><strong>Tota</strong></span> <span class='ocrx_word' id='word_1_84' title='bbox 2183 1880 2446 1954; x_wconf 87' lang='lat' dir='ltr'><strong>domus</strong></span> <span class='ocrx_word' id='word_1_85' title='bbox 2496 1908 2618 1954; x_wconf 88' lang='lat' dir='ltr'><strong>su-</strong></span> 
     </span>
    </p>
   </div>
   <div class='ocr_carea' id='block_1_8' title="bbox 480 1988 2616 2098">
    <p class='ocr_par' dir='ltr' id='par_1_8' title="bbox 480 1988 2616 2098">
     <span class='ocr_line' id='line_1_14' title="bbox 480 1988 2616 2098; baseline -0.007 -25"><span class='ocrx_word' id='word_1_86' title='bbox 480 2001 725 2098; x_wconf 83' lang='lat' dir='ltr'><strong>perior</strong></span> <span class='ocrx_word' id='word_1_87' title='bbox 767 2008 974 2068; x_wconf 72' lang='lat' dir='ltr'><strong>vacat</strong></span> <span class='ocrx_word' id='word_1_88' title='bbox 995 2046 1015 2081; x_wconf 90' lang='lat'>,</span> <span class='ocrx_word' id='word_1_89' title='bbox 1064 2006 1149 2062; x_wconf 88' lang='lat' dir='ltr'><strong>ut</strong></span> <span class='ocrx_word' id='word_1_90' title='bbox 1191 1990 1346 2061; x_wconf 81' lang='lat' dir='ltr'><strong>sciS.</strong></span> <span class='ocrx_word' id='word_1_91' title='bbox 1395 1992 1554 2058; x_wconf 87' lang='lat' dir='ltr'><strong>Hoc</strong></span> <span class='ocrx_word' id='word_1_92' title='bbox 1593 2002 1777 2084; x_wconf 83' lang='lat' dir='ltr'><strong>puto</strong></span> <span class='ocrx_word' id='word_1_93' title='bbox 1813 1988 2018 2060; x_wconf 86' lang='lat' dir='ltr'><strong>valde</strong></span> <span class='ocrx_word' id='word_1_94' title='bbox 2059 1990 2148 2061; x_wconf 87' lang='lat' dir='ltr'><strong>ad</strong></span> <span class='ocrx_word' id='word_1_95' title='bbox 2194 2016 2346 2062; x_wconf 88' lang='lat' dir='ltr'><strong>rem</strong></span> <span class='ocrx_word' id='word_1_96' title='bbox 2397 1995 2616 2092; x_wconf 84' lang='lat' dir='ltr'><strong>perti-</strong></span> 
     </span>
    </p>
   </div>
   <div class='ocr_carea' id='block_1_9' title="bbox 478 2133 673 2183">
    <p class='ocr_par' dir='ltr' id='par_1_9' title="bbox 478 2133 673 2183">
     <span class='ocr_line' id='line_1_15' title="bbox 478 2133 673 2183; baseline 0 -1"><span class='ocrx_word' id='word_1_97' title='bbox 478 2133 673 2183; x_wconf 66' lang='lat' dir='ltr'><strong>nere·</strong></span> 
     </span>
    </p>
   </div>
   <div class='ocr_carea' id='block_1_10' title="bbox 552 2259 2612 2330">
    <p class='ocr_par' dir='ltr' id='par_1_10' title="bbox 552 2259 2612 2330">
     <span class='ocr_line' id='line_1_16' title="bbox 552 2259 2612 2330; baseline -0.004 -13"><span class='ocrx_word' id='word_1_98' title='bbox 552 2287 574 2317; x_wconf 84' lang='lat'>1</span> <span class='ocrx_word' id='word_1_99' title='bbox 587 2305 599 2316; x_wconf 94' lang='lat'><strong>.</strong></span> <span class='ocrx_word' id='word_1_100' title='bbox 634 2267 955 2316; x_wconf 73' lang='lat' dir='ltr'><strong>Athamante.</strong></span> <span class='ocrx_word' id='word_1_101' title='bbox 994 2263 1145 2310; x_wconf 77' lang='lat' dir='ltr'><strong>Servo</strong></span> <span class='ocrx_word' id='word_1_102' title='bbox 1162 2297 1177 2319; x_wconf 89' lang='lat'><strong>,</strong></span> <span class='ocrx_word' id='word_1_103' title='bbox 1216 2260 1290 2308; x_wconf 82' lang='lat' dir='ltr'><strong>vel</strong></span> <span class='ocrx_word' id='word_1_104' title='bbox 1322 2259 1503 2310; x_wconf 77' lang='lat' dir='ltr'><strong>lihetto</strong></span> <span class='ocrx_word' id='word_1_105' title='bbox 1587 2260 1852 2310; x_wconf 70' lang='lat' dir='ltr'><strong>undecimi.</strong></span> <span class='ocrx_word' id='word_1_106' title='bbox 1887 2263 2012 2312; x_wconf 72' lang='lat' dir='ltr'><strong>Nam</strong></span> <span class='ocrx_word' id='word_1_107' title='bbox 2045 2264 2173 2312; x_wconf 75' lang='lat' dir='ltr'><strong>servi</strong></span> <span class='ocrx_word' id='word_1_108' title='bbox 2205 2263 2427 2330; x_wconf 77' lang='lat' dir='ltr'><strong>plerique</strong></span> <span class='ocrx_word' id='word_1_109' title='bbox 2461 2266 2612 2318; x_wconf 65' lang='lat' dir='ltr'><strong>lube.</strong></span> 
     </span>
    </p>
   </div>
   <div class='ocr_carea' id='block_1_11' title="bbox 476 2338 2613 2489">
    <p class='ocr_par' dir='ltr' id='par_1_11' title="bbox 476 2338 2613 2489">
     <span class='ocr_line' id='line_1_17' title="bbox 476 2338 2613 2412; baseline 0 -13"><span class='ocrx_word' id='word_1_110' title='bbox 476 2362 691 2405; x_wconf 74' lang='lat' dir='ltr'><strong>mormo.</strong></span> <span class='ocrx_word' id='word_1_111' title='bbox 722 2348 883 2399; x_wconf 70' lang='lat' dir='ltr'><strong>Cou-</strong></span> <span class='ocrx_word' id='word_1_112' title='bbox 1585 2338 1706 2389; x_wconf 75' lang='lat' dir='ltr'><strong>bant</strong></span> <span class='ocrx_word' id='word_1_113' title='bbox 1727 2342 1925 2393; x_wconf 78' lang='lat' dir='ltr'><strong>nomina</strong></span> <span class='ocrx_word' id='word_1_114' title='bbox 1949 2360 2115 2409; x_wconf 77' lang='lat' dir='ltr'><strong>regum</strong></span> <span class='ocrx_word' id='word_1_115' title='bbox 2131 2379 2150 2404; x_wconf 84' lang='lat'>‚</span> <span class='ocrx_word' id='word_1_116' title='bbox 2173 2357 2230 2394; x_wconf 85' lang='lat' dir='ltr'><strong>ut</strong></span> <span class='ocrx_word' id='word_1_117' title='bbox 2251 2348 2584 2412; x_wconf 79' lang='lat' dir='ltr'><strong>Agamemnon</strong></span> <span class='ocrx_word' id='word_1_118' title='bbox 2597 2386 2613 2411; x_wconf 90' lang='lat'><strong>,</strong></span> 
     </span>
     <span class='ocr_line' id='line_1_18' title="bbox 546 2420 2612 2489; baseline 0.001 -14"><span class='ocrx_word' id='word_1_119' title='bbox 546 2446 597 2481; x_wconf 60' lang='grc' dir='ltr'><strong>ω,</strong></span> <span class='ocrx_word' id='word_1_120' title='bbox 652 2425 870 2475; x_wconf 66' lang='lat' dir='ltr'><strong>Alexim</strong></span> <span class='ocrx_word' id='word_1_121' title='bbox 919 2426 1267 2487; x_wconf 74' lang='lat' dir='ltr'><strong>AEgrotantem.</strong></span> <span class='ocrx_word' id='word_1_122' title='bbox 1316 2422 1381 2468; x_wconf 88' lang='lat' dir='ltr'><strong>Et</strong></span> <span class='ocrx_word' id='word_1_123' title='bbox 1415 2420 1497 2467; x_wconf 84' lang='lat' dir='ltr'><strong>hio</strong></span> <span class='ocrx_word' id='word_1_124' title='bbox 1584 2420 1863 2469; x_wconf 72' lang='lat' dir='ltr'><strong>Alexander</strong></span> <span class='ocrx_word' id='word_1_125' title='bbox 1882 2457 1896 2482; x_wconf 90' lang='lat'>‚</span> <span class='ocrx_word' id='word_1_126' title='bbox 1937 2422 2116 2489; x_wconf 80' lang='lat' dir='ltr'><strong>Pelope</strong></span> <span class='ocrx_word' id='word_1_127' title='bbox 2147 2438 2161 2473; x_wconf 90' lang='lat'>:</span> <span class='ocrx_word' id='word_1_128' title='bbox 2203 2436 2254 2473; x_wconf 89' lang='lat' dir='ltr'><strong>et</strong></span> <span class='ocrx_word' id='word_1_129' title='bbox 2293 2427 2394 2474; x_wconf 83' lang='lat' dir='ltr'><strong>fere</strong></span> <span class='ocrx_word' id='word_1_130' title='bbox 2440 2441 2612 2478; x_wconf 66' lang='lat' dir='ltr'><strong>omnen</strong></span> 
     </span>
    </p>
   </div>
   <div class='ocr_carea' id='block_1_12' title="bbox 474 2500 2607 2567">
    <p class='ocr_par' dir='ltr' id='par_1_12' title="bbox 474 2500 2607 2567">
     <span class='ocr_line' id='line_1_19' title="bbox 474 2500 2607 2567; baseline -0.007 -8"><span class='ocrx_word' id='word_1_131' title='bbox 474 2509 629 2559; x_wconf 71' lang='lat' dir='ltr'><strong>Attici</strong></span> <span class='ocrx_word' id='word_1_132' title='bbox 645 2520 830 2555; x_wconf 69' lang='lat' dir='ltr'><strong>servus.</strong></span> <span class='ocrx_word' id='word_1_133' title='bbox 850 2502 944 2567; x_wconf 81' lang='lat' dir='ltr'><strong>Ep.</strong></span> <span class='ocrx_word' id='word_1_134' title='bbox 968 2518 997 2549; x_wconf 79' lang='lat' dir='ltr'><strong>a</strong></span> <span class='ocrx_word' id='word_1_135' title='bbox 1016 2536 1030 2561; x_wconf 94' lang='lat'><strong>,</strong></span> <span class='ocrx_word' id='word_1_136' title='bbox 1050 2500 1136 2548; x_wconf 87' lang='lat' dir='ltr'><strong>lib.</strong></span> <span class='ocrx_word' id='word_1_137' title='bbox 1154 2500 1268 2548; x_wconf 78' lang='lat' dir='ltr'><strong>vll.</strong></span> <span class='ocrx_word' id='word_1_138' title='bbox 1292 2500 1437 2547; x_wconf 70' lang='lat' dir='ltr'><strong>Mur.</strong></span> <span class='ocrx_word' id='word_1_139' title='bbox 1583 2512 1738 2562; x_wconf 58' lang='grc' dir='ltr'><strong>μοι</strong></span> <span class='ocrx_word' id='word_1_140' title='bbox 1751 2532 1767 2558; x_wconf 91' lang='grc'><em>,</em></span> <span class='ocrx_word' id='word_1_141' title='bbox 1793 2511 1850 2547; x_wconf 86' lang='lat' dir='ltr'><strong>ut</strong></span> <span class='ocrx_word' id='word_1_142' title='bbox 1875 2500 1960 2549; x_wconf 73' lang='lat' dir='ltr'><strong>ina</strong></span> <span class='ocrx_word' id='word_1_143' title='bbox 1985 2502 2236 2553; x_wconf 67' lang='lat' dir='ltr'><strong>notissima</strong></span> <span class='ocrx_word' id='word_1_144' title='bbox 2254 2504 2308 2553; x_wconf 77' lang='lat' dir='ltr'><strong>in</strong></span> <span class='ocrx_word' id='word_1_145' title='bbox 2327 2507 2607 2567; x_wconf 49' lang='lat' dir='ltr'><strong>oon-mdia,</strong></span> 
     </span>
    </p>
   </div>
   <div class='ocr_carea' id='block_1_13' title="bbox 468 2577 2609 2730">
    <p class='ocr_par' dir='ltr' id='par_1_13' title="bbox 468 2577 2609 2730">
     <span class='ocr_line' id='line_1_20' title="bbox 545 2577 2605 2645; baseline 0.001 -10"><span class='ocrx_word' id='word_1_146' title='bbox 545 2590 593 2637; x_wconf 78' lang='lat'><strong>3.</strong></span> <span class='ocrx_word' id='word_1_147' title='bbox 622 2584 787 2635; x_wconf 67' lang='lat' dir='ltr'><strong>collis.</strong></span> <span class='ocrx_word' id='word_1_148' title='bbox 814 2580 969 2633; x_wconf 63' lang='lat' dir='ltr'><strong>eom,</strong></span> <span class='ocrx_word' id='word_1_149' title='bbox 994 2580 1281 2643; x_wconf 68' lang='lat' dir='ltr'><strong>Quirinalis,</strong></span> <span class='ocrx_word' id='word_1_150' title='bbox 1313 2578 1365 2627; x_wconf 75' lang='lat' dir='ltr'><strong>ln</strong></span> <span class='ocrx_word' id='word_1_151' title='bbox 1390 2592 1493 2643; x_wconf 81' lang='lat' dir='ltr'><strong>quo</strong></span> <span class='ocrx_word' id='word_1_152' title='bbox 1583 2577 2098 2639; x_wconf 68' lang='lat' dir='ltr'><strong>swohilu,Anthrax</strong></span> <span class='ocrx_word' id='word_1_153' title='bbox 2116 2616 2132 2641; x_wconf 85' lang='lat'><strong>,</strong></span> <span class='ocrx_word' id='word_1_154' title='bbox 2155 2584 2347 2645; x_wconf 68' lang='lat' dir='ltr'><strong>Davus,</strong></span> <span class='ocrx_word' id='word_1_155' title='bbox 2365 2596 2462 2637; x_wconf 79' lang='lat' dir='ltr'><strong>ete.</strong></span> <span class='ocrx_word' id='word_1_156' title='bbox 2485 2588 2605 2637; x_wconf 74' lang='lat' dir='ltr'><strong>Por.</strong></span> 
     </span>
     <span class='ocr_line' id='line_1_21' title="bbox 468 2658 2609 2730; baseline 0 -15"><span class='ocrx_word' id='word_1_157' title='bbox 468 2682 553 2721; x_wconf 70' lang='lat' dir='ltr'><strong>tun</strong></span> <span class='ocrx_word' id='word_1_158' title='bbox 574 2666 753 2719; x_wconf 70' lang='lat' dir='ltr'><strong>domun</strong></span> <span class='ocrx_word' id='word_1_159' title='bbox 767 2672 859 2713; x_wconf 79' lang='lat' dir='ltr'><strong>eet.</strong></span> <span class='ocrx_word' id='word_1_160' title='bbox 886 2663 1039 2711; x_wconf 68' lang='lat' dir='ltr'><strong>hm.</strong></span> <span class='ocrx_word' id='word_1_161' title='bbox 1579 2684 1650 2694; x_wconf 90' lang='grc'>-</span> <span class='ocrx_word' id='word_1_162' title='bbox 1675 2658 1924 2707; x_wconf 73' lang='lat' dir='ltr'><strong>Manutius</strong></span> <span class='ocrx_word' id='word_1_163' title='bbox 1951 2660 2150 2721; x_wconf 86' lang='lat' dir='ltr'><strong>conjicit</strong></span> <span class='ocrx_word' id='word_1_164' title='bbox 2173 2662 2502 2729; x_wconf 70' lang='lat' dir='ltr'><strong>Thallumeto,</strong></span> <span class='ocrx_word' id='word_1_165' title='bbox 2520 2666 2609 2730; x_wconf 78' lang='lat' dir='ltr'><strong>qui</strong></span> 
     </span>
    </p>
   </div>
   <div class='ocr_carea' id='block_1_14' title="bbox 535 2735 2606 2883">
    <p class='ocr_par' dir='ltr' id='par_1_14' title="bbox 535 2735 2606 2883">
     <span class='ocr_line' id='line_1_22' title="bbox 540 2735 2604 2810; baseline -0.008 -13"><span class='ocrx_word' id='word_1_166' title='bbox 540 2756 589 2804; x_wconf 72' lang='grc'><strong>4.</strong></span> <span class='ocrx_word' id='word_1_167' title='bbox 615 2735 903 2809; x_wconf 66' lang='grc' dir='ltr'><strong>Επιδήμιον.</strong></span> <span class='ocrx_word' id='word_1_168' title='bbox 926 2736 1291 2801; x_wconf 72' lang='lat' dir='ltr'><strong>contagiosum.</strong></span> <span class='ocrx_word' id='word_1_169' title='bbox 1576 2747 1634 2787; x_wconf 53' lang='lat' dir='ltr'><strong>et*</strong></span> <span class='ocrx_word' id='word_1_170' title='bbox 1653 2739 1758 2802; x_wconf 71' lang='lat' dir='ltr'><strong>ipse</strong></span> <span class='ocrx_word' id='word_1_171' title='bbox 1784 2750 1888 2787; x_wconf 78' lang='lat' dir='ltr'><strong>erat</strong></span> <span class='ocrx_word' id='word_1_172' title='bbox 1910 2737 2070 2789; x_wconf 75' lang='lat' dir='ltr'><strong>Attici</strong></span> <span class='ocrx_word' id='word_1_173' title='bbox 2091 2756 2280 2803; x_wconf 72' lang='lat' dir='ltr'><strong>servus,</strong></span> <span class='ocrx_word' id='word_1_174' title='bbox 2321 2760 2384 2792; x_wconf 67' lang='grc' dir='ltr'><strong>α</strong></span> <span class='ocrx_word' id='word_1_175' title='bbox 2408 2746 2604 2810; x_wconf 46' lang='grc' dir='ltr'><strong>φῶσὶ,</strong></span> 
     </span>
     <span class='ocr_line' id='line_1_23' title="bbox 535 2816 2606 2883; baseline -0.002 -10"><span class='ocrx_word' id='word_1_176' title='bbox 535 2826 589 2875; x_wconf 81' lang='lat'><strong>5.</strong></span> <span class='ocrx_word' id='word_1_177' title='bbox 648 2823 923 2871; x_wconf 76' lang='lat' dir='ltr'><strong>Tisameno.</strong></span> <span class='ocrx_word' id='word_1_178' title='bbox 974 2820 1255 2869; x_wconf 55' lang='lat' dir='ltr'><strong>Tisamenus</strong></span> <span class='ocrx_word' id='word_1_179' title='bbox 1306 2830 1485 2866; x_wconf 80' lang='lat' dir='ltr'><strong>nomen</strong></span> <span class='ocrx_word' id='word_1_180' title='bbox 1573 2816 1640 2863; x_wconf 74' lang='lat' dir='ltr'><strong>ed</strong></span> <span class='ocrx_word' id='word_1_181' title='bbox 1675 2818 1828 2867; x_wconf 77' lang='lat' dir='ltr'><strong>Attio.</strong></span> <span class='ocrx_word' id='word_1_182' title='bbox 1863 2820 1930 2877; x_wconf 76' lang='lat' dir='ltr'><strong>V,</strong></span> <span class='ocrx_word' id='word_1_183' title='bbox 1975 2834 2054 2868; x_wconf 71' lang='grc' dir='ltr'><strong>τι.</strong></span> <span class='ocrx_word' id='word_1_184' title='bbox 2095 2820 2226 2871; x_wconf 69' lang='lat' dir='ltr'><strong>Male</strong></span> <span class='ocrx_word' id='word_1_185' title='bbox 2265 2822 2410 2883; x_wconf 77' lang='lat' dir='ltr'><strong>olim,</strong></span> <span class='ocrx_word' id='word_1_186' title='bbox 2459 2836 2606 2875; x_wconf 67' lang='lat' dir='ltr'><strong>mm-</strong></span> 
     </span>
    </p>
   </div>
   <div class='ocr_carea' id='block_1_15' title="bbox 461 2894 1994 2966">
    <p class='ocr_par' dir='ltr' id='par_1_15' title="bbox 461 2894 1994 2966">
     <span class='ocr_line' id='line_1_24' title="bbox 461 2894 1994 2966; baseline -0.005 -12"><span class='ocrx_word' id='word_1_187' title='bbox 461 2904 589 2954; x_wconf 82' lang='lat' dir='ltr'><strong>eervi</strong></span> <span class='ocrx_word' id='word_1_188' title='bbox 604 2902 783 2961; x_wconf 77' lang='lat' dir='ltr'><strong>Attici,</strong></span> <span class='ocrx_word' id='word_1_189' title='bbox 802 2910 851 2957; x_wconf 75' lang='lat' dir='ltr'><strong>et</strong></span> <span class='ocrx_word' id='word_1_190' title='bbox 868 2898 994 2963; x_wconf 74' lang='lat' dir='ltr'><strong>regie</strong></span> <span class='ocrx_word' id='word_1_191' title='bbox 1004 2894 1487 2966; x_wconf 69' lang='lat' dir='ltr'><strong>Lacedaemoniorum</strong></span> <span class='ocrx_word' id='word_1_192' title='bbox 1572 2906 1756 2946; x_wconf 77' lang='lat' dir='ltr'><strong>mento.</strong></span> <span class='ocrx_word' id='word_1_193' title='bbox 1780 2897 1816 2945; x_wconf 83' lang='lat' dir='ltr'><strong>J</strong></span> <span class='ocrx_word' id='word_1_194' title='bbox 1817 2931 1830 2943; x_wconf 94' lang='lat'><strong>.</strong></span> <span class='ocrx_word' id='word_1_195' title='bbox 1847 2899 1909 2946; x_wconf 82' lang='lat' dir='ltr'><strong>V.</strong></span> <span class='ocrx_word' id='word_1_196' title='bbox 1941 2899 1994 2947; x_wconf 80' lang='lat'><strong>1..</strong></span> 
     </span>
    </p>
   </div>
   <div class='ocr_carea' id='block_1_16' title="bbox 464 3053 2593 3085">
    <p class='ocr_par' dir='ltr' id='par_1_16' title="bbox 464 3053 2593 3085">
     <span class='ocr_line' id='line_1_25' title="bbox 464 3053 2593 3085; baseline 0.003 -9"><span class='ocrx_word' id='word_1_197' title='bbox 464 3054 1382 3085; x_wconf 57' lang='lat' dir='ltr'><strong>mmmm-mmmm</strong></span> <span class='ocrx_word' id='word_1_198' title='bbox 1392 3053 2593 3083; x_wconf 60' lang='lat' dir='ltr'><strong>mmmmmmmmmm</strong></span> 
     </span>
    </p>
   </div>
   <div class='ocr_carea' id='block_1_17' title="bbox 1115 3210 1928 3292">
    <p class='ocr_par' dir='ltr' id='par_1_17' title="bbox 1115 3210 1928 3292">
     <span class='ocr_line' id='line_1_26' title="bbox 1115 3210 1928 3292; baseline 0.001 -1"><span class='ocrx_word' id='word_1_199' title='bbox 1115 3210 1723 3291; x_wconf 86' lang='lat' dir='ltr'><strong>EPISTOLA</strong></span> <span class='ocrx_word' id='word_1_200' title='bbox 1783 3214 1928 3292; x_wconf 93' lang='lat' dir='ltr'><strong>XI.</strong></span> 
     </span>
    </p>
   </div>
   <div class='ocr_carea' id='block_1_18' title="bbox 459 3370 2592 3842">
    <p class='ocr_par' dir='ltr' id='par_1_18' title="bbox 459 3370 2592 3746">
     <span class='ocr_line' id='line_1_27' title="bbox 459 3370 2588 3463; baseline 0.001 -21"><span class='ocrx_word' id='word_1_201' title='bbox 459 3382 575 3443; x_wconf 85' lang='lat' dir='ltr'><strong>Seii</strong></span> <span class='ocrx_word' id='word_1_202' title='bbox 609 3392 857 3439; x_wconf 85' lang='lat' dir='ltr'><strong>mortem</strong></span> <span class='ocrx_word' id='word_1_203' title='bbox 903 3372 1212 3434; x_wconf 82' lang='lat' dir='ltr'><strong>dolendam</strong></span> <span class='ocrx_word' id='word_1_204' title='bbox 1231 3413 1250 3444; x_wconf 90' lang='lat'>,</span> <span class='ocrx_word' id='word_1_205' title='bbox 1288 3370 1389 3431; x_wconf 86' lang='lat' dir='ltr'><strong>sed</strong></span> <span class='ocrx_word' id='word_1_206' title='bbox 1432 3372 1762 3433; x_wconf 76' lang='lat' dir='ltr'><strong>humaniter</strong></span> <span class='ocrx_word' id='word_1_207' title='bbox 1807 3376 2125 3437; x_wconf 81' lang='lat' dir='ltr'><strong>ferendam.</strong></span> <span class='ocrx_word' id='word_1_208' title='bbox 2169 3378 2322 3457; x_wconf 87' lang='lat' dir='ltr'><strong>Quid</strong></span> <span class='ocrx_word' id='word_1_209' title='bbox 2367 3397 2499 3463; x_wconf 86' lang='lat' dir='ltr'><strong>agat</strong></span> <span class='ocrx_word' id='word_1_210' title='bbox 2528 3385 2588 3443; x_wconf 87' lang='lat' dir='ltr'><strong>in</strong></span> 
     </span>
     <span class='ocr_line' id='line_1_28' title="bbox 538 3468 2592 3559; baseline 0.003 -24"><span class='ocrx_word' id='word_1_211' title='bbox 538 3489 741 3538; x_wconf 84' lang='lat' dir='ltr'><strong>senatu</strong></span> <span class='ocrx_word' id='word_1_212' title='bbox 764 3472 878 3533; x_wconf 85' lang='lat' dir='ltr'><strong>sibi</strong></span> <span class='ocrx_word' id='word_1_213' title='bbox 908 3468 1289 3549; x_wconf 70' lang='lat' dir='ltr'><strong>quaerendum</strong></span> <span class='ocrx_word' id='word_1_214' title='bbox 1316 3485 1455 3527; x_wconf 71' lang='lat' dir='ltr'><strong>eene.</strong></span> <span class='ocrx_word' id='word_1_215' title='bbox 1502 3469 1773 3547; x_wconf 84' lang='lat' dir='ltr'><strong>Denique</strong></span> <span class='ocrx_word' id='word_1_216' title='bbox 1799 3470 1946 3531; x_wconf 86' lang='lat' dir='ltr'><strong>nihil</strong></span> <span class='ocrx_word' id='word_1_217' title='bbox 1972 3492 2034 3533; x_wconf 80' lang='lat' dir='ltr'><strong>se</strong></span> <span class='ocrx_word' id='word_1_218' title='bbox 2059 3473 2134 3535; x_wconf 82' lang='lat' dir='ltr'><strong>de</strong></span> <span class='ocrx_word' id='word_1_219' title='bbox 2161 3480 2423 3559; x_wconf 84' lang='lat' dir='ltr'><strong>Pompeii</strong></span> <span class='ocrx_word' id='word_1_220' title='bbox 2450 3481 2592 3552; x_wconf 72' lang='lat' dir='ltr'><strong>filia,</strong></span> 
     </span>
     <span class='ocr_line' id='line_1_29' title="bbox 533 3565 2589 3655; baseline 0.002 -21"><span class='ocrx_word' id='word_1_221' title='bbox 533 3576 759 3653; x_wconf 84' lang='lat' dir='ltr'><strong>aliaque</strong></span> <span class='ocrx_word' id='word_1_222' title='bbox 798 3569 1133 3631; x_wconf 84' lang='lat' dir='ltr'><strong>conditione</strong></span> <span class='ocrx_word' id='word_1_223' title='bbox 1166 3567 1371 3625; x_wconf 89' lang='lat' dir='ltr'><strong>uxoria</strong></span> <span class='ocrx_word' id='word_1_224' title='bbox 1406 3565 1517 3624; x_wconf 88' lang='lat' dir='ltr'><strong>sibi</strong></span> <span class='ocrx_word' id='word_1_225' title='bbox 1557 3566 1752 3625; x_wconf 84' lang='lat' dir='ltr'><strong>oblata</strong></span> <span class='ocrx_word' id='word_1_226' title='bbox 1796 3569 2053 3645; x_wconf 84' lang='lat' dir='ltr'><strong>cogitare</strong></span> <span class='ocrx_word' id='word_1_227' title='bbox 2087 3573 2306 3634; x_wconf 87' lang='lat' dir='ltr'><strong>scribit.</strong></span> <span class='ocrx_word' id='word_1_228' title='bbox 2379 3578 2589 3655; x_wconf 74' lang='lat' dir='ltr'><strong>(Anno</strong></span> 
     </span>
     <span class='ocr_line' id='line_1_30' title="bbox 532 3665 905 3746; baseline -0.013 -15"><span class='ocrx_word' id='word_1_229' title='bbox 532 3676 605 3731; x_wconf 88' lang='lat' dir='ltr'><strong>U.</strong></span> <span class='ocrx_word' id='word_1_230' title='bbox 638 3673 703 3728; x_wconf 92' lang='lat' dir='ltr'><strong>C.</strong></span> <span class='ocrx_word' id='word_1_231' title='bbox 730 3665 905 3746; x_wconf 89' lang='lat'><strong>707.)</strong></span> 
     </span>
    </p>

    <p class='ocr_par' dir='ltr' id='par_1_19' title="bbox 1136 3777 1919 3842">
     <span class='ocr_line' id='line_1_31' title="bbox 1136 3777 1919 3842; baseline 0.004 -3"><span class='ocrx_word' id='word_1_232' title='bbox 1136 3778 1444 3841; x_wconf 91' lang='lat' dir='ltr'>CICERO</span> <span class='ocrx_word' id='word_1_233' title='bbox 1490 3777 1810 3842; x_wconf 82' lang='lat' dir='ltr'>A&#39;ITICO</span> <span class='ocrx_word' id='word_1_234' title='bbox 1856 3780 1919 3842; x_wconf 93' lang='lat' dir='ltr'><strong>S.</strong></span> 
     </span>
    </p>
   </div>
   <div class='ocr_carea' id='block_1_19' title="bbox 456 3918 2584 4133">
    <p class='ocr_par' dir='ltr' id='par_1_20' title="bbox 456 3918 2584 4133">
     <span class='ocr_line' id='line_1_32' title="bbox 553 3918 2582 4004; baseline 0.001 -4"><span class='ocrx_word' id='word_1_235' title='bbox 553 3934 762 4001; x_wconf 77' lang='lat' dir='ltr'><strong>MALE</strong></span> <span class='ocrx_word' id='word_1_236' title='bbox 801 3918 893 3997; x_wconf 75' lang='lat' dir='ltr'><strong>de</strong></span> <span class='ocrx_word' id='word_1_237' title='bbox 934 3924 1118 3996; x_wconf 92' lang='lat' dir='ltr'><strong>Seio.</strong></span> <span class='ocrx_word' id='word_1_238' title='bbox 1163 3921 1303 3994; x_wconf 88' lang='lat' dir='ltr'><strong>Sed</strong></span> <span class='ocrx_word' id='word_1_239' title='bbox 1348 3924 1592 3993; x_wconf 85' lang='lat' dir='ltr'><strong>omnia</strong></span> <span class='ocrx_word' id='word_1_240' title='bbox 1638 3922 1959 3995; x_wconf 88' lang='lat' dir='ltr'><strong>humana</strong></span> <span class='ocrx_word' id='word_1_241' title='bbox 2010 3926 2408 4002; x_wconf 82' lang='lat' dir='ltr'><strong>tolerabilia</strong></span> <span class='ocrx_word' id='word_1_242' title='bbox 2447 3931 2582 4004; x_wconf 88' lang='lat' dir='ltr'><strong>du-</strong></span> 
     </span>
     <span class='ocr_line' id='line_1_33' title="bbox 456 4033 2584 4133; baseline 0 -21"><span class='ocrx_word' id='word_1_243' title='bbox 456 4038 704 4113; x_wconf 87' lang='lat' dir='ltr'><strong>cenda.</strong></span> <span class='ocrx_word' id='word_1_244' title='bbox 735 4036 885 4133; x_wconf 86' lang='lat' dir='ltr'><strong>Ipsi</strong></span> <span class='ocrx_word' id='word_1_245' title='bbox 911 4034 1106 4105; x_wconf 88' lang='lat' dir='ltr'><strong>enim</strong></span> <span class='ocrx_word' id='word_1_246' title='bbox 1144 4033 1323 4129; x_wconf 91' lang='lat' dir='ltr'><strong>quid</strong></span> <span class='ocrx_word' id='word_1_247' title='bbox 1360 4033 1653 4104; x_wconf 78' lang='lat' dir='ltr'><strong>sumus?</strong></span> <span class='ocrx_word' id='word_1_248' title='bbox 1687 4048 1809 4104; x_wconf 86' lang='lat' dir='ltr'><strong>aut</strong></span> <span class='ocrx_word' id='word_1_249' title='bbox 1843 4059 2062 4131; x_wconf 87' lang='lat' dir='ltr'><strong>quam</strong></span> <span class='ocrx_word' id='word_1_250' title='bbox 2095 4034 2222 4108; x_wconf 86' lang='lat' dir='ltr'><strong>diu</strong></span> <span class='ocrx_word' id='word_1_251' title='bbox 2257 4038 2412 4111; x_wconf 83' lang='lat' dir='ltr'><strong>haec</strong></span> <span class='ocrx_word' id='word_1_252' title='bbox 2451 4067 2584 4113; x_wconf 85' lang='lat' dir='ltr'><strong>cu-</strong></span> 
     </span>
    </p>
   </div>
  </div>
 </body>
</html>
