3019 4681
530 334 622 431 73
1163 336 1266 403 M.
1317 336 1396 405 T.
1448 334 2015 409 CICERONIS

523 455 745 527 filius⁷
775 452 971 553 apud
1002 457 1349 525 Caesarem
1385 468 1515 526 est.
1551 454 1771 548 Quod
1805 471 2045 528 autem
2088 462 2293 556 quasi
2309 463 2539 533 vereri
2564 465 2663 534 vi·

523 566 748 651 deris,
789 590 882 637 ne
907 564 1086 635 mihi
1118 580 1241 636 tua
1267 566 1565 637 consilia
1595 567 2067 665 displiceant3
2106 594 2223 641 me
2261 595 2435 643 vero
2477 574 2661 646 nihil

522 675 830 749 delectat
877 675 1111 762 aliud,
1167 676 1310 747 nisi
1367 677 1751 779 consilium
1798 693 1871 749 et
1920 678 2143 751 literae
2196 694 2358 751 tuae.
2414 685 2658 776 Quare
2736 766 2741 771 ,

515 786 630 860 fac
655 842 675 876 ,
726 790 813 858 ut
855 784 1216 871 ostendis»,
1252 810 1344 857 ne
1379 782 1741 859 destiteris
1785 787 1879 859 ad
1918 813 2071 877 me,
2132 789 2491 891 quidquid
2526 792 2659 865 tibi

516 904 596 970 in
643 911 966 993 mentem
1025 898 1346 985 venerit,
1401 894 1738 971 scribere.
1782 898 1963 970 Mihi
2002 897 2186 971 nihil
2223 915 2465 1000 potest
2500 924 2657 977 esse

516 1009 814 1107 gratius,

613 1119 850 1188 Venio
874 1113 964 1186 ad
994 1114 1293 1188 alteram
1330 1140 1531 1187 nunc
1552 1117 1952 1216 epistolam.
1994 1122 2215 1193 Recte
2242 1147 2395 1193 non
2425 1125 2657 1197 credis

517 1228 611 1298 de
655 1250 964 1297 numero
1001 1226 1334 1295 militum.
1386 1230 1555 1324 Ipso
1599 1224 1900 1297 dimidio
1946 1228 2113 1325 plus
2160 1232 2443 1329 scripsit
2483 1233 2658 1304 Clo-

517 1335 638 1407 dia
653 1334 709 1406 ⁸.
731 1336 1029 1407 ‘Falsum
1061 1338 1276 1408 etiam
1305 1334 1398 1407 de
1421 1339 1785 1434 corruptis
1815 1337 2123 1412 navibus
2137 1350 2189 1411 9.
2224 1342 2443 1435 Quod
2478 1366 2655 1417 con-

517 1448 710 1520 sules
747 1446 1038 1535 laudas;
1076 1468 1213 1544 ego
1257 1470 1559 1545 quoque
1596 1448 1922 1519 animum
1959 1448 2217 1540 laudo,
2258 1451 2386 1523 sed
2416 1454 2657 1525 oonsi-

513 1556 694 1628 lium
731 1556 1216 1656 reprehendo.
1259 1558 1690 1654 Dispersu¹⁰
1722 1560 1921 1629 enim
1963 1559 2257 1633 illorum
2277 1614 2297 1649 ‚
2342 1564 2530 1635 actio
2565 1563 2657 1639 de

511 1690 690 1769 pace
717 1666 1000 1739 sublata
1025 1681 1170 1754 est3
1197 1692 1418 1766 quam
1435 1669 1735 1767 quidem
1768 1695 1905 1768 ego
1939 1670 2353 1743 meditabar.
2401 1678 2657 1771 Itaque

509 1794 762 1877 postea
806 1779 1158 1850 Demetrii
1199 1777 1467 1849 librum
1519 1778 1613 1851 de
1658 1779 2049 1852 concordia
2085 1780 2217 1853 tibi
2262 1785 2538 1871 remisi,
2581 1800 2656 1857 et

505 1890 900 1961 Philotimo
959 1888 1151 1960 dedi.
1225 1891 1378 1961 Nec
1425 1913 1600 1961 vero
1658 1887 1921 1961 dubito
1943 1944 1963 1977 ‚
2022 1894 2203 1988 quin
2266 1894 2655 1965 exitiosum

505 1998 1270 2099 bellum-impendeat,
1306 1999 1517 2095 cujus
1560 2000 1853 2071 initium
1896 1999 2205 2072 ducetur
2230 2026 2273 2072 a
2308 2001 2523 2075 fame.
2563 2008 2655 2075 Et

504 2122 698 2185 me¹1
745 2127 992 2184 tamen
1035 2110 1250 2182 doleo
1297 2134 1452 2182 non
1502 2112 1851 2185 interesse
1890 2110 2068 2182 huic
2110 2110 2349 2201 beuo;
2386 2116 2461 2183 in
2500 2138 2653 2210 quo

507 2238 707 2295 tanta
737 2226 846 2292 vis
883 2220 1168 2292 sceleris
1199 2217 1448 2291 futura
1485 2236 1624 2310 est,
1668 2236 1791 2311 ut,
1844 2246 2077 2320 quum
2119 2238 2456 2320 parentes
2497 2248 2653 2297 non

505 2340 698 2412 alere
735 2334 1093 2410 nefarium
1122 2326 1244 2424 sit,
1288 2340 1519 2408 nostri
1556 2338 1923 2438 principes
1966 2339 2537 2436 antiquissimam
2576 2354 2652 2414 et

503 2449 1024 2522 sanctissimam
1051 2461 1430 2544 parentem
1450 2502 1469 2537 ‚
1501 2451 1805 2546 patriam
1824 2503 1845 2538 ‚
1874 2446 2063 2521 fame
2089 2448 2487 2522 necandam
2515 2474 2650 2548 pu·

417 2555 426 2567 ’
501 2575 682 2633 tent.
718 2563 960 2656 Atque
988 2557 1132 2628 hoc
1169 2583 1322 2631 non
1361 2562 1710 2658 ‘opinione
1736 2564 1994 2651 timeo,
2029 2561 2159 2633 sed
2182 2561 2479 2635 interfui
2506 2587 2644 2636 ser·

498 2805 738 2856 habuerat
755 2800 982 2853 Corinthi
1006 2801 1302 2867 Dionysius,
1319 2804 1531 2867 Syracu·

501 2887 571 2936 ai·
596 2885 793 2950 palona,
815 2893 866 2930 et
899 2882 1028 2945 regia
1053 2893 1229 2930 exutus
1265 2891 1527 2946 potestate.

383 2986 392 2994 ·
499 2966 657 3030 Atqui
675 2965 772 3012 hoc
798 2960 1151 3010 Lacedaemonii
1166 2977 1318 3025 quum
1350 2961 1531 3010 aeribe-

500 3057 610 3095 rent
625 3079 642 3104 ,
677 3059 780 3092 non
815 3039 1115 3089 insultabant
1152 3037 1490 3104 ludimagistro
1509 3072 1525 3093 ‚

497 3125 564 3175 oli
569 3141 616 3174 m
632 3123 736 3187 regi
753 3137 766 3172 ε
781 3117 870 3170 sed
882 3119 1162 3184 Philippum
1181 3117 1529 3177 admonebant,

497 3223 560 3254 ne
598 3201 826 3252 secundia
869 3198 1015 3248 rebus
1051 3198 1398 3256 insolescet-eu
1425 3213 1530 3245 ease

495 3285 628 3336 enim
643 3285 890 3332 fortunam
907 3277 1188 3328 mutabilem
1199 3313 1213 3335 ,
1235 3292 1346 3341 qne
1361 3287 1531 3340 posset

495 3367 657 3431 ipsum
691 3375 916 3426 quoque,
966 3357 1042 3406 uti
1091 3355 1389 3418 Dionysium
1409 3390 1424 3411 ,
1465 3355 1528 3404 de

495 3442 652 3508 gradu
669 3439 890 3502 dejicere.
911 3437 1009 3497 Hui
1017 3452 1071 3484 us
1085 3450 1202 3499 ergo
1221 3433 1318 3482 loci
1335 3445 1531 3482 senten-

495 3525 562 3573 tia
589 3521 696 3568 luee
723 3531 794 3567 ent
811 3533 825 3567 ε
843 3517 933 3566 Ais
956 3512 1157 3580 probari
1183 3512 1529 3578 optimatibus,

493 3601 583 3668 qui
598 3601 768 3647 Romae
781 3606 894 3644 aunt
910 3628 926 3654 ,
953 3591 1216 3654 consilium
1233 3592 1458 3640 manendi
1475 3593 1529 3640 in

494 3677 633 3729 Italia
650 3691 810 3726 meum
825 3691 840 3734 3
868 3689 1042 3739 nempe
1060 3672 1291 3737 quoniam
1308 3669 1528 3736 prepol-

490 3761 562 3809 let
587 3773 722 3806 nnnc
745 3755 904 3804 Caesar
918 3768 931 3802 :
945 3765 996 3801 at
1013 3768 1118 3800 non
1138 3751 1334 3814 ignoras
1351 3751 1528 3799 mutari

491 3841 736 3888 fortunam
759 3849 904 3898 posse
920 3848 932 3883 :
949 3831 991 3880 si
1011 3849 1063 3880 se
1089 3829 1359 3879 reddiderit
1379 3831 1528 3878 Pom-

491 3919 629 3986 peio,
659 3913 808 3963 ethic
834 3911 1184 3975 rempublicam
1211 3909 1521 3973 temperarit,

491 3996 612 4064 qnid
642 4009 833 4043 mecum
854 3990 940 4040 fiet
953 3993 976 4038 ξ’
994 3991 1122 4038 vide
1142 4005 1288 4054 supra
1305 3991 1454 4050 vm,
1468 3989 1522 4047 3,

489 4079 614 4126 infra
639 4077 682 4122 X
703 4109 719 4135 ,
744 4074 773 4121 8
787 4071 995 4137 ,quibus
1011 4070 1066 4118 in
1081 4067 1205 4118 locis
1224 4067 1330 4117 hoee
1350 4065 1518 4115 eadem

1616 2813 1797 2852 umet.
1822 2804 2365 2870 omma—Optimam
2390 2805 2652 2872 Mongaltii

1616 2881 2067 2948 interpretationem
2074 2883 2281 2940 scitata.
2298 2886 2579 2936 transcribit
2596 2887 2650 2938 in

1616 2961 1779 3010 iudice
1819 2977 1909 3010 ωο
1951 2977 2111 3026 graeco
2152 2963 2307 3014 latino
2325 2998 2341 3025 ,
2392 2975 2519 3016 tom.
2558 2969 2651 3028 lv,

1618 3039 1820 3104 Limia,
1851 3041 1981 3090 1821
2007 3055 2021 3090 :
2047 3043 2183 3108 quod
2202 3045 2411 3092 reserens
2438 3047 2565 3094 J.v.
2592 3045 2649 3094 1..

1617 3129 1787 3168 monet
1810 3135 1914 3167 non
1931 3134 2123 3186 ·emper-
2138 3121 2199 3169 ab
2224 3125 2405 3170 meris
2420 3123 2649 3187 gallim-nn

1616 3197 1929 3262 interpretem
1940 3233 1955 3258 ,
1981 3201 2121 3260 cnjus
2138 3201 2271 3248 notia
2292 3202 2371 3250 nei
2390 3213 2505 3249 sunt
2524 3241 2540 3265 ,
2565 3219 2649 3250 no-

1614 3279 1852 3330 minatum
1877 3278 2043 3328 fuisse.
2066 3281 2163 3328 En.

1690 3371 1738 3417 7.
1770 3355 2111 3426 Titine‘ifilt’us.
2145 3357 2340 3422 Equiu'a
2368 3359 2559 3408 tomani
2594 3371 2646 3409 et

1616 3433 1939 3486 foeneratoris.
1970 3437 2065 3484 En.

1690 3515 1739 3562 8.
1778 3513 1971 3564 Clodia.
2002 3517 2181 3564 Socru-
2199 3515 2257 3564 L.
2286 3515 2498 3565 Metelli..
2516 3516 2645 3565 vide
2738 3563 2743 3573 ,

1616 3594 1760 3657 epist.
1793 3595 1827 3642 6
1868 3593 2017 3656 hujus
2042 3593 2170 3643 libri.
2210 3585 2336 3645 euin
2360 3609 2467 3642 xxx
2492 3595 2646 3644 milli·

1612 3669 1708 3720 bus
1739 3672 1951 3721 militum
1988 3666 2213 3722 transisse
2256 3672 2524 3723 scribebat.
2550 3677 2643 3724 En.

1686 3767 1737 3814 9.
1783 3754 1855 3800 De
1876 3752 2113 3818 corruptis
2148 3753 2364 3803 navibus.
2401 3754 2647 3812 Prouisis,

1613 3841 1700 3878 aut
1723 3829 1950 3879 incensis.
1977 3831 2107 3879 vide
2140 3831 2299 3882 eamd.
2330 3847 2411 3896 ep.
2432 3833 2483 3881 6.
2512 3833 2605 3882 En.

1692 3923 1770 3957 10.
1790 3910 2026 3958 Discessu.
2050 3909 2273 3975 Plerique
2289 3911 2389 3970 nui,
2402 3911 2638 3976 dispersu.

1688 4003 1710 4034 ι
1724 4002 1767 4056 1..
1795 3989 1864 4036 Ee
1887 4004 1965 4036 me
1988 4001 2151 4036 tamen
2178 3989 2323 4038 doleo
2361 4005 2461 4038 non
2498 3991 2644 4038 inter·-

1610 4083 1712 4115 esse
1738 4065 1851 4116 huic
1880 4067 2021 4118 bello.
2050 4068 2167 4118 Seh.
2206 4069 2381 4129 verba,
2412 4081 2461 4117 ee
2496 4085 2638 4120 me...
