3019 4681
487 369 634 441 620
1137 375 1234 441 M.
1287 375 1366 441 T.
1418 373 1997 443 CICERONIS

493 515 694 563 nunc
729 506 876 580 est,
914 508 1284 592 tamquam
1331 493 1769 593 philosopha
1789 504 1854 536 ²²
1897 492 2188 564 videtur
2224 516 2379 564 esse
2403 548 2422 581 ,
2468 518 2641 589 quae

493 602 836 700 objurget
881 618 1283 675 ceterarum
1329 604 1656 677 villarum
1702 604 2071 675 insaniam.
2114 606 2637 674 Verumtamen

491 712 674 785 illud
737 713 1062 787 additum
1117 714 1525 787 delectabit.
1585 717 2001 814 Topiarium
2024 711 2089 757 ²³
2149 714 2431 785 laudavi
2473 740 2489 782 ε
2534 718 2637 784 ita

496 825 740 895 omnia
777 822 1202 897 convestivit
1241 823 1547 915 hedera,
1592 850 1736 924 qua
1779 823 2011 897 basim
2061 823 2245 895 villae
2272 877 2290 911 ,
2336 847 2479 920 qua
2518 825 2634 893 in·

495 935 975 1008 tercolumnia
1018 934 1563 1026 ambulationis3
1617 949 1703 1006 ut
1750 934 2068 1032 denique
2113 932 2216 1005 illi
2274 931 2542 1031 palliati
2564 936 2631 983 ²⁴

495 1046 880 1144 topiariam
936 1043 1172 1117 facere
1193 1042 1259 1089 ²⁵
1313 1047 1725 1133 videantur,
1782 1058 1855 1115 et
1902 1042 2241 1115 hederam
2294 1040 2629 1112 vendere.

494 1157 650 1223 Jam
689 1145 1087 1247 ἀποδυτηρίῳ
1109 1146 1176 1195 ²⁶
1215 1151 1398 1221 nihil
1443 1152 1697 1240 alsius,
1743 1149 1924 1222 nihil
1968 1149 2389 1221 muscosiuS.
2502 1166 2509 1174 ·

593 1257 834 1331 Habes
878 1257 1028 1329 fere
1075 1258 1167 1331 de
1215 1258 1436 1331 rebus
1476 1262 1787 1332 rusticis.
1834 1258 2201 1330 Urbanam
2250 1256 2633 1357 expolitio-

495 1394 668 1441 nem
688 1379 752 1426 ²⁷
797 1383 1009 1469 urget
1040 1369 1158 1442 ille
1191 1369 1488 1468 quidem
1512 1366 1578 1417 ²⁸
1612 1387 1685 1443 et
1716 1370 2182 1458 Philotimus,
2210 1384 2286 1441 et
2310 1370 2630 1440 Cincius:

459 1482 466 1491 “
497 1479 628 1553 sed
660 1482 874 1552 etiam
914 1483 1068 1579 ipse
1103 1480 1360 1553 crebro
1396 1483 1780 1570 intervis03
1817 1480 2020 1579 quod
2048 1495 2157 1552 est
2183 1480 2387 1553 facile
2414 1478 2628 1575 factu.

485 1589 994 1681 'Quamobrem
1029 1616 1114 1662 ea
1145 1606 1218 1664 te
1256 1616 1428 1664 cura
1464 1591 1853 1664 liberatum
1892 1592 2081 1663 volo.

592 1706 702 1773 De
738 1706 1093 1775 Cicerone
1125 1702 1327 1801 quod
1361 1728 1478 1773 me
1517 1728 1806 1802 semper
1829 1726 2042 1800 rogas
2064 1758 2083 1789 ,
2112 1706 2409 1798 ignosco
2436 1702 2637 1798 equi·

497 1812 665 1884 dem
705 1812 882 1900 tibi;
933 1810 1063 1885 sed
1108 1827 1190 1884 tu
1240 1838 1539 1911 quoque
1587 1814 1769 1885 mihi
1812 1814 2023 1884 velim
2065 1817 2439 1911 ignoscas:
2480 1836 2633 1883 non

491 1927 692 1994 'enim
743 1923 1069 1996 concedo
1119 1922 1296 2012 tibi,
1340 1924 1506 2022 plus
1550 1938 1634 1995 ut
1680 1923 1884 1996 illum
1928 1946 2166 2010 ameS,
2210 1946 2433 2021 quam
2478 1922 2636 2020 ipse

496 2058 682 2105 amo.
731 2038 971 2132 Atque
1007 2036 1289 2105 utinam
1333 2033 1446 2106 his
1487 2034 1747 2106 diebus
1788 2038 1864 2105 in
1914 2034 2283 2131 Arpinati,
2328 2030 2527 2130 quod
2560 2046 2635 2102 et

495 2145 653 2241 ipse
673 2145 1036 2242 cupierat,
1063 2160 1133 2216 et
1161 2170 1297 2243 ego
1325 2170 1472 2216 non
1493 2148 1736 2217 minus
1754 2200 1773 2234 ,
1792 2169 2076 2215 mecum
2104 2141 2636 2236 fuisset?'Quod

497 2251 588 2323 ad
619 2256 1135 2353 Pomponiam,
1179 2256 1235 2327 si
1277 2254 1409 2326 tibi
1457 2254 1765 2344 videtur,
1805 2253 2070 2327 scribas
2109 2254 2368 2342 velim,
2401 2278 2630 2352 quum

493 2366 740 2461 aliquo
790 2366 1184 2457 exibimus,
1242 2383 1358 2440 eat
1409 2367 1830 2457 nobiscum,
1882 2391 2340 2464 puerumque
2389 2365 2629 2438 ducat.

499 2474 869 2548 Clamores
913 2476 1221 2550 efficiam
1242 2533 1263 2566 ,
1300 2479 1359 2550 si
1401 2503 1569 2553 eum
1604 2502 1889 2549 mecum
1922 2475 2251 2548 habuero
2283 2477 2631 2564 otiosum;

495 2611 664 2658 nam
698 2592 944 2659 Romae
972 2590 1372 2687 respirandi
1404 2615 1558 2662 non
1588 2605 1698 2662 est
1724 2590 1945 2662 locus.
1984 2588 2068 2660 Id
2104 2613 2223 2661 me
2258 2590 2395 2660 scis
2424 2602 2633 2660 antea

567 2865 655 2898 αα.
678 2850 836 2906 Olim,
858 2849 1197 2916 philosophia.
1223 2849 1523 2915 Philosoplm
1612 2851 1737 2910 tuti,
1766 2849 2022 2914 topiariam
2048 2849 2231 2906 facere,
2258 2857 2343 2895 sut
2376 2847 2599 2896 hederam
2616 2879 2631 2902 ,

493 2929 758 2978 rectissime
817 2930 1027 2978 Faernus
1053 2948 1068 2979 τ
1141 2940 1190 2978 et
1247 2929 1528 2980 convestivit
1608 2947 1707 2995 qus
1732 2930 2159 2980 intercolumnium
2178 2929 2401 2989 vestitur,
2424 2926 2631 2976 vendere

497 3009 664 3074 paullo
705 3020 836 3073 post.
863 3011 1050 3058 Unsm.
1609 3011 1852 3060 videntur.
1880 3011 2099 3060 Manu-r.

565 3090 653 3140 23.
703 3089 1002 3154 Topian'um.
1045 3091 1184 3154 Opus
1225 3107 1290 3138 ex
1322 3090 1517 3139 hedera.
1679 3100 1767 3148 26,
1805 3087 2148 3166 Ᾰποὸυτηρίῳ.
2188 3097 2352 3154 Loco,
2390 3093 2479 3142 nbi
2504 3094 2634 3143 lavs-

491 3169 636 3218 mu.
652 3196 724 3208 —-
739 3173 816 3218 De
835 3171 1064 3230 homine,
1091 3186 1196 3218 non
1221 3170 1283 3218 de
1308 3170 1423 3218 loco
1445 3170 1519 3218 in·
1606 3177 1703 3224 tari
1726 3175 2015 3224 vestimenta
2041 3173 2370 3239 deponebant.
2408 3175 2528 3240 Vox
2550 3187 2631 3220 ea—

490 3259 746 3314 terpretor.
787 3251 891 3312 Qui
924 3249 1090 3298 locum
1128 3265 1276 3315 opere
1303 3251 1517 3314 topiario
1605 3255 1716 3304 dem
1751 3272 1861 3320 cap.
1900 3271 1920 3302 1
1949 3272 1965 3314 3
2026 3254 2114 3302 sed
2161 3253 2308 3302 latine
2352 3253 2531 3318 scripta
2580 3253 2631 3298 in

491 3341 702 3378 ornarat.
720 3329 935 3378 Turneb.
954 3329 1084 3378 Λᾶν.
1103 3331 1298 3382 xxlv.
1318 3331 1407 3393 39.
1601 3334 1741 3384 libris
1768 3335 2013 3384 omnibus.
2310 3391 2317 3396 ‚

562 3417 648 3465 24.
669 3409 896 3458 pallenti.
915 3410 1110 3473 Opinor
1138 3407 1380 3473 designari
1395 3411 1519 3456 Her·
1680 3431 1765 3477 27.
1791 3413 2176 3480 Expolieionem.
2202 3417 2315 3462 Jsm
2341 3429 2467 3478 pene
2489 3429 2633 3478 pron-

405 3517 414 3532 =
491 3503 594 3536 ms
609 3491 913 3547 Graeeorum,
931 3499 980 3537 et
1001 3488 1258 3537 doctorum
1274 3489 1519 3552 praecipue
1606 3509 1687 3542 sus
1733 3491 2093 3542 aedificaverant
2132 3493 2387 3556 utriusque
2434 3492 2633 3541 domum

491 3568 707 3616 virorum
727 3603 742 3626 ‚
783 3584 996 3632 quorum
1034 3570 1269 3632 imagines
1307 3568 1515 3633 palliata!
1602 3573 1953 3637 redemptores.
1972 3571 2229 3636 Expolae’tio
2250 3572 2462 3622 restabat
2479 3607 2494 3630 ,
2526 3589 2637 3636 per·

493 3659 630 3694 erant
651 3648 704 3695 in
721 3647 875 3706 villis,
899 3659 954 3696 nt
979 3665 1043 3696 ex
1067 3663 1238 3696 eorum
1266 3647 1512 3711 reliquiis,
1604 3653 1752 3700 sectio
1763 3651 1951 3700 scilicet
1972 3651 2149 3700 aedium
2169 3651 2635 3700 urbsnsrumdlssut.

493 3737 604 3790 qun
623 3738 900 3790 supersunt,
913 3728 1094 3789 conjici
1117 3736 1297 3791 potest.
1327 3730 1511 3775 Unam.
1675 3733 1758 3781 28.
1796 3735 1943 3797 Urget
1986 3730 2069 3780 ille
2110 3729 2322 3796 q'ue‘dem.
2368 3729 2636 3780 Nonnullis

563 3806 648 3853 25.
687 3804 964 3869 Topa'an'am
983 3805 1183 3871 facere.
1228 3806 1330 3869 Qui
1353 3807 1513 3870 topia·
1604 3811 1763 3875 placet
1784 3811 1922 3859 illam
1938 3829 1957 3860 :
1977 3822 2027 3859 et
2045 3821 2118 3860 est
2133 3825 2223 3859 cur
2249 3810 2459 3876 placeat,
2477 3811 2635 3858 nostri

496 3883 618 3930 riam
661 3883 874 3944 faciunt,
919 3885 1148 3946 herbam,
1175 3897 1262 3934 snt
1289 3885 1516 3933 fruticem
1604 3901 1765 3938 tamen
1791 3905 1961 3938 omnes
1986 3889 2037 3938 in
2068 3889 2261 3954 vulgata
2288 3889 2632 3937 consentiunt.

493 3964 558 4011 sd
585 3962 796 4026 speciem
816 3963 984 4024 sulaei,
1015 3975 1100 4012 ant
1128 3965 1370 4013 columnae
1393 4000 1407 4023 ,
1431 3975 1517 4012 snt
1603 3971 1826 4018 Maur.
1868 3997 1940 4007 -
1986 3966 2225 4017 Otiosum.
2268 3968 2633 4034 Reponendum

493 4042 670 4096 fontis,
695 4040 955 4090 alteriusve
973 4043 1044 4092 rei
1063 4045 1392 4093 conformant.
1419 4045 1519 4092 Pal·
1605 4061 1767 4098 censet
1812 4047 2071 4098 Schiitzins
2107 4043 2289 4098 otiosus
2312 4083 2325 4104 ,
2386 4063 2489 4096 non
2530 4048 2637 4096 sine

491 4121 592 4172 listi
619 4121 768 4186 igitur
792 4121 844 4170 hi
865 4156 880 4183 ,
905 4122 1031 4173 inter
1055 4124 1304 4175 columnas
1332 4127 1516 4175 consti·
1606 4145 1763 4178 causa.
1794 4129 1889 4176 En.
