3019 4681
642 394 1184 464 EPISTOLAE
1231 395 1367 462 AD
1417 394 2108 481 ATTICUM‚XI‚
2155 421 2227 491 9.
2385 401 2516 494 193

390 513 560 594 odio
596 513 816 586 fuisse
848 514 1149 602 Caesari3
1188 512 1393 584 illum
1428 527 1674 584 tamen
1711 537 1862 583 non
1903 514 2127 600 modo
2159 515 2414 590 favisse
2433 530 2521 606 ¹¹,

390 627 518 700 sed
542 643 619 700 et
650 640 921 698 tantam
949 625 1053 696 illi
1083 626 1463 722 pecuniam
1488 623 1769 696 dedisse
1798 623 2098 697 honoris
2122 631 2260 700 mei
2289 653 2518 702 causa.

390 743 545 809 Hoc
566 762 703 836 ego
723 734 973 807 dolore
992 748 1289 833 accepto
1309 791 1329 824 ‚
1348 734 1546 805 volui
1577 737 1786 822 scire,
1807 736 1987 833 quid
2020 739 2415 834 scripsisset
2431 741 2522 812 ad

393 862 689 919 ceteros
720 847 869 945 Ipsi
896 847 1090 917 enim
1112 845 1214 915 illi
1233 848 1480 941 putavi
1518 845 2004 942 perniciosum
2041 843 2228 935 fore,
2275 849 2333 918 si
2366 850 2525 944 ejus

394 958 536 1030 hoc
559 971 843 1028 tantum
867 955 1099 1028 scelus
1117 953 1705 1053 percrebruisset.
1731 958 2055 1051 Cognovi
2073 955 2396 1052 ejusdem
2416 983 2528 1056 ge-

395 1071 589 1140 neris
612 1093 628 1136 :
652 1065 741 1138 ad
759 1081 831 1138 te
846 1067 1003 1136 misi
1025 1093 1046 1154 ς
1065 1090 1245 1163 quas
1273 1066 1333 1136 si
1352 1064 1642 1161 putabis
1654 1063 1755 1134 illi
1774 1065 1912 1162 ipsi
1928 1063 2104 1162 utile
2125 1091 2278 1139 esse
2299 1068 2530 1158 reddi,

396 1177 699 1264 reddes3
738 1175 838 1246 nil
872 1199 991 1248 me
1018 1175 1247 1247 lae'det.
1291 1178 1473 1246 Nam
1511 1171 1711 1270 quod
1743 1175 2116 1272 resignatae
2155 1191 2366 1264 sunt,
2407 1177 2532 1248 ha·

396 1288 527 1360 bet
545 1341 565 1376 ,
592 1288 878 1386 opinor,
898 1285 1053 1382 ejus
1076 1287 1359 1384 signum
1380 1286 1800 1381 Pomponia.
1819 1289 1969 1356 Hac
1988 1285 2108 1356 ille
2141 1286 2530 1360 acerbitate

394 1396 609 1469 initio
636 1395 1106 1492 navigationis
1140 1418 1373 1492 quum
1403 1415 1590 1478 usus·
1617 1407 1841 1482 esset,
1884 1408 2090 1467 tanto
2131 1421 2248 1467 me
2282 1396 2532 1470 dolore

398 1504 677 1596 affecit,
720 1519 803 1576 ut
840 1518 1089 1602 postea
1118 1503 1500 1599 jacuerim:
1533 1527 1774 1599 neque
1817 1529 2016 1575 nunc
2061 1520 2208 1576 tam
2244 1532 2380 1604 pro
2419 1533 2532 1597 se,

399 1641 617 1714 quam
634 1628 1037 1702 contra-me,
1054 1612 1381 1686 laborare
1398 1611 1681 1685 dicitur.
1695 1618 1801 1685 Ita
1820 1615 2163 1688 omnibus
2180 1617 2400 1689 rebus
2420 1645 2538 1690 ur-

399 1749 610 1823 geor:
632 1747 812 1821 quas
832 1725 1185 1796 sustinere
1209 1727 1327 1793 vix
1346 1744 1638 1821 possum
1654 1779 1675 1812 ,
1705 1723 1817 1794 vel
1847 1723 2060 1822 plane
2091 1725 2292 1797 nullo
2317 1729 2538 1799 modo

399 1860 719 1934 possum.
774 1833 1060 1923 Quibus
1114 1835 1189 1904 in
1242 1833 1543 1904 miseriis
1596 1857 1742 1904 una
1793 1849 1903 1906 est
1964 1860 2101 1934 pro
2157 1835 2538 1926 omnibu5‚

402 1943 603 2043 quod
669 1947 879 2015 istam
941 1942 1271 2014 miseram
1294 1997 1315 2032 ‚
1372 1944 1919 2041 patrimonion,
1986 1943 2283 2018 fortuna
2341 1951 2543 2019 omni

402 2053 779 2152 spoliatam
824 2053 1254 2150 relinquam.
1298 2053 1540 2142 Quare
1579 2068 1649 2124 te
1672 2108 1691 2143 ,
1735 2069 1818 2124 ut
1857 2053 2258 2153 polliceri5‚
2299 2057 2542 2130 videre

404 2162 621 2260 plane
676 2161 913 2235 velim.
970 2162 1212 2234 Alium
1264 2165 1457 2232 enim
1486 2216 1505 2250 ,
1563 2165 1682 2232 cui
1746 2163 1942 2234 illam
2000 2166 2501 2238 commendem
2527 2221 2546 2252 ‚

406 2271 643 2345 habeo
683 2275 1092 2360 neminem3
1146 2273 1493 2369 quoniam
1545 2275 1754 2343 matri
1800 2299 2100 2372 quoque
2147 2274 2399 2371 eadem
2441 2280 2549 2351 in-

406 2382 651 2454 tellexi
707 2406 860 2455 esse
916 2396 1165 2479 parata
1184 2435 1211 2485 ,ι
1264 2405 1425 2478 quae
1480 2382 1682 2453 mihi.
1744 2384 1918 2465 Sed,
1965 2387 2024 2455 si
2077 2412 2192 2456 me
2245 2414 2395 2459 non
2443 2388 2549 2460 of-

405 2491 659 2564 fendes
686 2547 707 2581 ,
748 2494 917 2563 satis
954 2506 1195 2563 tamen
1230 2490 1499 2562 habeto
1535 2494 2106 2566 commendatam
2129 2550 2148 2585 ,
2179 2511 2549 2595 patruum-

408 2626 555 2699 que
600 2603 676 2672 in
724 2626 841 2690 ea,
897 2616 1251 2698 quantum
1292 2607 1603 2698 poteris,
1649 2602 2079 2701 mitigato¹³.
2134 2611 2298 2679 Haec
2343 2608 2433 2681 ad
2479 2624 2548 2680 te

483 2818 505 2848 1
521 2816 543 2849 ι
554 2836 568 2850 .
586 2799 670 2849 ΔΙ.
677 2799 879 2865 fovisse.
906 2801 941 2848 J
942 2832 955 2847 .
964 2801 1028 2848 V.
1050 2801 1107 2849 L.
1124 2826 1195 2837 -
1214 2799 1426 2856 Favisse,
1516 2792 1834 2857 scriptionem
1853 2805 1902 2843 et
1921 2806 2200 2860 momm,et
2217 2799 2404 2848 uxoria.
2419 2800 2552 2848 Hine

408 2894 478 2928 ω,
508 2880 693 2943 legatus
718 2878 812 2925 gibi
836 2887 894 2925 ut
927 2889 1076 2939 aflet,
1104 2877 1429 2925 decernendo.
1522 2874 1731 2922 tristiora
1759 2876 1992 2939 cogitavit
2027 2877 2089 2925 de
2127 2890 2282 2927 morte
2315 2879 2411 2927 sibi
2431 2894 2552 2928 eon-

485 2973 563 3005 ια.
583 2959 740 3005 Istam
758 2956 985 3005 miseram
998 2955 1313 3023 patrimonio.
1328 2956 1437 3004 Bal-

408 3038 511 3087 liol.
538 3040 719 3085 «Istam
746 3036 965 3084 miseram
988 3052 1077 3101 per
1120 3047 1167 3085 te
1202 3033 1440 3100 patrim'o-

409 3118 496 3165 nio
505 3138 549 3165 ιι.
590 3116 798 3165 Helmst.
828 3117 1011 3163 «Istam
1042 3115 1267 3163 miseram
1297 3126 1443 3180 partu

408 3195 708 3260 patrimonio
720 3217 760 3242 n.
774 3196 913 3242 Latet
929 3194 1139 3257 aliquid.
1159 3194 1443 3243 Ciceronem

411 3274 657 3339 scripsisse
680 3288 856 3321 censeo
881 3287 895 3319 ε
920 3293 943 3317 α
961 3272 1113 3335 Quod
1137 3273 1281 3321 iatam
1306 3274 1445 3321 miae-

411 3370 515 3403 ram
534 3362 673 3417 patre
686 3385 703 3411 ,
722 3351 1016 3415 patrimonio
1028 3386 1043 3408 ‚
1068 3351 1284 3412 fortuna,
1302 3351 1439 3401 omui

410 3432 667 3497 spoliatam
684 3428 954 3492 relinquam
967 3450 1008 3475 ι.
1028 3428 1194 3477 Primo
1211 3445 1321 3477 raro
1342 3429 1443 3477 duo

410 3510 517 3559 sola
545 3509 691 3557 verba
708 3508 814 3556 siue
836 3506 1014 3572 copula
1033 3523 1058 3554 a
1080 3506 1315 3557 Cicerone
1329 3509 1445 3568 iuu-

412 3598 593 3653 guntur
610 3598 668 3636 ut
682 3586 765 3634 hie
786 3584 840 3633 iu
857 3584 1086 3649 vulgatis,
1106 3586 1445 3648 «patrimonio,

411 3668 607 3716 fortuna
629 3666 765 3714 omni
781 3685 803 3706 ι
818 3700 834 3725 ,
858 3664 946 3711 sed
972 3663 1035 3712 ad
1058 3664 1314 3713 minimum
1335 3664 1446 3713 tria.

412 3747 544 3796 Dein
569 3760 629 3794 ex
644 3760 743 3810 per
763 3754 811 3791 te
824 3743 922 3791 levi
944 3742 1449 3806 transpositione-„lite-

411 3840 573 3873 rarum
601 3836 651 3873 et
686 3823 833 3870 nnius
858 3820 1066 3870 literuloe
1092 3822 1359 3870 mutatione
1386 3820 1445 3871 fit

406 3916 575 3971 patre.
600 3904 775 3954 Cieero
803 3912 923 3951 tunc
940 3910 1145 3966 propter
1171 3902 1443 3951 accusatio-

415 4000 527 4032 nem
553 3996 603 4033 et
629 3982 895 4031 calumnias
912 4014 927 4039 ,
948 3996 1069 4044 quas
1094 3980 1241 4028 frater
1275 3992 1325 4030 et
1344 3982 1449 4044 ejus

416 4060 548 4111 filius
572 4063 623 4110 iu
636 4076 778 4111 suum
801 4072 953 4125 caput
974 4058 1109 4123 apud
1124 4058 1362 4108 Cesaram
1381 4060 1451 4108 ef-

420 4141 713 4199 fundebant,
757 4139 1002 4188 metuebat
1046 4136 1293 4188 bonorum
1337 4156 1453 4205 pro-

567 4231 693 4300 III.
708 4218 723 4225 “
742 4242 841 4295 Cic.
855 4257 979 4310 pars
1009 4250 1193 4311 quarta.

1527 2953 1791 3001 aciseeuda.
1824 2954 2038 3019 Ideoque
2055 2956 2287 3017 Tulliam,
2309 2970 2552 3022 tamquam

1530 3034 1792 3079 moriturus
1810 3067 1825 3092 ,
1845 3032 2154 3081 &immeudat
2179 3036 2456 3100 Pomponio
2471 3072 2488 3095 ,
2505 3048 2555 3085 et

1531 3112 1574 3159 si
1590 3112 1828 3159 moriatur
1843 3145 1859 3171 ‚
1881 3112 1977 3160 hoe
1995 3113 2124 3159 enim
2142 3124 2214 3161 eet
2231 3149 2246 3173 ,
2264 3116 2340 3162 «si
2359 3131 2435 3162 me
2450 3131 2554 3163 non

1531 3190 1751 3239 offendes
1765 3212 1816 3249 n,
1841 3189 1991 3254 paulo
2015 3202 2131 3254 post
2148 3225 2162 3250 ,
2187 3202 2444 3256 autequam
2461 3193 2555 3240 At-

1529 3270 1656 3318 ticus
1681 3286 1732 3318 ee
1751 3271 2034 3318 convenerit
2047 3302 2064 3329 ,
2079 3280 2222 3334 rogat
2235 3282 2294 3318 ut
2312 3286 2556 3320 commen·

1482 3402 1487 3409 ‚
1532 3349 1690 3397 datam
1717 3348 1892 3396 habeat
1907 3382 1923 3408 ,
1947 3359 1997 3396 et
2022 3348 2076 3396 ei·
2093 3358 2318 3413 patmum
2340 3352 2557 3398 reeouei·

1531 3427 1637 3477 liet.
1663 3431 1833 3491 Itaque
1853 3426 1936 3475 hic
1963 3428 2122 3486 dolet,
2144 3427 2278 3491 quod
2297 3427 2430 3475 illam
2451 3446 2558 3477 mo·

1531 3508 1661 3555 rieua
1687 3506 1928 3571 relinquat
1962 3522 2066 3555 non
2091 3506 2247 3555 nolum
2273 3519 2440 3573 patre,
2472 3509 2560 3557 sed

1534 3596 1586 3635 et
1603 3586 1833 3635 omnibus
1847 3585 1993 3634 bouis
2005 3588 2241 3651 privatam
2256 3619 2272 3646 ,
2289 3588 2403 3651 quia
2422 3604 2559 3653 aeque

1536 3680 1621 3714 aua
1651 3681 1708 3713 ac
1743 3666 1910 3713 uxoris
1933 3666 2171 3713 Terentiae
2193 3666 2322 3713 bona
2348 3668 2560 3731 proseri-

1536 3754 1736 3808 pturum
1763 3742 1998 3792 Caesarem
2028 3758 2129 3791 esse
2157 3744 2404 3796 credebat.
2434 3750 2562 3796 Puto

1536 3840 1614 3871 me
1654 3822 1854 3886 vestigia
1879 3831 2098 3869 veterum
2126 3822 2350 3871 codicum
2379 3842 2560 3891 sequu-

1535 3910 1642 3949 tum
1699 3910 1830 3947 recte
1879 3899 2035 3946 hunc.
2061 3900 2224 3947 locum
2283 3904 2562 3957 restituisse.

1536 3980 1716 4030 Gaav.
1736 4005 1806 4015 —·
1819 3978 2018 4043 Optime
2041 3976 2146 4027 haee
2175 3981 2410 4045 explicuit
2430 3985 2565 4032 Grae-
2651 4050 2656 4057 ἡ

1537 4059 1667 4107 vius.
1690 4058 1805 4107 Sca.

1618 4138 1700 4189 13.
1730 4136 1979 4205 mugram.
1992 4138 2143 4203 Quasi
2163 4140 2375 4201 Quintus
2397 4138 2568 4189 eodem

2249 4221 2331 4295 13
