3019 4681
582 411 721 503 704
862 406 1401 476 EPISToLAE
1448 408 1648 475 cic.
1705 406 1831 475 ET
1880 400 2236 491 ΒΒΠΤΓ,
2296 407 2410 489 24.

856 558 2704 583 mmmmmmmmmm

1150 673 1747 753 EPISTOLA
1799 673 2126 751 XXIV.

580 802 869 862 Rescribit
895 800 967 859 ad
998 800 1090 873 id,
1118 800 1278 879 quod
1306 805 1519 857 Brutus
1549 798 1623 856 de
1649 799 2053 877 supplemento
2083 810 2142 857 et
2169 800 2420 877 pecunia
2445 801 2702 879 petierat,

660 913 719 959 et
748 899 822 959 ad
850 898 1101 976 reliquas
1129 896 1251 975 ejus
1292 897 1550 975 epistolae
1587 909 1809 975 parteS,
1849 909 1916 954 ut
1942 896 2014 954 de
2037 898 2238 959 Tertia
2263 912 2322 956 et
2341 897 2418 957 de
2441 898 2560 957 filio
2581 919 2701 956 suo.

658 998 914 1078 (Romae,
944 1015 1097 1054 anuo
1118 1000 1195 1055 U.
1222 996 1290 1054 C.
1317 1012 1463 1067 710,
1494 1013 1688 1052 mense
1714 993 1932 1073 aprili.)

1256 1140 1570 1205 CICERO
1613 1140 1903 1205 BRUTO
1947 1140 2012 1205 S.

677 1263 893 1352 Quoi>
937 1284 1147 1357 egere
1173 1270 1194 1302 ¹
1249 1273 1323 1330 te
1376 1256 1656 1329 duabus
1700 1258 2116 1329 necessariis
2151 1256 2373 1329 rebus
2417 1260 2696 1346 scribis,

574 1371 1086 1469 supplemento
1125 1370 1207 1440 et'
1232 1370 1542 1467 pecunia
1565 1423 1585 1457 ‚
1621 1365 1913 1439 difficile
1948 1370 2328 1441 consilium
2367 1385 2498 1443 est.
2541 1374 2704 1443 Non

578 1483 771 1553 enim
826 1479 1003 1550 mihi
1054 1493 1447 1551 occurrunt
1490 1476 1896 1565 facultateS‚
1937 1476 2206 1575 quibus
2247 1481 2354 1549 uti
2393 1496 2464 1551 te
2497 1506 2702 1579 posse

577 1592 896 1679 videam,
934 1603 1194 1687 praeter
1246 1589 1401 1660 illas
1421 1643 1441 1677 ,
1487 1612 1671 1685 quas
1713 1602 2003 1660 senatus
2045 1588 2400 1677 decrevit,
2451 1606 2536 1661 ut
2576 1616 2700 1689 pe-

578 1704 829 1773 cunias
862 1724 904 1771 a
940 1696 1345 1769 civitatibus
1370 1713 1657 1769 mutuas
1683 1722 2024 1769 sumeres.
2057 1700 2168 1769 De
2199 1700 2700 1797 supplemento

576 1824 817 1881 autem
850 1833 1000 1878 non
1025 1806 1237 1879 video
1264 1806 1441 1905 quid
1466 1806 1625 1878 fieri
1654 1809 1896 1905 possit.
1921 1811 2234 1878 Tantum
2261 1812 2458 1879 enim
2482 1810 2702 1899 abest,

576 1934 662 1990 ut
690 1924 917 1990 Pansa
947 1917 1038 1988 de
1067 1921 1388 1989 exercitu
1420 1942 1587 2005 suo,
1629 1932 1756 1988 aut
1787 1916 2073 1988 delectu
2101 1918 2230 1989 tibi
2261 1920 2539 2017 aliquid
2577 1923 2700 1992 tri-

574 2028 793 2115 buat,
838 2042 921 2097 ut
964 2030 1177 2097 etiam
1235 2026 1538 2098 moleste
1589 2025 1806 2113 ferat,
1844 2041 1991 2097 tam
2039 2028 2308 2100 multos
2353 2030 2446 2101 ad
2491 2046 2564 2103 te
2602 2034 2703 2103 ire

576 2137 1068 2209 voluntarios:
1118 2136 1490 2234 quomodo
1530 2135 1868 2232 equidem
1897 2134 2152 2226 crede,
2201 2137 2408 2236 quod
2435 2138 2549 2212 his
2591 2166 2702 2213 re-

570 2248 709 2319 bus
731 2301 751 2335 ,
798 2272 957 2346 quae
1002 2248 1080 2316 in
1125 2246 1327 2318 Italia
1368 2244 1885 2333 decernuntur,
1930 2244 2166 2316 nullas
2209 2252 2457 2346 copias
2495 2251 2704 2321 nimis

575 2383 867 2456 magnas
898 2383 1049 2430 esse
1078 2357 1508 2447 arbitretur3
1557 2355 1930 2454 quomodo
1957 2371 2202 2428 autem
2237 2359 2452 2430 multi
2483 2362 2705 2459 suspi-

574 2485 853 2558 cantur,
893 2467 1093 2567 quod
1130 2494 1225 2540 ne
1264 2483 1333 2540 te
1379 2467 1680 2569 quidem
1721 2470 1934 2538 nimis
1975 2466 2270 2541 firmum
2313 2495 2468 2543 esse
2502 2471 2700 2562 velit3

569 2579 769 2677 quod
813 2604 948 2676 ego
991 2604 1145 2649 non
1182 2581 1532 2676 suspicor.
1575 2577 1794 2671 Quod
1831 2575 2086 2650 scribis
2108 2633 2127 2667 ‚
2161 2596 2234 2650 te
2267 2579 2359 2651 ad
2391 2585 2702 2655 Tertiam

570 2712 892 2760 sororem
963 2690 1329 2786 scripsisse
1354 2745 1375 2778 ‚
1438 2705 1522 2759 ut
1586 2714 1679 2760 ne
1749 2689 1950 2786 prius
2012 2689 2312 2762 ederent
2366 2717 2491 2781 ea,
2542 2718 2700 2793 quae

564 2812 764 2896 gesta
791 2821 833 2866 a
866 2800 1109 2868 Cassio
1152 2814 1429 2886 essent,
1476 2823 1696 2896 quam
1739 2799 1916 2870 mihi
1965 2801 2196 2872 visum
2241 2817 2467 2892 esset3
2495 2804 2700 2876 video

566 2925 638 2980 te
683 2910 993 2979 veritum
1044 2931 1198 2979 esse
1251 2907 1358 2997 id,
1410 2908 1613 3006 quod
1665 2909 2062 2982 verendum
2109 2909 2285 3002 fuit,
2335 2937 2434 2984 ne
2479 2915 2699 2986 animi

564 3019 877 3117 partium
921 3020 1253 3105 Coesaris,
1292 3019 1668 3116 quomodo
1713 3024 1925 3090 etiam
1963 3045 2162 3092 nunc
2189 3036 2430 3120 partes
2459 3023 2702 3124 appel-

561 3129 825 3214 lantur,
875 3126 1344 3202 vehementer
1404 3144 2060 3202 commoverentur.
2116 3132 2255 3202 Sed
2308 3149 2696 3232 antequam

561 3255 723 3309 tuas
747 3238 988 3309 literas
1013 3240 1420 3339 accepimus
1441 3294 1459 3328 ‚
1494 3239 1739 3311 audita
1773 3265 1888 3310 res
1919 3255 2110 3329 erat,
2139 3255 2213 3312 et
2241 3243 2694 3342 pervulgata3

563 3349 669 3419 tui
718 3350 937 3420 etiam
987 3347 1333 3420 tabellarii
1386 3349 1477 3420 ad
1521 3348 1793 3421 multos
1834 3347 2213 3422 familiares
2251 3367 2418 3424 tuos
2457 3354 2694 3426 literas

556 3456 962 3529 attulerant.
1012 3462 1255 3550 Quare
1302 3483 1544 3557 neque
1581 3461 2094 3557 supprimenda
2140 3487 2253 3533 res
2292 3479 2486 3552 erat,
2517 3490 2692 3562 proe-

552 3569 798 3638 sertim
845 3591 1073 3663 quum
1118 3567 1194 3639 id
1238 3568 1393 3640 fieri
1443 3595 1598 3641 non
1642 3585 1930 3669 posset;
1975 3596 2250 3669 neque,
2303 3576 2358 3645 si
2413 3591 2693 3673 posset,

622 3743 667 3774 1.
693 3725 838 3788 Quod
852 3743 1010 3791 egere.
1040 3729 1100 3776 In
1134 3729 1343 3794 vulgatis
1362 3729 1564 3796 praefixa
1653 3729 1760 3792 nis,
1795 3731 1879 3778 cui
1909 3729 2122 3780 adsentit
2151 3729 2332 3782 olivet.
2359 3734 2410 3781 J.
2429 3737 2497 3783 V.
2523 3737 2583 3784 1..
2613 3752 2687 3784 ne-

545 3815 617 3850 est
646 3803 722 3850 his
753 3804 909 3852 verbis
935 3807 1193 3857 salutatio:
1230 3810 1395 3858 Cicero
1418 3814 1566 3860 Bruto
1658 3810 1869 3872 quimur.
1893 3811 1968 3859 De
1997 3811 2194 3860 decreto
2220 3825 2384 3862 autem
2415 3826 2611 3862 senatus
2631 3815 2688 3862 de

542 3883 594 3928 S.
613 3881 750 3945 quasi
768 3882 865 3928 hoc
882 3899 1024 3934 novae
1039 3887 1256 3951 epistola
1273 3890 1571 3952 principium
1659 3889 1878 3954 pecuniis
1901 3891 2082 3939 mutuis
2107 3891 2363 3941 sumendIs
2381 3929 2396 3954 ,
2419 3893 2536 3944 vide
2560 3894 2680 3941 Phil.

549 3961 613 4007 sit
642 3972 654 4005 :
697 3975 841 4022 quam
880 3965 1076 4015 sustulit
1112 3966 1361 4030 Sigonius,
1396 3979 1571 4032 putans
1659 3969 1730 4032 X,
1757 3985 1871 4034 cap.
1891 3985 1912 4016 1
1929 3984 1981 4019 1:
2011 3991 2036 4011 n
2057 3973 2426 4037 Pecuniasque,
2449 3989 2478 4022 a
2507 3973 2680 4037 quibus

552 4052 651 4085 non
684 4051 862 4084 novam
900 4056 1001 4088 esse
1037 4046 1318 4108 epistolam,
1350 4048 1436 4096 sed
1468 4065 1575 4112 par·
1662 4047 1904 4111 videatur,
1943 4049 2006 4096 ad
2051 4066 2150 4097 rem
2195 4054 2456 4102 militarem
2497 4063 2682 4102 mutuas

550 4124 649 4160 tem
690 4125 951 4164 extremam
994 4125 1257 4185 superioris
1294 4129 1574 4192 responsio-
1664 4139 1840 4188 sumat,
1863 4137 1960 4177 etc.
1985 4149 2006 4173 ι
2045 4129 2139 4176 En.
