3019 4681
531 368 676 471 διὸ
1187 388 1285 461 Μ.
1334 390 1412 459 Τ.
1471 390 2041 463 CICERONIS

533 521 854 623 periores
887 516 1006 619 vir
1044 513 1283 613 legere
1327 514 1655 611 potuisse·
1701 539 1717 583 ε
1762 514 1845 583 in
1884 534 2037 611 quo
2072 509 2231 583 nihi
2270 520 2337 555 ¹²
2378 532 2687 600 eorum,

531 635 634 705 mi
669 630 924 715 frater,
961 624 1098 697 fuit
1127 678 1147 714 ,
1214 645 1377 721 quae
1419 638 1657 721 putas.
1706 626 1963 720 Neque
2028 622 2222 692 enim·
2280 634 2689 719 occupatus

529 754 768 829 eram,
821 758 1068 833 neque
1105 732 1607 833 perturb-atus,
1646 754 1783 805 nee
1817 734 2047 803 iratus
2080 730 2334 822 alicui3
2376 730 2499 803 sed
2539 730 2687 804 hoc

530 852 716 925 facio
744 862 1028 944 semper
1051 900 1070 934 ‚
1105 860 1223 932 ut,
1264 845 1712 941 quicumque
1747 842 2063 915 calamus
2086 846 2162 913 in
2192 865 2451 913 manus
2483 863 2683 915 meas

497 961 810 1049 ‚venerit
830 1014 850 1048 ,
890 981 978 1029 eo
1015 959 1118 1027 sic
1157 968 1362 1042 utar,
1412 968 1761 1052 tanquam
1804 954 2026 1025 bono,
2065 958 2343 1027 Verum
2386 952 2681 1025 attende

531 1094 734 1147 nunc
755 1124 775 1160 ,
811 1071 910 1139 mi
943 1068 1219 1165 optime
1253 1078 1326 1137 et
1361 1067 1779 1137 suavissime
1813 1064 2070 1156 frater,
2110 1064 2205 1137 ad
2242 1087 2326 1137 ea
2360 1064 2532 1136 dum
2562 1088 2678 1136 re·

535 1178 778 1253 scribo
798 1230 818 1264 ‚
861 1196 1022 1271 quae
1075 1186 1156 1243 tu
1203 1175 1280 1242 in
1322 1170 1460 1243 hac
1505 1172 1757 1244 eadem
1794 1171 1998 1243 brevi
2040 1170 2348 1271 epistola
2384 1199 2681 1270 πραγμα-

531 1280 794 1366 τικῶςῑ3
835 1279 1042 1351 valde
1078 1278 1444 1375 scripsisti.
1483 1283 1595 1349 De
1632 1304 1784 1376 quo
1824 1283 2045 1377 petis,
2083 1294 2167 1351 ut
2203 1276 2297 1351 ad
2342 1293 2450 1366 te,
2496 1278 2681 1349 nihil

531 1394 904 1469 occultans
925 1445 945 1480 ‚
991 1376 1176 1461 nihil
1205 1388 1663 1461 dissimulans
1681 1444 1701 1478 ‚
1733 1388 1913 1461 nihil
1942 1386 2078 1461 tibi
2108 1386 2525 1485 indulgens,
2561 1414 2683 1485 ge-

529 1508 754 1579 nuine
792 1501 1257 1598 fraterneque
1283 1498 1677 1572 rescribam
1720 1527 1736 1571 :
1774 1499 1847 1571 id
1878 1514 1985 1573 est
2006 1554 2025 1587 ‚
2065 1514 2314 1572 utrum
2336 1502 2397 1551 ¹⁴
2444 1499 2679 1587 νοὶεε,

531 1632 620 1689 ut
654 1614 1086 1700 dixerimus,
1113 1636 1204 1683 an
1227 1608 1294 1654 ²⁵
1315 1665 1335 1699 ‚
1363 1611 1454 1682 ad
1487 1610 2026 1709 expediendum
2066 1626 2141 1683 te
2162 1664 2183 1701 ‚
2211 1615 2271 1684 si
2304 1636 2519 1683 causa
2548 1613 2677 1701 sit,

532 1747 1006 1800 commorere.
1053 1721 1128 1793 si
1158 1775 1178 1810 ‚
1233 1721 1335 1791 mi
1373 1723 1684 1811 Quinte,
1729 1746 1946 1820 parva
2004 1720 2243 1819 aliqua
2301 1746 2415 1793 res
2459 1738 2682 1812 esset,

533 1840 612 1907 in
647 1858 795 1932 qua
829 1818 1302 1919 sciscit'arere,
1347 1830 1527 1927 quid
1564 1830 1827 1903 vellem
1873 1885 1893 1920 ‚
1942 1844 2182 1905 tamen
2200 1886 2221 1919 ‚
2266 1856 2500 1931 quum
2546 1832 2681 1905 tibi

533 1943 1016 2044 permissurus
1045 1964 1311 2028 essem,
1345 1953 1428 2011 ut
1463 1937 1737 2013 faceres
1756 1996 1775 2031 ‚
1808 1938 2012 2038 quod
2041 1942 2298 2034 velles3
2331 1968 2471 2043 ego
2494 1946 2682 2042 ipse,

537 2052 718 2155 quid
749 2050 1006 2123 vellem
1028 2104 1048 2139 ‚
1083 2049 1561 2122 ostenderem.
1600 2055 1689 2121 In
1715 2051 1851 2124 hac
1875 2077 2045 2125 vero
2076 2074 2154 2125 re
2182 2053 2325 2125 hoc
2355 2052 2683 2151 profecto

537 2165 832 2265 quaeri5‚
869 2159 1282 2258 cujusmodi
1317 2160 1527 2233 illum
1570 2187 1891 2249 annum,
1936 2164 2067 2262 qui
2116 2166 2449 2263 sequitur
2477 2220 2496 2253 ‚
2555 2189 2683 2237 ex·

536 2287 860 2374 spectem
897 2298 913 2342 ε
952 2271 1166 2370 plane
1193 2286 1319 2344 aut
1337 2273 1817 2370 tranquillum
1848 2273 2102 2365 nobi3‚
2138 2288 2266 2348 aut
2300 2290 2497 2349 certe
2528 2300 2685 2348 mu·

534 2385 1012 2470 nitissimum3
1059 2381 1262 2480 quod
1315 2383 1643 2480 quotidie
1700 2383 2088 2476 domus¹⁶‚
2144 2387 2349 2486 quod
2398 2379 2682 2475 forum,

537 2494 738 2593 quod
760 2493 1022 2566 theatri
1047 2490 1610 2590 significationes
1626 2493 2033 2584 declax-anu
2064 2505 2275 2567 nec¹⁷
2308 2495 2645 2569 laborant
2662 2549 2683 2582 ‚

537 2604 738 2704 quod
799 2629 961 2674 mea
1017 2607 1459 2675 conscientia
1518 2609 1897 2705 copiarum
1952 2621 2365 2680 nostrarum
2400 2663 2421 2695 ‚
2484 2607 2686 2708 quod

538 2715 870 2804 Caesaris,
908 2713 1108 2812 quod
1137 2715 1464 2813 Pompeii
1494 2721 1797 2814 gratiam
1828 2732 2183 2790 tenemuS.
2222 2723 2390 2794 Haec
2414 2744 2574 2809 me,
2600 2735 2685 2792 ut

537 2957 726 3009 homini
747 2953 968 3016 erudito,
999 2971 1058 3004 se
1099 2952 1160 3004 de
1198 2953 1352 3003 literis
1367 2989 1382 3014 ,
1405 2972 1564 3020 qusn-

535 3051 642 3089 tum
688 3049 921 3104 prostare
971 3035 1139 3102 potnit
1155 3071 1172 3096 ,
1217 3035 1346 3084 bene
1386 3037 1563 3084 merito

1653 2958 1835 3024 opinor
1853 2993 1869 3020 ,
1889 2971 2163 3025 superesset
2186 2961 2317 3020 vitii,
2346 2961 2445 3010 hoe
2471 2961 2681 3011 ordine:

1654 3039 1753 3087 «Id
1779 3049 1875 3102 est,
1896 3051 2063 3088 utrum
2084 3041 2220 3089 voles
2236 3035 2316 3106 (ut
2334 3041 2577 3106 dixerim),
2602 3058 2683 3100 ιιι,

533 3119 815 3183 largiamur.
844 3115 994 3164 Mus.

611 3212 690 3245 sa.
717 3192 860 3244 Nihil
875 3209 1057 3242 eornm.
1080 3189 1198 3241 Non
1224 3190 1290 3240 ob
1313 3208 1422 3252 ess,
1441 3209 1564 3256 quas

536 3290 592 3328 tu
618 3273 881 3342 suspicaris
901 3307 916 3332 ,
950 3287 1141 3330 causas,
1169 3286 1344 3336 parum
1375 3271 1563 3336 perspi-

536 3375 627 3408 cue
652 3357 842 3420 scripsi.
861 3357 1012 3403 Inus.

611 3439 692 3487 13.
724 3437 1108 3505 Πραγματικῶς.
1129 3431 1260 3496 Apte
1280 3430 1342 3478 sd
1361 3447 1460 3478 rem
1480 3447 1563 3494 ge·-

539 3517 766 3574 rendam3
801 3525 860 3562 ut
885 3511 1036 3562 homo
1061 3513 1114 3559 in
1141 3527 1237 3558 usu
1263 3526 1423 3558 rerum
1449 3527 1562 3558 ver-

541 3608 691 3646 satus.
720 3595 869 3642 Omv.

610 3683 691 3730 ιι.
731 3671 796 3720 1d
837 3681 934 3725 est,
982 3679 1144 3716 utrum
1184 3667 1341 3716 voles.
1391 3665 1565 3716 Mendi

535 3755 670 3805 labes
694 3753 812 3800 satis
833 3749 1117 3799 manifesta:
1145 3763 1239 3796 nee
1275 3748 1434 3796 eluere
1474 3763 1563 3795 eo-

535 3835 718 3882 nabor:
742 3845 894 3895 quum
912 3829 972 3876 ab
991 3827 1238 3892 impressis
1261 3825 1399 3874 libris
1417 3824 1564 3874 mini-

533 3929 666 3962 mum
690 3907 978 3958 dissentiant
996 3905 1186 3970 scripti.
1205 3907 1415 3954 Tantum
1435 3905 1565 3953 enim

532 4007 627 4058 pro
652 4001 972 4043 commorere,
997 3985 1297 4034 Bessa-ionis
1321 3983 1449 4034 liber
1473 3983 1566 4033 hs-

531 4071 618 4120 bet
652 4079 1002 4119 commoneres.
1034 4063 1186 4127 Quod
1222 4064 1264 4112 si
1298 4079 1392 4130 pro
1425 4063 1566 4112 dive-

530 4151 681 4201 rimus
702 4149 948 4214 legeretur
969 4167 994 4188 α
1007 4143 1214 4193 dixerim
1227 4178 1242 4203 ‚
1262 4158 1389 4194 ann:
1410 4138 1533 4192 nihil
1548 4177 1566 4206 ,

1652 3115 1717 3165 sd
1762 3119 2123 3184 expediendum
2169 3131 2219 3168 te
2237 3154 2254 3179 ,
2303 3121 2344 3168 si
2389 3135 2535 3170 cansa
2586 3120 2683 3180 sit,

1653 3213 1955 3247 commorere
1978 3219 2028 3248 ι.
2056 3199 2163 3248 Nec
2192 3211 2317 3247 esset
2343 3197 2550 3250 obseura
2576 3217 2685 3249 sen-

1653 3273 1821 3324 tentis.
1844 3275 1973 3324 Nam
1998 3275 2143 3325 voles
2169 3285 2509 3349 μιταφορικῶς
2542 3297 2686 3330 usat-

1649 3365 1821 3418 pstum
1850 3371 1943 3418 pro
1970 3353 2194 3404 celeriter
2220 3357 2397 3406 venias
2410 3393 2425 3416 ,
2472 3371 2523 3408 et
2548 3377 2685 3409 oom-

1651 3447 1837 3480 morere
1877 3444 2217 3498 opponuntur.
2257 3435 2355 3484 Sed
2392 3437 2558 3488 minus
2596 3457 2687 3488 an-

1653 3507 1749 3560 deo
1776 3547 1793 3572 ,
1848 3509 2057 3576 propter
2112 3511 2321 3560 incertas
2380 3511 2687 3576 maximeque

1652 3589 1846 3638 fallaoes
1871 3587 2169 3652 eonjeomrae
2188 3591 2307 3640 viss.
2335 3591 2489 3641 Mu.

1736 3663 1814 3719 15.
1838 3669 1995 3719 Abest
2021 3687 2105 3720 an.
2134 3669 2265 3721 LV.
2294 3668 2350 3718 L.

1733 3751 1813 3798 ιδ.
1842 3751 2043 3798 Domus.
2068 3751 2115 3799 A
2133 3749 2300 3799 multis
2320 3749 2579 3799 eelebrats.
2595 3749 2687 3816 Ep.

1656 3827 1707 3890 5,
1726 3838 1776 3875 et
1803 3827 1867 3877 sd
1894 3831 1999 3878 Att.
2020 3830 2163 3892 epist.
2186 3844 2251 3876 aa
2273 3864 2288 3890 ,
2306 3829 2396 3878 lib.
2418 3827 2483 3878 11.

1730 3923 1813 3968 ¹7·
1854 3909 1961 3957 Nec
1980 3907 2229 3958 laborant.
2258 3909 2353 3957 mc
2374 3897 2457 3955 alii
2484 3903 2687 3954 sortasse

1653 3987 1868 4035 viderint
1887 3987 2095 4044 sentius,
2116 4001 2209 4051 ego
2231 3981 2378 4052 plane
2396 3983 2683 4054 τυφλῶττυ.

1652 4065 1957 4114 Obscurstur
1989 4065 2119 4115 enim
2150 4063 2386 4113 mendose
2424 4067 2680 4113 sententis.

1653 4131 1802 4194 ΜἈιῑ.
1824 4171 1893 4183 -—-
1924 4147 1982 4193 In
2004 4161 2105 4194 uno
2126 4145 2286 4211 reperi
2310 4143 2567 4193 consentia
2592 4159 2687 4209 pro
