3019 4681
569 406 704 481 582
1193 412 1290 481 Μ.
1335 414 1415 481 Τ.
1467 413 2059 486 CICERONIS

563 531 1086 631 commigrabis.
1117 537 1342 604 Tuam
1379 538 1454 605 in
1483 536 1756 606 Carinis
1790 534 2049 605 mundi
2081 532 2523 608 habitatores
2554 542 2707 611 La-

561 646 720 717 miae
737 640 803 700 ³4
863 641 1387 715 conduxerunt.
1448 649 1504 716 A
1566 658 1637 716 te
1702 658 1869 745 post
1928 644 2123 715 illam
2186 644 2603 717 Olbiensem
2626 644 2701 695 3⁵

557 753 936 851 epistolam
989 752 1223 824 nullas
1274 754 1514 827 literas
1554 756 1817 852 accepi.
1864 754 2060 845 Quid
2104 778 2315 853 agas,
2373 771 2447 827 et
2494 772 2579 827 ut
2618 772 2701 829 te

560 860 918 959 oblectes,
975 864 1156 933 scire
1207 864 1466 960 cupi03
1525 865 1978 962 maximeque
2026 880 2099 936 te
2150 868 2389 963 ipsum
2444 865 2701 940 videre

555 976 780 1070 quam
815 976 1155 1070 primum.
1199 976 1422 1061 Cura,
1466 976 1569 1045 mi
1600 972 1841 1063 frater,
1886 988 1971 1045 ut
2006 972 2275 1063 valeas3
2312 990 2386 1047 et
2430 1000 2699 1073 quam-

559 1106 781 1180 quam
827 1095 936 1153 est
969 1080 1235 1171 hiems,
1294 1097 1536 1155 tamen
1587 1084 1983 1156 Sardiniam
2002 1081 2071 1131 ³⁶
2114 1087 2324 1162 istam
2370 1108 2524 1158 esse
2560 1108 2692 1157 co·

557 1193 759 1289 gites.
791 1216 888 1262 xv
921 1190 1206 1263 kalend.
1242 1208 1449 1264 mart.

556 1400 659 1441 ont
675 1390 944 1445 locatarum
965 1392 1160 1443 adium.
1190 1395 1391 1443 Sueten.
1418 1394 1470 1443 in
1493 1395 1575 1442 Ti·
1738 1396 1825 1451 34.
1843 1395 1929 1445 ΑΙ.
1950 1393 2142 1447 σακία.

555 1470 694 1519 berio
712 1506 728 1531 ,
758 1482 806 1519 et
831 1472 1070 1521 Martialis
1086 1506 1102 1531 ‚
1127 1472 1220 1521 lib.
1247 1474 1350 1521 111
1370 1507 1384 1531 ,
1411 1475 1580 1539 Epigr.
1738 1474 1824 1523 35.
1857 1472 2143 1523 Olbiensem.
2167 1470 2313 1521 Olbia
2332 1470 2509 1521 datam.

555 1564 736 1607 mn,
776 1567 848 1600 vs.
873 1567 894 1601 ι
921 1564 936 1600 :
981 1572 1004 1597 ι
1025 1554 1071 1601 0
1099 1552 1340 1601 sanarum
1368 1552 1581 1602 dedecus
1742 1552 1826 1603 ³6.
1850 1551 2150 1601 Sardiniam.
2170 1550 2383 1599 Insulam
2406 1566 2556 1614 quim
2580 1548 2699 1599 amn

554 1628 894 1685 kalend-nun!
925 1652 952 1675 ι-
975 1632 1196 1681 unu-r.
1666 1631 1853 1683 morbis
1870 1666 1889 1693 ,
1912 1643 2021 1683 mm
2044 1630 2172 1697 pesti
2194 1630 2475 1681 obnoxiu.
2488 1632 2693 1681 Tunn-

1201 2016 1805 2126 EPISTOLA
1884 2018 2033 2101 lv,

553 2186 644 2241 De
673 2184 874 2243 Sextio
901 2182 1202 2256 absoluto,
1241 2195 1302 2242 et
1326 2182 1562 2243 Vatinio
1596 2184 1661 2243 in
1680 2182 1907 2260 juditio
1930 2184 2207 2244 Seniano
2236 2196 2487 2256 vexato,
2518 2182 2685 2243 aliin-

631 2300 746 2358 que
773 2279 1102 2344 domesticis
1133 2280 1310 2342 rebus
1335 2280 1647 2345 certiorem
1674 2280 1829 2342 facit.
1864 2280 2112 2359 (Rome
2130 2322 2149 2356 ,
2176 2300 2330 2342 anno
2352 2284 2426 2344 U.
2456 2284 2520 2344 C.
2546 2282 2688 2359 697,

521 2395 528 2402 ·
629 2397 828 2442 meuse
847 2380 1120 2452 martio.)

1143 2561 1490 2628 MARCUS
1536 2562 1619 2646 Q.
1670 2561 1985 2632 FRATRI
2026 2561 2093 2628 s,

654 2705 955 2777 snmus
1002 2715 1255 2778 noster
1303 2699 1723 2776 absolutus¹
1768 2715 1881 2776 est
1932 2727 1996 2774 a.
2038 2700 2115 2772 d.
2161 2725 2217 2774 11
2272 2699 2423 2774 id.²
2470 2716 2679 2774 mart.

556 2828 632 2885 et
658 2867 679 2900 ‚
737 2810 941 2909 quod
997 2809 1466 2882 vehementer
1518 2809 1845 2882 interfuit
1902 2808 2315 2908 reipublicae
2336 2867 2357 2900 ‚
2415 2811 2685 2883 nullam

553 2922 781 2998 videri
813 2922 888 2992 in
919 2919 1276 3018 ejusmodi
1314 2945 1527 2994 causa
1558 2920 2079 2994 dissensionem
2120 2945 2311 3012 esse,
2348 2921 2689 2994 omnibus

555 3033 934 3130 sententiis
979 3029 1353 3102 absolutus
1400 3046 1534 3103 est.
1584 3030 1809 3117 Illud,
1855 3030 2057 3128 quod
2092 3030 2227 3104 tibi
2272 3055 2461 3131 saepe
2498 3057 2689 3104 curoe

555 3165 708 3213 esse
746 3141 1277 3232 intellexeram,
1317 3141 1569 3212 ne'cui
1606 3141 1860 3238 iniquo
1892 3141 2469 3239 relinqueremus
2500 3145 2685 3214 vitu-

553 3251 860 3349 perandi
905 3249 1150 3326 locum
1169 3303 1192 3335 ,
1245 3255 1376 3350 qui
1427 3276 1567 3324 nos
1609 3252 1931 3348 ingratos
1983 3275 2137 3324 esse
2181 3253 2492 3338 diceret,
2549 3253 2683 3330 nisi.

553 3362 744 3434 illius
789 3363 1330 3460 perversitatem
1383 3360 1823 3459 quibusdam
1882 3363 1958 3432 in
2006 3361 2229 3434 rebus
2282 3387 2504 3461 quam
2554 3363 2687 3434 hu-

551 3475 964 3548 manissime
1001 3468 1354 3544 ferremus
1383 3497 1403 3540 τ
1439 3471 1619 3542 scito
1652 3471 1797 3548 hoc
1825 3497 1959 3543 nos
1991 3470 2065 3542 in
2096 3497 2183 3544 eo
2210 3471 2485 3570 judicio
2514 3497 2682 3543 con-

552 3599 904 3680 sequutos
964 3607 1118 3654 esse
1145 3638 1165 3671 ‚
1222 3598 1305 3653 ut
1357 3584 1689 3654 omnium
1752 3583 2131 3679 gratissimi
2172 3582 2683 3679 judicaremur.

551 3695 732 3762 Nam
785 3695 864 3762 in
915 3691 1376 3764 defendendo
1435 3716 1729 3764 moroso
1784 3693 2081 3775 homine
2118 3693 2689 3794 ‘cumulatissime

552 3800 1058 3890 satisfecimuS,
1093 3818 1164 3874 et
1200 3803 1316 3900 (id
1345 3801 1551 3899 quod
1588 3801 1707 3874 ille
1741 3804 2055 3878 maxime
2085 3801 2467 3902 cupiebat)
2488 3803 2687 3874 Vati-

623 4021 666 4052 ι.
713 4005 998 4054 Absolutus.
1021 4005 1222 4054 Judieio
1241 4007 1398 4065 deri,
1427 4021 1571 4056 neen-
1657 4006 1843 4056 ambitu
1886 4007 2073 4056 factum
2126 4023 2231 4056 esso
2284 4023 2389 4056 non
2446 4005 2691 4058 existi-o-

547 4094 684 4131 unte
723 4085 795 4131 Μ.
813 4083 982 4131 Tullio
1025 4083 1358 4134 Albinovano.
1399 4088 1571 4134 &stat
1656 4089 1880 4137 Muto-r.

547 4161 808 4210 &mnis
859 4163 996 4208 Orat.
1045 4161 1172 4210 Nun
1206 4161 1449 4222 jndteiu
1507 4163 1571 4211 de
1729 4182 1779 4213 ει.
1798 4165 1931 4225 Alii,
1954 4181 2057 4213 um
2080 4165 2194 4214 ida·
2226 4169 2369 4213 Fortu
2396 4165 2599 4212 remim.
