3019 4681
752 375 1278 446 EPISTOLAE
1329 377 1534 446 cm.
1586 379 1716 448 ET
1764 357 2106 462 mmm,
2137 401 2204 472 9.
2399 375 2541 472 667

415 497 668 570 obrem
699 498 1038 594 accepisti
1063 510 1142 566 tu
1162 497 1458 594 quidem
1489 497 1819 570 dolorem
1850 497 1969 594 (id
2003 500 2197 569 enim
2216 500 2548 585 amisisti,

417 610 538 680 cui
571 606 801 679 simile
825 609 900 678 in
927 609 1135 680 terris
1164 607 1348 678 nihil
1373 605 1514 679 fuit
1540 610 1602 700 ),
1628 623 1701 679 et
1731 623 1841 679 est
1862 607 2261 680 dolendum
2289 610 2365 679 in
2404 625 2549 680 tam

419 719 621 816 gravi
657 719 957 790 vulnere
987 707 1238 815 (ne‘id
1273 714 1597 816 ipsum³‚
1643 742 1883 790 carere
1920 720 2122 789 omni
2160 743 2375 790 sensu
2420 718 2551 792 do-

420 827 636 916 loris,
668 829 760 900 sit
798 829 1128 900 miserius
1159 881 1178 914 ,
1223 853 1444 924 quam
1499 827 1843 924 dolere);
1884 825 2051 915 sed,
2096 841 2180 897 ut
2222 828 2505 900 modice
2532 884 2551 914 ,

423 939 678 1010 ceteris
721 939 898 1012 utile
939 954 1090 1025 est,
1147 938 1280 1010 tibi
1335 963 1627 1010 necesse
1678 953 1809 1010 est.
1862 938 2262 1010 Scriberem
2306 939 2555 1037 plura,

423 1050 564 1122 nisi
587 1049 690 1122 ad·
713 1066 784 1124 te
814 1049 964 1122 haec
997 1052 1158 1148 ipsa
1179 1051 1392 1122 nimis
1421 1050 1655 1122 multa
1688 1063 1945 1122 essent.
1986 1053 2139 1122 Nos
2176 1063 2283 1139 te,
2322 1065 2560 1120 tuum·

425 1183 570 1256 que
625 1163 1018 1231 exercitum
1061 1175 1563 1257 exspectamus
1623 1187 1639 1230 ε
1702 1162 1857 1232 sine
1907 1184 2058 1257 quo
2094 1213 2114 1246 ‚
2159 1173 2242 1230 ut
2286 1160 2565 1255 reliqua

428 1294 517 1340 ex
557 1272 914 1340 sententia
945 1269 1372 1356 succedant,
1409 1273 1529 1340 vix
1566 1272 1734 1344 satis
1769 1269 1980 1343 liberi
2015 1269 2349 1342 videmur
2384 1268 2561 1342 fore.

426 1383 536 1451 De
569 1391 720 1450 tota
748 1377 1120 1477 republica
1157 1378 1368 1476 plura
1405 1380 1714 1452 scribam
1736 1435 1756 1468 ‚
1792 1397 1863 1452 et
1902 1379 2204 1452 fortasse
2230 1382 2377 1477 jam
2412 1405 2569 1452 cer-

429 1492 616 1561 tiora
636 1541 658 1576 ,
695 1489 808 1561 his
842 1489 1096 1576 literis,
1129 1513 1312 1587 quas
1337 1492 1621 1561 Veteri‘*
1660 1505 1913 1562 nostro
1932 1491 2331 1588 cogitabam
2368 1489 2563 1563 dare.

503 1665 560 1714 3.
583 1665 661 1714 Ne
689 1665 745 1714 id
763 1666 944 1730 ipsum,
963 1682 1131 1714 carere
1153 1665 1287 1713 omni
1311 1681 1453 1713 sensu
1542 1664 1667 1724 lere,
1685 1667 1997 1714 immanitatis
2020 1678 2093 1715 est
2117 1668 2173 1714 in
2196 1667 2376 1724 animo,
2399 1677 2571 1731 stupo-

433 1745 617 1794 ἀοῖον-ἁ
634 1779 653 1804 ,
685 1745 778 1807 sie,
823 1755 917 1794 etc.
965 1746 1124 1802 Nam,
1168 1755 1226 1792 nt
1265 1744 1458 1808 scripsit
1544 1747 1612 1794 ris
1646 1747 1700 1794 in
1722 1761 1931 1810 corpore
1959 1767 2003 1795 n.
2033 1747 2181 1794 Mur.

435 1827 488 1872 in
509 1827 582 1873 lv
595 1825 874 1874 'l’naoutmo
890 1859 906 1884 ,
923 1825 1016 1873 uid
1035 1825 1196 1889 ipsum
1215 1823 1340 1872 nihil
1367 1824 1460 1871 do·
1618 1831 1667 1879 4.
1712 1822 1895 1872 Veteri.
1912 1823 2148 1885 Antistio,
2176 1823 2239 1872 de
2260 1837 2363 1887 quo
2388 1822 2533 1871 infra.

434 1987 1270 2010 mmmmm

1916 1987 2096 2006 mm
2103 1987 2563 2008 mmmm

1135 2167 1736 2250 EPISTOLA
1788 2171 1887 2248 X.
1969 2213 1975 2222 ·

445 2352 758 2428 Quomodo
788 2350 1006 2411 bellum
1037 2350 1110 2411 ad
1136 2352 1424 2411 Mutinam
1463 2363 1728 2428 geratur,
1763 2364 1825 2409 et
1850 2349 1992 2429 qnid
2022 2350 2098 2411 de
2126 2351 2449 2411 Octaviano
2480 2372 2579 2411 ve·

525 2463 760 2523 reatur,
791 2462 1094 2527 totumque
1139 2448 1286 2527 reip.
1320 2460 1534 2507 statum
1576 2446 1923 2526 perscribit,
1968 2447 2360 2527 hortaturque
2394 2463 2471 2535 ¹ut
2510 2470 2584 2510 ex

526 2562 758 2607 senatus
779 2620 784 2625 ³
803 2549 1146 2607 auctoritate
1193 2544 1460 2603 celeriter
1500 2564 1634 2603 cum
1682 2546 1945 2604 exercitu
1990 2546 2054 2604 in
2100 2546 2327 2606 Italiam
2377 2548 2593 2607 veniat.

527 2644 751 2727 (Romae
767 2689 785 2719 ,
813 2666 966 2705 anno
989 2648 1147 2705 U.C.
1174 2663 1322 2717 710,
1348 2662 1544 2702 mense
1572 2640 1849 2723 quintili.)

1142 2801 1454 2867 fflcERo
1494 2800 1784 2889 BRUTO
1830 2802 1894 2867 S.

550 2949 842 3017 Nonus
895 2945 1135 3017 adhuc
1175 2972 1215 3015 a
1263 2960 1336 3015 te
1376 2946 1617 3016 literas
1661 2944 2153 3035 habebamuS,
2198 2975 2291 3021 ne
2331 2948 2595 3021 famam

457 3054 756 3151 quidem
779 3110 799 3143 ,
833 3080 994 3153 quae
1032 3054 1458 3141 declararet,
1498 3067 1573 3125 te
1594 3108 1613 3139 ,
1648 3062 1935 3153 cognita
1972 3074 2261 3130 senatus
2292 3059 2597 3131 auctori·

461 3180 604 3237 tate
622 3176 674 3253 ¹,
703 3166 783 3235 in
814 3164 1086 3235 Italiam
1110 3161 1468 3233 adducere
1499 3168 1937 3249 exercitum3
1972 3166 2172 3262 'quod
2194 3183 2275 3237 ut
2292 3165 2597 3253 facereS,

460 3276 684 3377 idque
729 3290 1158 3359 maturareS‚
1190 3296 1634 3369 magnopere
1672 3272 2125 3347 desiderabat
2169 3274 2598 3373 respublica.

464 3389 900 3485 Ingravescit
935 3385 1127 3455 enim
1163 3384 1242 3453 in
1283 3381 1436 3451 dies
1478 3382 1900 3453 intestinum
1946 3384 2255 3471 malum,
2302 3410 2439 3455 nec
2476 3408 2598 3454 ex-

469 3500 691 3569 ternis
727 3495 1057 3571 hostibus
1097 3495 1362 3591 magi5‚
1408 3515 1630 3587 quam
1675 3489 2085 3566 domesticis
2127 3494 2539 3568 laboramus
2580 3521 2595 3564 ε

463 3614 596 3705 qui
628 3622 829 3681 erant
866 3609 1170 3680 omuino
1211 3602 1304 3675 ab
1344 3602 1555 3673 initio
1592 3600 1806 3693 belli,
1852 3604 1979 3675 sed
2016 3603 2295 3676 facilius
2330 3604 2606 3703 frange-

541 3804 590 3837 1.
619 3788 938 3837 Auctor-itate.
980 3788 1168 3837 Occisis
1206 3783 1490 3833 consulibua
1578 3794 1613 3827 e·
1630 3782 1816 3831 Graecia
1846 3782 2043 3833 decreto
2071 3784 2321 3833 revocarit
2338 3820 2353 3844 ,
2382 3783 2467 3831 sed
2497 3784 2603 3833 frn-

463 3866 530 3914 ιὰ
576 3867 818 3914 Mutinam
840 3901 854 3926 ,
909 3868 1164 3915 Octaviani
1218 3866 1489 3930 potentia·
1576 3872 1691 3912 stra.
1708 3865 1859 3923 Nam,
1882 3866 2010 3913 inter
2026 3864 2326 3923 Antonium,
2344 3862 2601 3930 Lepidum,

465 3956 660 3996 cenatus
683 3956 955 4009 suspectam
972 3945 1148 3995 habere
1167 3945 1344 4009 eoepit,
1361 3958 1486 4007 proe·
1576 3943 1899 3991 Octavianum
1916 3944 2275 4009 conspiratione
2295 3954 2465 3993 contra
2484 3960 2603 3991 reu-

467 4026 630 4075 scrtim
649 4042 800 4090 quum
815 4026 882 4085 is,
915 4037 969 4074 ut
996 4026 1133 4075 alteri
1157 4042 1186 4073 e
1205 4022 1488 4079 consulibus
1575 4021 1821 4086 publicam
1854 4024 2009 4086 facta,
2045 4025 2407 4073 triumvirorum
2444 4021 2589 4071 armis

465 4105 782 4166 sufficeretur,
797 4106 1080 4170 postularet.
1097 4108 1266 4171 Itaque
1283 4106 1488 4153 Brutum
1578 4118 1805 4165 oppressa
1823 4117 1940 4155 tunt
1956 4106 2135 4155 omnia.
2162 4106 2310 4155 Mn.
