3019 4681
466 351 610 433 [120
1100 348 1201 415 M.
1246 348 1324 413 T.
1378 347 1974 418 CICERONIS

462 468 779 545 secunda
820 490 1069 539 mensa
1092 522 1113 555 ‚
1148 468 1344 567 apud
1366 452 1807 543 Vestorium.
1841 467 2194 541 Postridie
2219 468 2413 569 apud
2444 474 2609 545 Hir-

460 579 645 649 tium
702 572 1107 671 cogitabam
1148 602 1164 644 ε
1208 590 1280 645 et
1314 576 1614 672 quidem
1654 580 2048 647 πεντέλοιπον
2065 584 2124 644 9.
2191 577 2307 647 Sic
2369 576 2610 649 homi-

457 708 629 755 nem
658 680 1036 753 traducere
1066 680 1161 751 ad
1188 684 1579 779 optimates
1607 707 1810 779 pax-0.
1839 688 2038 778 Λῆρος
2055 688 2244 764 πολύς
2265 692 2350 753 ¹⁰.
2377 688 2608 757 Nemo

458 809 568 867 est
609 798 953 877 istorum,
993 794 1123 889 qui
1157 796 1390 864 otium
1430 819 1582 865 non
1623 796 1891 865 timeat.
1946 796 2188 883 Quare
2224 793 2470 867 talaria
2505 795 2608 865 vi-

457 906 864 977 deamus¹¹.
905 901 1211 992 Quidvis
1262 904 1453 974 enim
1492 905 1778 1001 potius,
1828 926 2052 1001 quam
2079 918 2324 975 castra.
2355 907 2608 975 Atticae

453 1013 755 1085 salutem
804 1011 1191 1110 plurimam
1225 1012 1440 1083 velim
1479 1011 1694 1085 dicas.
1741 1016 2095 1111 Exspecto
2129 1014 2404 1109 Octavii
2435 1038 2608 1086 cou-

454 1126 741 1196 ciouem
772 1176 792 1209 ‚
834 1136 905 1193 et
928 1175 948 1210 ,
998 1124 1055 1191 si
1108 1122 1288 1219 quid
1348 1121 1582 1212 aliud;
1640 1126 1950 1195 maxime
2005 1138 2247 1196 autem
2279 1178 2298 1210 ‚
2343 1122 2607 1221 ecquid

454 1233 831 1305 Dolabella
853 1234 1113 1303 tinniat
1134 1241 1233 1320 ¹²3
1259 1256 1353 1303 au
1381 1236 1459 1303 in
1488 1257 1655 1304 meo
1668 1235 1964 1307 nomine
1980 1230 2045 1278 ¹³
2077 1230 2358 1305 tabulas
2381 1257 2608 1334 novas

455 1343 729 1415 fecerit.

523 1530 572 1577 9.
600 1511 928 1562 Πεντὲλοιπον.
946 1511 1044 1575 Qui
1061 1512 1124 1559 de
1146 1510 1307 1575 qm'm's
1322 1528 1485 1576 supen-

450 1606 539 1643 ese.
577 1596 650 1641 Ita
673 1606 853 1641 vocare
894 1590 1113 1639 Hirtium
1138 1590 1359 1651 videtur,
1397 1592 1484 1655 qui

454 1672 515 1721 ‹le
544 1672 762 1735 quinque
788 1668 1072 1719 Caesarianis
1094 1652 1305 1717 restabat
1330 1686 1483 1728 nnus,

454 1766 598 1816 quem
628 1749 693 1797 ad
719 1749 978 1814 optimates
1006 1748 1259 1796 traducere
1286 1756 1481 1811 posset:

452 1846 745 1895 quamquam
772 1828 855 1876 alii
878 1828 1032 1876 aliter.
1060 1829 1277 1877 Eunu-r.
1304 1826 1486 1876 -Sed

450 1908 699 1959 recubant
714 1923 915 1971 quoque
935 1905 1115 1955 Balbus
1134 1917 1183 1955 et
1204 1908 1370 1954 Pansa.
1390 1907 1487 1970 131.

451 2000 535 2037 tur
560 1985 758 2036 Schiitz.
786 1988 912 2035 banc
938 1986 1201 2035 lectionem
1226 1986 1311 2033 vix
1331 2000 1485 2049 agno·

450 2068 566 2125 scit,
587 2076 635 2113 et
654 2065 790 2113 malit
816 2064 1002 2128 aliquid
1030 2061 1319 2128 significari,
1345 2062 1484 2126 quod

448 2145 514 2194 ad
538 2145 699 2193 solum
728 2144 939 2191 Hirtium
964 2144 1228 2207 pertineat,
1258 2158 1301 2190 e.
1321 2158 1367 2190 c.
1388 2136 1485 2189 διι-

446 2222 696 2293 πνολόγον.
713 2224 839 2271 Nam
856 2221 1045 2269 Hirtius
1062 2221 1273 2270 lautitia·
1292 2221 1347 2269 in
1364 2238 1483 2285 epu-

446 2304 511 2352 lia
535 2302 727 2352 amabat
744 2336 757 2361 ,
798 2316 1058 2364 earumque
1080 2316 1130 2348 se
1150 2316 1355 2364 gnarum
1382 2301 1481 2349 exi-

449 2381 751 2430 stimatorem
792 2377 1117 2443 profitebatur
1137 2413 1152 2439 ‚
1194 2379 1324 2427 unde
1368 2395 1481 2428 eum

447 2461 621 2512 Cicero
648 2475 700 2510 te
727 2457 960 2506 coenandi
990 2456 1279 2525 magistrum
1302 2453 1481 2508 habere

448 2653 997 2675 mmmmm
1003 2653 1090 2672 m

1371 2654 1463 2673 m
1468 2654 2118 2674 mmmmm

1574 1513 1711 1563 dicit.
1749 1512 1877 1562 vide
1911 1512 2000 1562 lib.
2027 1516 2140 1579 lx,
2164 1515 2359 1579 epistol.
2397 1516 2478 1565 16.
2511 1516 2606 1564 En.

1652 1610 1731 1643 ro.
1757 1596 1912 1662 Δῆρος
1937 1592 2098 1652 πολύς.
2121 1598 2276 1659 Nugae
2296 1595 2478 1644 multe.

1649 1688 1735 1723 ιι.
1765 1676 1897 1723 Vett.
1924 1674 2124 1739 qnidam
2147 1674 2288 1734 libri,
2325 1675 2603 1726 induamus.

1573 1753 1684 1802 Jnm
1713 1753 1830 1801 olim
1859 1753 2082 1801 Gifnnius
2109 1754 2435 1803 damnaverat.
2465 1756 2605 1802 Lun-

1573 1829 1720 1880 binus
1759 1832 1940 1895 reperit
1982 1832 2244 1880 videamus
2278 1833 2329 1879 ln
2375 1834 2603 1881 omnibus

1572 1912 1696 1961 MSS
1721 1911 1838 1961 ouis.
1863 1911 1912 1960 J.
1937 1914 2000 1961 V.
2028 1912 2084 1962 1..

1649 2006 1732 2039 η.
1766 1989 1981 2039 Tinniae.
2011 1992 2091 2039 An
2109 1990 2501 2054 pecuniamnihi
2519 1990 2603 2039 de·

1572 2070 1725 2119 bitum
1751 2081 2059 2131 annumeret,
2082 2086 2193 2133 quoe
2219 2072 2396 2119 tinnire
2421 2086 2479 2119 ac
2515 2086 2600 2118 so-

1571 2166 1688 2197 nare
1706 2150 1848 2197 solet.
1869 2149 1902 2197 J
1906 2186 1919 2198 .
1943 2150 1998 2197 F.
2023 2150 2266 2197 (ἔκοπτον.

1649 2229 1729 2276 13.
1759 2232 1834 2276 An
1863 2228 1913 2276 in
1935 2244 2040 2276 meo
2061 2228 2278 2276 nomine.
2295 2232 2379 2277 An
2397 2238 2602 2294 propter

1569 2309 1854 2376 pecuniam,
1895 2325 2040 2374 quem
2078 2308 2199 2356 mihi
2244 2308 2420 2370 debet,
2447 2308 2600 2372 legem

1571 2388 1736 2436 tulerit
1762 2387 1823 2435 de
1852 2387 2030 2438 tabulis
2065 2389 2237 2437 novis:
2259 2405 2353 2452 qun
2403 2388 2600 2436 credite

1567 2469 1788 2532 pecuniae
1817 2465 2138 2516 debitoribus
2173 2467 2597 2519 condonabantur.

2382 2655 2598 2676 mm

1048 2838 1651 2920 EPISTOLA
1709 2841 1994 2920 XXII.

445 3011 661 3074 Scribit
702 3031 765 3071 se
810 3029 947 3070 mox
990 3011 1283 3090 Arpinum
1324 3011 1746 3086 discessurum,
1799 3011 2198 3092 significatque
2239 3013 2595 3074 Caesarianos

520 3111 705 3170 otium
736 3110 964 3178 timere,
988 3122 1046 3168 et
1073 3108 1148 3168 ad
1168 3107 1387 3169 bellum
1416 3123 1695 3189 spectare.
1721 3109 1742 3188 (
1756 3115 1826 3168 In
1853 3111 2177 3170 Puteolano
2197 3153 2216 3183 ,
2240 3131 2393 3171 anuo
2422 3115 2498 3172 U.
2522 3115 2590 3172 C.

524 3226 638 3284 7⁰9
654 3248 671 3276 ‚
700 3227 898 3266 mense
920 3208 1091 3266 maio.
1118 3207 1141 3285 )

1116 3368 1437 3433 CICERO
1476 3369 1807 3434 ATTICO
1853 3371 1916 3434 S.

532 3516 854 3584 camon
898 3536 938 3582 a
979 3511 1152 3584 Pilia
1194 3510 1427 3584 factus
1456 3565 1477 3599 ‚
1521 3513 1711 3583 mitti
1753 3511 1843 3584 ad
1892 3505 1962 3583 t'e
2003 3509 2246 3586 idibus
2289 3511 2586 3588 tabella-

435 3623 620 3710 riOS,
659 3626 903 3697 statim
948 3621 1091 3694 hoc
1135 3624 1382 3693 nescio
1419 3624 1600 3720 quid
1645 3627 1950 3696 exaravi.
2006 3626 2328 3696 Primum
2370 3625 2592 3721 igitur

434 3731 614 3802 scire
648 3746 724 3802 te
756 3733 985 3822 volui,
1020 3757 1138 3804 me
1176 3731 1347 3805 hinc
1379 3735 1736 3833 Arpinum
1773 3760 1894 3806 xv1
1929 3733 2069 3806 kal.
2117 3736 2277 3831 jun.
2317 3739 2423 3807 Eo
2453 3736 2586 3833 igi-

432 3854 553 3912 tur
584 3842 861 3931 mittes,
900 3846 958 3914 si
992 3841 1172 3941 quid
1209 3845 1347 3915 erit
1381 3843 1685 3942 posthac
1719 3873 1736 3914 t
1779 3870 2226 3944 quamquam
2254 3847 2407 3943 ipse
2435 3845 2586 3940 jam

425 3947 723 4046 jamque
752 3949 992 4022 adero,
1022 3953 1261 4050 Cupio
1285 3955 1483 4025 enim
1512 3967 1715 4043 ante,
1755 3979 1975 4053 quam
2002 3960 2303 4028 Romam
2331 3957 2546 4027 venio
2565 4010 2586 4044 ,

430 4057 724 4132 odorari
749 4057 1165 4158 diligentius
1186 4115 1207 4151 ,
1245 4062 1425 4161 quid
1451 4055 1782 4136 futurum
1817 4067 1929 4138 sit.
1968 4069 2430 4163 Quamquam
2463 4089 2584 4138 ve-
