3019 4681
642 361 1169 435 EPISTOLAE
1216 361 1351 430 AD
1400 363 1899 450 ΑΤΤιουΜ,
1939 364 2123 451 ΧΠ,
2164 387 2280 435 21.
2384 365 2522 464 257

402 488 557 585 ipse
605 483 865 556 viderit
906 510 921 553 :
965 505 1409 579 quamquam
1426 481 1607 554 illud
1624 485 1932 582 turpiter
1969 485 2273 582 ignorat.
2309 493 2524 562 Cato-

404 621 571 669 nem
610 596 926 694 primum
982 593 1409 664 sententiam
1453 607 1662 690 putat
1714 592 1851 664 de²
1913 592 2526 671 animadversione

408 707 696 792 dixisse3
712 729 934 802 quam
961 725 1216 773 omnes
1238 716 1404 774 ante
1431 700 1759 773 dixerant
1775 757 1794 790 ‚
1821 716 2077 801 praeter
2095 707 2126 756 ⁴
2145 709 2522 780 Caesarem:

406 832 478 888 et
513 839 742 912 quum
794 815 1019 911 ipsius
1069 813 1361 884 Caesaris
1407 827 1556 883 tam
1607 828 1852 884 severa
1899 811 2115 885 fuerit
2139 869 2158 902 ‚
2195 821 2326 912 qui
2369 833 2522 890 tum

405 925 741 1022 praetorio
788 923 950 994 loco
1018 921 1278 993 dixerit
1310 975 1329 1010 ,
1400 921 1888 992 consularium
1946 937 2152 1019 putat
2219 925 2525 1001 leniores

402 1033 621 1106 fuisse
638 1087 657 1122 ,
693 1032 971 1120 Catuli,
1008 1030 1283 1102 Servilii
1310 1085 1329 1118 ,
1386 1030 1851 1101 Lucullorum
1869 1085 1889 1118 ,
1924 1033 2256 1103 Curionis
2281 1088 2300 1123 ,
2347 1041 2528 1107 Tor-

405 1147 642 1241 quati,
676 1142 970 1240 Lepidi,
1006 1140 1263 1229 Gellii,
1292 1139 1598 1212 Volcatii
1619 1195 1640 1230 ,
1677 1140 1944 1239 Figuli,
1973 1146 2237 1231 Cottae,
2275 1148 2354 1214 L.
2382 1150 2527 1217 (2ae-

404 1257 579 1325 saris
599 1307 619 1343 ‚
661 1258 739 1326 C.
773 1253 1085 1340 Pisonis,
1128 1253 1342 1322 etiam
1376 1249 1495 1320 M’.
1545 1249 1998 1322 Glabrionis⁵
2021 1306 2040 1339 ,
2074 1252 2326 1342 Silani,
2371 1261 2526 1326 Mu·

402 1387 625 1453 renae,
654 1361 1193 1460 designatorum
1216 1358 1619 1432 consulum.
1638 1364 1787 1432 Cur
1806 1385 1976 1458 ergo
2001 1363 2078 1432 in
2099 1361 2526 1437 sententiam

407 1469 783 1546 Catonisss‘?
802 1473 991 1562 Quia
1020 1469 1261 1542 verbis
1287 1468 1888 1542 luculentioribus
1909 1485 1980 1542 et
2010 1470 2342 1569 pluribus
2370 1499 2526 1547 rem

406 1581 734 1653 eamdem
778 1576 1444 1678 comprehenderat.
1460 1583 1578 1648 Me
1605 1593 1845 1650 autem
1881 1577 1998 1650 hic
2023 1579 2300 1669 laudat,
2329 1583 2531 1680 quod

404 1692 814 1778 retulerim,
864 1715 1015 1761 non
1055 1687 1259 1787 quod
1299 1685 1760 1786 patefecerim
1801 1742 1821 1776 ,
1873 1689 2076 1784 quod
2113 1690 2532 1766 cohortatus

406 1802 577 1886 sim,
615 1797 817 1897 quod
853 1800 1170 1896 denique
1199 1811 1402 1885 ante,
1441 1821 1660 1892 quam
1697 1799 2150 1870 consulerem
2174 1854 2194 1887 ,
2235 1802 2393 1899 ipse
2415 1804 2531 1898 J‘u·

415 1909 823 1981 dicaverim.
863 1910 1043 1998 Quae
1080 1907 1323 1978 omnia
1378 1908 1551 2002 quia
1591 1909 1768 1977 Cato
1808 1906 2144 1980 laudibus
2186 1912 2535 1986 extulerat

408 2022 484 2088 in
554 2019 804 2090 caelum
842 2071 861 2106 ,
925 2013 1584 2116 perscribendaque
1643 2031 2065 2106 censuerat,
2117 2016 2384 2091 idcirco
2449 2022 2526 2092 in

407 2129 563 2225 ejus
590 2129 1019 2201 sententiam
1047 2141 1155 2199 est
1187 2124 1371 2197 facta
1400 2125 1758 2198 discessio.
1797 2129 1928 2197 Hic
1956 2142 2197 2198 autem
2216 2152 2292 2202 se
2313 2134 2528 2203 etiam

410 2239 731 2310 tribuere
770 2239 1081 2308 multum
1108 2236 1287 2308 mihi
1328 2249 1568 2334 putat,
1608 2235 1810 2333 quod
1855 2238 2248 2335 scripserit,
2283 2271 2316 2306 α
2344 2245 2532 2342 opti-

406 2374 611 2421 mum
652 2348 1097 2422 consulem».
1140 2348 1319 2437 Quis
1361 2348 1556 2417 enim
1589 2346 1904 2441 jejunius
1942 2346 2123 2419 dixit
2155 2350 2536 2425 inimicus?

404 2458 513 2531 Ad
545 2472 785 2531 cetera
812 2482 985 2529 vero
1008 2456 1141 2529 tibi
1169 2454 1783 2553 quemadmodum
1806 2458 2224 2554 rescripsit?
2251 2473 2534 2533 tantum

404 2584 611 2667 rogat
637 2623 658 2656 ,
709 2568 802 2640 de
842 2566 1471 2639 senatusconsulto
1515 2578 1600 2636 ut
1653 2567 1985 2664 corrigas.
2039 2572 2192 2639 Hoc
2235 2570 2560 2667 quidem⁴

404 2677 685 2752 fecisset
708 2691 769 2767 ⁷,
808 2678 1082 2750 etiamsi
1107 2701 1150 2747 a
1188 2669 1462 2747 Ranio⁸
1496 2673 1910 2746 admonitus
1945 2691 2152 2749 esset.
2189 2679 2328 2750 Sed
2369 2679 2522 2753 haec

406 2790 667 2861 iterum
684 2792 840 2887 ipse
867 2786 1151 2859 viderit.
1182 2790 1291 2856 De
1326 2784 1590 2871 hortis,
1620 2789 1966 2882 quoniam
1994 2786 2290 2884 probas,
2321 2790 2528 2865 effice

406 3010 517 3043 cnm
542 2994 757 3058 rogavit,
780 3001 863 3053 nt,
890 2992 933 3040 si
956 2990 1081 3055 qnid
1104 2990 1335 3038 incertius
1362 2989 1423 3037 de

404 3077 455 3123 S.
477 3074 535 3123 C.
554 3074 605 3121 in
624 3073 827 3123 Catonis
850 3071 1135 3119 sententiam
1160 3070 1291 3119 facto
1309 3084 1425 3134 pro-

405 3153 608 3209 tum-et,
636 3152 691 3201 id
708 3151 987 3216 corrigeret.
1006 3151 1222 3198 Manum.

1513 3002 1624 3036 nem
1641 2987 1930 3037 autentim
1947 2986 2204 3050 dixissent,
2221 2992 2416 3057 capitali
2428 3012 2533 3060 με-

1513 3082 1574 3114 na
1604 3069 1883 3128 conjuratos
1907 3066 2190 3118 afficiendo·
2206 3084 2308 3118 esse
2326 3089 2524 3123 censue-

1513 3156 1640 3195 rant.
1657 3146 1772 3194 Seu.

476 3230 526 3283 3.
560 3234 639 3280 De
664 3229 1093 3279 animadversione.
1118 3228 1193 3275 De
1218 3230 1425 3293 punien-

408 3302 483 3351 dis
508 3304 592 3366 iis,
629 3303 715 3367 qui
754 3316 867 3349 cum
898 3298 1105 3350 Catilina
1138 3299 1424 3361 coniurave-

406 3393 533 3431 runt.
554 3383 777 3430 Mum-r.

478 3470 529 3517 4.
574 3460 747 3507 Omnes
788 3468 910 3506 ame
944 3456 1201 3513 dixer-ane,
1238 3469 1427 3522 proem·

409 3539 669 3588 Caesarom.
706 3536 823 3585 Non
866 3534 1003 3600 qnod
1044 3536 1097 3584 in
1127 3536 1214 3584 illo
1254 3548 1426 3585 senatu

406 3619 531 3667 ento
550 3627 661 3665 ante
677 3614 913 3665 Caeumm
926 3615 1209 3663 seutentiam
1222 3614 1426 3665 dixerit:

404 3697 501 3746 hoc
527 3698 655 3745 enim
674 3692 781 3742 fieri
806 3709 911 3742 non
944 3694 1163 3759 potuim
1178 3696 1279 3755 jam
1310 3695 1423 3742 Ma-

404 3778 571 3825 nutius
598 3774 873 3823 observavit
888 3810 905 3835 ,
931 3788 1081 3837 quum
1102 3775 1277 3833 eas-r,
1298 3789 1423 3839 pre-

1582 3226 1634 3275 5.
1677 3228 1809 3274 Vett.
1835 3224 1951 3275 edd.
1989 3228 2063 3273 M.
2097 3225 2240 3275 Acilii
2270 3230 2446 3278 &Sed
2471 3231 2537 3279 le·

1511 3302 1722 3369 gendum
1743 3314 1846 3352 erat
1863 3304 1956 3351 M’.
1973 3304 2138 3352 Acilii.
2155 3306 2189 3353 J
2191 3343 2204 3354 .
2226 3307 2290 3354 V.
2319 3307 2376 3357 L.

1581 3388 1632 3434 6.
1657 3386 1719 3432 In
1738 3384 2024 3433 sententiam
2053 3384 2267 3435 Catone.
2293 3387 2537 3437 Subintel-

1514 3464 1709 3529 ligitur,
1729 3472 1802 3511 est
1828 3463 1953 3511 facta
1979 3462 2225 3512 discessio.
2249 3466 2393 3515 Mu.

1584 3561 1633 3605 7.
1680 3542 1809 3591 Male
1851 3542 2102 3591 Emestius
2127 3548 2360 3606 pervertit
2399 3547 2505 3597 hec
2521 3582 2535 3609 ,

1511 3622 1745 3687 legendo,
1752 3620 1976 3686 stetisses.
1990 3656 2002 3668 .
2017 3656 2031 3669 .
2058 3637 2194 3671 esses.
2213 3624 2263 3672 J.
2281 3626 2347 3673 V.
2369 3627 2426 3675 L.

1585 3702 1634 3749 8.
1661 3699 1839 3747 Bauio:
1858 3701 2017 3761 Quem
2037 3699 2218 3749 volunt
2243 3702 2392 3751 fuisse
2416 3706 2538 3755 ,οι-ί-

1511 3780 1642 3828 bam.
1655 3777 1930 3825 —fflbent
1950 3776 2032 3826 alii
2053 3776 2132 3825 vel
2148 3780 2324 3841 Ratio,
2341 3784 2422 3831 vel
2448 3786 2540 3833 Ta·

406 3866 485 3905 tor
510 3855 787 3919 designatus
802 3888 818 3911 .
849 3856 971 3903 Cato
1007 3862 1167 3902 «nutem
1206 3852 1429 3901 tribuum
1517 3858 1609 3917 tio,
1636 3858 1716 3906 vel
1741 3855 1926 3906 Kanio.
1950 3857 2185 3906 Gruterus
2201 3872 2318 3923 post
2337 3864 2536 3913 Bosium

404 3935 563 4000 plebis
603 3935 883 3999 designatus
909 3942 1055 3993 esset,
1085 3942 1317 3996 pretores
1343 3945 1430 3978 an-

408 4024 503 4062 tem
523 4014 751 4062 tribunos
768 4010 1040 4072 anteirent5
1056 4009 1167 4068 sed,
1182 4010 1433 4074 quodom-

406 4109 523 4153 nes,
548 4103 725 4159 praeter
745 4092 1006 4148 cna-rem,
1044 4087 1131 4151 qui
1152 4098 1262 4140 ante
1288 4092 1435 4144 Cato.

542 4180 607 4246 Π
741 4190 838 4239 Οὶσ.
857 4205 978 4259 pars
1010 4196 1197 4258 quarta·

1516 3937 1722 3987 ridicule
1746 3936 1854 3985 bec
1879 3937 2070 3996 omnia,
2097 3940 2275 3987 «etim
2300 3942 2344 3988 si
2369 3945 2538 3992 erario

1519 4014 1799 4065 adnm-itinn
1842 4026 2034 4079 emet-3
2073 4018 2265 4067 Emest.
2311 4042 2338 4062 α
2359 4022 2543 4071 edam-i

1521 4096 1584 4145 ab
1612 4096 1710 4145 alio
1727 4118 1771 4144 ιι.
1793 4096 1843 4144 J.
1862 4096 1927 4143 V.
1951 4097 2010 4147 1..

2221 4201 2300 4271 ¹7
