3019 4681
648 376 1193 446 EPISTOLAE·
1241 377 1375 444 An
1426 376 1938 461 ΑΤΤΙΟΠΜ,
1970 375 2185 461 XIV,
2227 398 2334 471 ¹7·
2434 378 2582 472 409

458 497 771 569 consiliis
814 494 1323 594 obtemperans
1352 550 1371 585 ,
1408 499 2069 594 praestantissimum
2109 512 2179 568 te
2220 498 2483 585 civem,
2512 512 2586 569 et

460 606 891 703 singularem
916 606 1285 677 consulem
1316 607 1654 705 praebeas.
1690 606 1974 698 Quibus
1989 630 2122 703 ego
2142 632 2584 705 quamquam

459 718 821 787 verissime
859 740 1155 813 possum
1188 715 1666 814 respondere,
1687 742 1850 814 quae
1882 714 2129 805 facias,
2160 732 2288 796 tuo
2310 718 2584 814 judicio

457 840 531 896 et
566 840 693 897 tua
730 842 989 926 sponte
1032 825 1301 916 facere,
1346 851 1483 897 nec
1518 827 1945 923 cujusquam
1985 850 2196 923 egere
2239 827 2581 915 consili03

459 950 701 1007 tamen
747 960 991 1033 neque
1035 935 1244 1034 plane
1298 939 1652 1008 assentior
1681 992 1700 1025 ‚
1761 962 1856 1009 ne
1911 939 2336 1009 imminuam
2389 951 2588 1010 tuam

460 1044 785 1135 laudem,
821 1049 881 1117 si
916 1048 1153 1119 omnis
1192 1070 1235 1118 a
1270 1049 1445 1119 meis
1492 1048 1804 1119 consiliis
1845 1045 2168 1147 profecta
2211 1048 2542 1121 videatur
2567 1104 2588 1137 ‚

457 1180 701 1253 neque
745 1156 953 1227 valde
994 1181 1205 1253 nego,
1253 1161 1426 1227 Sum
1484 1161 1679 1229 enim
1731 1158 2005 1229 avidior
2052 1158 2261 1229 etiam
2285 1211 2304 1241 ‚
2367 1182 2586 1254 quam

457 1267 625 1337 satis
657 1282 801 1355 est,
841 1266 1103 1365 gloriae.
1129 1270 1221 1337 Et
1255 1280 1497 1338 tamen
1536 1292 1686 1338 non
1718 1262 2078 1339 alienum³
2105 1281 2214 1339 est
2245 1265 2591 1365 dignitate

460 1391 623 1463 tua,
664 1376 866 1473 quod
909 1380 1039 1474 ipsi
1078 1378 1636 1480 Agamemnoni,
1669 1401 1922 1473 regum
1955 1377 2148 1472 regi,
2190 1373 2327 1446 fuit
2360 1374 2592 1447 hone-

458 1500 651 1556 stum
670 1538 690 1573 ‚
720 1484 987 1558 habere
1010 1486 1331 1583 aliquem
1355 1489 1431 1556 in
1463 1486 1777 1558 consiliis
1801 1485 2162 1584 capiendis
2178 1489 2591 1574 Nestorem3

462 1596 640 1666 mihi
685 1621 858 1667 vero
915 1597 1311 1694 gloriosum
1335 1650 1354 1682 ‚
1404 1611 1475 1667 te
1523 1598 1869 1693 juvenem
1913 1597 2285 1668 consulem
2333 1594 2591 1668 florere

452 1704 797 1778 ¹laudibus
820 1762 837 1795 ,
894 1709 1103 1804 quasi
1136 1708 1511 1778 alumnum
1550 1707 1938 1803 disciplinae
1977 1730 2174 1776 meae.

556 1820 638 1887 L.
678 1817 973 1914 quidem
1012 1822 1278 1906 Caesar,
1322 1842 1553 1915 quum
1591 1815 1681 1888 ad
1720 1840 1886 1887 eum
1927 1829 2274 1911 aegrotum
2303 1818 2592 1910 Neapo-

460 1924 587 1995 lim
627 1930 985 2000 venissem
1008 1982 1027 2018 ‚
1064 1926 1511 2026 quamquam
1543 1940 1696 1997 erat.
1744 1948 2134 2023 oppressus
2170 1924 2394 1994 totius
2437 1944 2593 1992 cor-

414 2055 417 2059 ’
460 2039 657 2132 poris
678 2035 1053 2110 doloribus
1074 2092 1094 2125 ‚
1118 2053 1363 2109 tamen
1388 2051 1591 2122 ante,
1609 2060 1832 2132 quam
1853 2059 1968 2105 me
1995 2033 2208 2133 plane
2233 2033 2590 2117 salutavit,

462 2176 495 2211 κ
510 2150 573 2215 O
589 2149 684 2216 mi
704 2150 954 2219 Cicero
975 2202 993 2232 ‚
1010 2150 1248 2245 inquit
1266 2201 1285 2235 ‚
1306 2146 1626 2244 gratulor
1649 2145 1784 2217 tibi
1801 2148 2071 2243 {quum
2095 2158 2375 2216 tantum
2401 2142 2592 2213 vales

464 2255 660 2353 apud
688 2257 1132 2328 Dolabellam
1158 2312 1178 2346 ‚
1216 2272 1570 2356 quantum
1599 2259 1657 2329 si
1690 2280 1826 2354 ego
1853 2256 2045 2352 apud
2064 2257 2330 2327 sororis
2359 2252 2588 2323 filium

462 2368 768 2439 valerem
788 2381 808 2456 ς
831 2369 979 2464 jam
1012 2370 1185 2440 salvi
1220 2395 1375 2442 esse
1412 2392 1811 2467 possemus.
1838 2365 2221 2439 Dolabellae
2254 2387 2427 2435 vero
2464 2378 2593 2434 tuo

464 2491 535 2546 et
583 2479 941 2573 gratulor,
996 2494 1071 2550 et
1115 2483 1377 2576 gratias
1428 2503 1604 2577 ago·‚
1641 2493 1860 2574 quem
1919 2476 2215 2574 quidem
2239 2529 2259 2564 ‚
2321 2488 2489 2573 post
2522 2489 2594 2546 te

463 2587 836 2678 consulem
865 2643 886 2674 ‚
940 2589 1177 2660 solum
1232 2612 1530 2686 possum
1589 2612 1756 2659 vere
1820 2587 2193 2658 consulem
2257 2584 2496 2657 dicere
2537 2616 2592 2655 n.

462 2698 650 2770 Dein
675 2700 705 2748 4
756 2699 985 2770 multa
1041 2700 1131 2770 de
1200 2698 1390 2770 facto
1466 2722 1549 2768 ac
1609 2696 1700 2767 de
1761 2721 1841 2767 re
1899 2711 2116 2793 gesta.
2171 2700 2356 2766 Tum
2407 2694 2593 2765 nihil

462 2805 1072 2903 magnificentius,
1106 2809 1285 2878 nihil
1308 2807 1717 2905 praeclarius
1744 2820 1982 2877 actum
2001 2829 2348 2902 umquam
2369 2860 2388 2891 ‚
2419 2805 2598 2876 nihil

368 2962 373 2976 ι
463 2915 875 3014 reipublicae
900 2918 1281 2988 salutarius
1311 2932 1570 3013 :atque
1595 2915 1746 2985 haec
1771 2938 1920 2984 una
1954 2938 2094 2985 vox
2110 2918 2440 2985 omnium
2467 2927 2592 2984 est.

465 3031 527 3096 A
554 3041 627 3097 te
661 3041 901 3097 autem
941 3042 1112 3125 peto
1142 3082 1161 3116 ‚
1204 3031 1311 3098 uti
1360 3052 1475 3097 me
1526 3025 1716 3096 hanc
1766 3025 1971 3120 quasi
2017 3023 2265 3094 falsam
2309 3023 2600 3094 heredi-

467 3139 689 3206 tatem
742 3137 991 3208 alienae
1050 3137 1289 3236 gloriae
1334 3141 1525 3208 sinas
1562 3159 1888 3222 cernere,
1928 3158 2192 3230 meque
2229 3133 2468 3229 aliqua
2509 3157 2601 3204 ex

467 3260 671 3344 parte
722 3248 799 3318 in
849 3253 1261 3319 societatem
1318 3263 1610 3318 tuarum
1663 3243 1956 3316 laudum
2005 3244 2252 3314 venire
2306 3245 2596 3340 patiare.

470 3358 967 3452 Quamquam,
1004 3360 1103 3427 mi
1140 3355 1511 3428 Dolabella
1538 3355 1731 3452 (haec
1781 3354 1974 3423 enim
2014 3352 2296 3447 jocatus
2353 3351 2598 3446 sum),

468 3464 814 3538 libentius
858 3493 1111 3540 omnes
1160 3492 1399 3553 τηρεε,
1464 3467 1525 3536 si
1589 3462 1809 3534 modo
1861 3477 2027 3534 sunt
2079 3461 2334 3559 aliquae
2388 3485 2601 3543 meae,

470 3575 717 3648 laudes
746 3576 837 3648 ad
877 3591 948 3648 te
986 3575 1495 3648 transfuderim
1517 3628 1537 3663 ‚
1571 3599 1788 3671 quam
1820 3573 2133 3669 aliquam
2170 3584 2448 3669 partem
2476 3595 2600 3640 ex-

472 3685 832 3758 hauserim
856 3714 943 3759 ex
962 3692 1125 3759 tuis.
1156 3690 1337 3757 Nam
1368 3710 1599 3782 quum
1626 3699 1696 3754 te
1721 3707 2005 3780 semper
2040 3696 2315 3751 tantum
2341 3678 2602 3751 dilexe-

470 3800 605 3868 rim
627 3851 647 3886 ,
674 3814 1028 3895 quantum
1052 3812 1134 3869 tu
1150 3796 1550 3893 intelligere
1570 3793 1910 3892 potuisti,
1933 3805 2088 3861 tum
2104 3789 2216 3860 his
2241 3791 2382 3862 tuis
2401 3787 2602 3860 factis

545 4011 597 4058 3.
636 4013 694 4058 In
720 4011 873 4060 altero
898 4011 1147 4076 exemplo,
1174 4032 1199 4052 ι
1221 4013 1307 4060 Est
1335 4021 1495 4060 tamen
1657 4025 1708 4070 4.
1735 4011 1878 4062 Dein.
1903 4015 1964 4062 In
1996 4013 2148 4062 altero
2181 4011 2434 4078 exemplo,
2463 4011 2606 4060 Dein-

474 4105 573 4138 non
592 4090 801 4158 alienum
823 4113 865 4140 ιο.
893 4093 943 4142 J.
968 4095 1036 4158 Vg
1062 4095 1116 4140 L.
1586 4093 1662 4140 de.
1681 4095 1730 4141 J.
1743 4096 1806 4141 V.
1834 4095 1889 4142 L.
2051 4105 2058 4112 ”
