<?xml version="1.0" encoding="UTF-8"?>
<!DOCTYPE html PUBLIC "-//W3C//DTD XHTML 1.0 Transitional//EN"
    "http://www.w3.org/TR/xhtml1/DTD/xhtml1-transitional.dtd">
<html xmlns="http://www.w3.org/1999/xhtml" xml:lang="en" lang="en">
 <head>
  <title>
</title>
<meta http-equiv="Content-Type" content="text/html;charset=utf-8" />
  <meta name='ocr-system' content='tesseract 3.04.00' />
  <meta name='ocr-capabilities' content='ocr_page ocr_carea ocr_par ocr_line ocrx_word'/>
</head>
<body>
  <div class='ocr_page' id='page_1' title='image "./mtciceronisquae04lemagoog_0532.png"; bbox 0 0 3019 4681; ppageno 0'>
   <div class='ocr_carea' id='block_1_1' title="bbox 389 316 2012 448">
    <p class='ocr_par' dir='ltr' id='par_1_1' title="bbox 389 316 2012 448">
     <span class='ocr_line' id='line_1_1' title="bbox 389 316 2012 448; baseline -0.007 1"><span class='ocrx_word' id='word_1_1' title='bbox 389 316 399 331; x_wconf 64' lang='lat'><strong><em>‘</em></strong></span> <span class='ocrx_word' id='word_1_2' title='bbox 494 374 633 448; x_wconf 79' lang='lat'><strong>526</strong></span> <span class='ocrx_word' id='word_1_3' title='bbox 1081 371 2012 443; x_wconf 79' lang='lat' dir='ltr'><strong>PRAEFATIUNCULA.</strong></span> 
     </span>
    </p>
   </div>
   <div class='ocr_carea' id='block_1_2' title="bbox 382 490 2766 4009">
    <p class='ocr_par' dir='ltr' id='par_1_2' title="bbox 489 490 2766 1349">
     <span class='ocr_line' id='line_1_2' title="bbox 492 490 2766 603; baseline -0.004 -24"><span class='ocrx_word' id='word_1_4' title='bbox 492 496 845 580; x_wconf 86' lang='lat' dir='ltr'><strong>Caesaris.</strong></span> <span class='ocrx_word' id='word_1_5' title='bbox 880 490 1033 599; x_wconf 91' lang='lat' dir='ltr'><strong>(Ad</strong></span> <span class='ocrx_word' id='word_1_6' title='bbox 1068 492 1167 594; x_wconf 87' lang='lat' dir='ltr'><strong>Q.</strong></span> <span class='ocrx_word' id='word_1_7' title='bbox 1190 493 1446 572; x_wconf 87' lang='lat' dir='ltr'><strong>Fratr.</strong></span> <span class='ocrx_word' id='word_1_8' title='bbox 1474 493 1592 590; x_wconf 92' lang='lat' dir='ltr'><strong>II,</strong></span> <span class='ocrx_word' id='word_1_9' title='bbox 1637 491 1788 597; x_wconf 88' lang='lat'><strong>16.)</strong></span> <span class='ocrx_word' id='word_1_10' title='bbox 1824 491 2053 571; x_wconf 89' lang='lat' dir='ltr'><strong>Poesi</strong></span> <span class='ocrx_word' id='word_1_11' title='bbox 2087 518 2408 603; x_wconf 89' lang='lat' dir='ltr'><strong>quoque</strong></span> <span class='ocrx_word' id='word_1_12' title='bbox 2442 518 2636 600; x_wconf 88' lang='lat' dir='ltr'><strong>ope-</strong></span> <span class='ocrx_word' id='word_1_13' title='bbox 2755 524 2766 536; x_wconf 80' lang='grc'><strong><em>·</em></strong></span> 
     </span>
     <span class='ocr_line' id='line_1_3' title="bbox 490 612 2632 721; baseline -0.004 -20"><span class='ocrx_word' id='word_1_14' title='bbox 490 648 663 701; x_wconf 89' lang='lat' dir='ltr'><strong>ram</strong></span> <span class='ocrx_word' id='word_1_15' title='bbox 710 615 1062 716; x_wconf 83' lang='lat' dir='ltr'><strong>dedisse,</strong></span> <span class='ocrx_word' id='word_1_16' title='bbox 1109 642 1207 695; x_wconf 84' lang='lat' dir='ltr'><strong>ex</strong></span> <span class='ocrx_word' id='word_1_17' title='bbox 1253 614 1507 695; x_wconf 89' lang='lat' dir='ltr'><strong>titulis</strong></span> <span class='ocrx_word' id='word_1_18' title='bbox 1564 612 2180 721; x_wconf 84' lang='lat' dir='ltr'><strong>tragoediarum,</strong></span> <span class='ocrx_word' id='word_1_19' title='bbox 2236 616 2585 721; x_wconf 85' lang='lat' dir='ltr'>Erigone</span> <span class='ocrx_word' id='word_1_20' title='bbox 2609 678 2632 715; x_wconf 90' lang='lat'>‚</span> 
     </span>
     <span class='ocr_line' id='line_1_4' title="bbox 492 736 2638 846; baseline -0.002 -23"><span class='ocrx_word' id='word_1_21' title='bbox 492 745 837 837; x_wconf 74' lang='lat' dir='ltr'><strong>Electra,</strong></span> <span class='ocrx_word' id='word_1_22' title='bbox 897 736 1259 837; x_wconf 83' lang='lat' dir='ltr'>Troade,</span> <span class='ocrx_word' id='word_1_23' title='bbox 1332 755 1688 846; x_wconf 88' lang='lat' dir='ltr'><strong>apparet.</strong></span> <span class='ocrx_word' id='word_1_24' title='bbox 1729 738 1918 817; x_wconf 92' lang='lat' dir='ltr'><strong>Non</strong></span> <span class='ocrx_word' id='word_1_25' title='bbox 1981 739 2269 817; x_wconf 92' lang='lat' dir='ltr'><strong>mirum</strong></span> <span class='ocrx_word' id='word_1_26' title='bbox 2317 738 2638 818; x_wconf 84' lang='lat' dir='ltr'><strong>videtur</strong></span> 
     </span>
     <span class='ocr_line' id='line_1_5' title="bbox 489 861 2636 969; baseline -0.003 -21"><span class='ocrx_word' id='word_1_27' title='bbox 489 870 665 948; x_wconf 84' lang='lat' dir='ltr'><strong>viro</strong></span> <span class='ocrx_word' id='word_1_28' title='bbox 696 863 1158 946; x_wconf 89' lang='lat' dir='ltr'><strong>doctissimo</strong></span> <span class='ocrx_word' id='word_1_29' title='bbox 1191 861 1259 941; x_wconf 86' lang='lat' dir='ltr'><strong>J.</strong></span> <span class='ocrx_word' id='word_1_30' title='bbox 1301 862 1400 942; x_wconf 90' lang='lat' dir='ltr'><strong>V.</strong></span> <span class='ocrx_word' id='word_1_31' title='bbox 1444 862 1800 941; x_wconf 74' lang='lat' dir='ltr'><strong>Lsscmnc</strong></span> <span class='ocrx_word' id='word_1_32' title='bbox 1855 862 1990 941; x_wconf 81' lang='lat' dir='ltr'><strong>vix</strong></span> <span class='ocrx_word' id='word_1_33' title='bbox 2029 889 2300 941; x_wconf 87' lang='lat' dir='ltr'><strong>versus</strong></span> <span class='ocrx_word' id='word_1_34' title='bbox 2350 864 2636 969; x_wconf 83' lang='lat' dir='ltr'><strong>viginti</strong></span> 
     </span>
     <span class='ocr_line' id='line_1_6' title="bbox 492 982 2640 1101; baseline -0.004 -30"><span class='ocrx_word' id='word_1_35' title='bbox 492 993 663 1101; x_wconf 85' lang='lat' dir='ltr'><strong>ejus</strong></span> <span class='ocrx_word' id='word_1_36' title='bbox 696 1004 1005 1069; x_wconf 82' lang='lat' dir='ltr'><strong>exstare</strong></span> <span class='ocrx_word' id='word_1_37' title='bbox 1040 1014 1061 1064; x_wconf 90' lang='lat'>:</span> <span class='ocrx_word' id='word_1_38' title='bbox 1094 1000 1415 1093; x_wconf 89' lang='lat' dir='ltr'><strong>poetam</strong></span> <span class='ocrx_word' id='word_1_39' title='bbox 1450 983 1667 1063; x_wconf 90' lang='lat' dir='ltr'><strong>enim</strong></span> <span class='ocrx_word' id='word_1_40' title='bbox 1707 984 1849 1093; x_wconf 89' lang='lat' dir='ltr'><strong>qui</strong></span> <span class='ocrx_word' id='word_1_41' title='bbox 1904 982 2188 1065; x_wconf 84' lang='lat' dir='ltr'><strong>diebus</strong></span> <span class='ocrx_word' id='word_1_42' title='bbox 2243 984 2640 1067; x_wconf 82' lang='lat' dir='ltr'><strong>sexdecim</strong></span> 
     </span>
     <span class='ocr_line' id='line_1_7' title="bbox 494 1107 2642 1227; baseline -0.003 -32"><span class='ocrx_word' id='word_1_43' title='bbox 494 1131 843 1227; x_wconf 87' lang='lat' dir='ltr'><strong>quatuor</strong></span> <span class='ocrx_word' id='word_1_44' title='bbox 926 1107 1361 1217; x_wconf 63' lang='lat' dir='ltr'><strong>wagoedias</strong></span> <span class='ocrx_word' id='word_1_45' title='bbox 1444 1107 1766 1215; x_wconf 87' lang='lat' dir='ltr'><strong>scripsit</strong></span> <span class='ocrx_word' id='word_1_46' title='bbox 1785 1168 1806 1208; x_wconf 94' lang='lat'>,</span> <span class='ocrx_word' id='word_1_47' title='bbox 1885 1108 2020 1189; x_wconf 79' lang='lat' dir='ltr'><strong>vix</strong></span> <span class='ocrx_word' id='word_1_48' title='bbox 2086 1109 2189 1189; x_wconf 90' lang='lat' dir='ltr'><strong>ad</strong></span> <span class='ocrx_word' id='word_1_49' title='bbox 2277 1126 2642 1217; x_wconf 89' lang='lat' dir='ltr'><strong>posteros</strong></span> 
     </span>
     <span class='ocr_line' id='line_1_8' title="bbox 497 1228 1678 1349; baseline -0.004 -33"><span class='ocrx_word' id='word_1_50' title='bbox 497 1252 1063 1349; x_wconf 83' lang='lat' dir='ltr'><strong>perventurum</strong></span> <span class='ocrx_word' id='word_1_51' title='bbox 1103 1250 1314 1313; x_wconf 89' lang='lat' dir='ltr'><strong>recte</strong></span> <span class='ocrx_word' id='word_1_52' title='bbox 1350 1228 1678 1340; x_wconf 85' lang='lat' dir='ltr'><strong>judicat.</strong></span> 
     </span>
    </p>

    <p class='ocr_par' dir='ltr' id='par_1_3' title="bbox 500 1352 2646 1588">
     <span class='ocr_line' id='line_1_9' title="bbox 605 1352 2644 1468; baseline -0.005 -25"><span class='ocrx_word' id='word_1_53' title='bbox 605 1360 805 1468; x_wconf 89' lang='lat' dir='ltr'><strong>Ejus</strong></span> <span class='ocrx_word' id='word_1_54' title='bbox 846 1373 1033 1438; x_wconf 88' lang='lat' dir='ltr'><strong>sunt</strong></span> <span class='ocrx_word' id='word_1_55' title='bbox 1065 1356 1295 1464; x_wconf 86' lang='lat' dir='ltr'><strong>epist.</strong></span> <span class='ocrx_word' id='word_1_56' title='bbox 1334 1352 1438 1435; x_wconf 90' lang='lat' dir='ltr'><strong>ad</strong></span> <span class='ocrx_word' id='word_1_57' title='bbox 1470 1354 1854 1436; x_wconf 84' lang='lat' dir='ltr'><strong>Tironem</strong></span> <span class='ocrx_word' id='word_1_58' title='bbox 1890 1372 2092 1454; x_wconf 73' lang='lat' dir='ltr'><strong>treS,</strong></span> <span class='ocrx_word' id='word_1_59' title='bbox 2147 1354 2252 1435; x_wconf 95' lang='lat' dir='ltr'><strong>ad</strong></span> <span class='ocrx_word' id='word_1_60' title='bbox 2287 1356 2644 1435; x_wconf 88' lang='lat' dir='ltr'><strong>Marcum</strong></span> 
     </span>
     <span class='ocr_line' id='line_1_10' title="bbox 500 1476 2646 1588; baseline -0.004 -21"><span class='ocrx_word' id='word_1_61' title='bbox 500 1484 766 1567; x_wconf 83' lang='lat' dir='ltr'><strong>multae</strong></span> <span class='ocrx_word' id='word_1_62' title='bbox 802 1481 1030 1578; x_wconf 80' lang='lat' dir='ltr'><strong>satis,</strong></span> <span class='ocrx_word' id='word_1_63' title='bbox 1068 1506 1249 1588; x_wconf 82' lang='lat' dir='ltr'><strong>quae</strong></span> <span class='ocrx_word' id='word_1_64' title='bbox 1280 1476 1543 1559; x_wconf 89' lang='lat' dir='ltr'><strong>tribus</strong></span> <span class='ocrx_word' id='word_1_65' title='bbox 1564 1477 1795 1559; x_wconf 88' lang='lat' dir='ltr'><strong>libris</strong></span> <span class='ocrx_word' id='word_1_66' title='bbox 1817 1478 2408 1587; x_wconf 73' lang='lat' dir='ltr'><strong>comprehensa:</strong></span> <span class='ocrx_word' id='word_1_67' title='bbox 2433 1496 2646 1559; x_wconf 88' lang='lat' dir='ltr'><strong>sunt.</strong></span> 
     </span>
    </p>

    <p class='ocr_par' dir='ltr' id='par_1_4' title="bbox 382 1596 2660 2566">
     <span class='ocr_line' id='line_1_11' title="bbox 605 1596 2649 1711; baseline -0.004 -22"><span class='ocrx_word' id='word_1_68' title='bbox 605 1607 921 1689; x_wconf 90' lang='lat' dir='ltr'><strong>Primus</strong></span> <span class='ocrx_word' id='word_1_69' title='bbox 962 1602 1205 1702; x_wconf 88' lang='lat' dir='ltr'><strong>liber,</strong></span> <span class='ocrx_word' id='word_1_70' title='bbox 1246 1602 1475 1711; x_wconf 86' lang='lat' dir='ltr'><strong>cujus</strong></span> <span class='ocrx_word' id='word_1_71' title='bbox 1533 1601 1856 1682; x_wconf 82' lang='lat' dir='ltr'><strong>videtur</strong></span> <span class='ocrx_word' id='word_1_72' title='bbox 1914 1630 2104 1710; x_wconf 88' lang='lat' dir='ltr'><strong>pars</strong></span> <span class='ocrx_word' id='word_1_73' title='bbox 2157 1596 2468 1682; x_wconf 90' lang='lat' dir='ltr'><strong>tantum</strong></span> <span class='ocrx_word' id='word_1_74' title='bbox 2519 1628 2649 1681; x_wconf 79' lang='lat' dir='ltr'><strong>ex·</strong></span> 
     </span>
     <span class='ocr_line' id='line_1_12' title="bbox 382 1722 2652 1833; baseline -0.005 -18"><span class='ocrx_word' id='word_1_75' title='bbox 382 1738 387 1743; x_wconf 78' lang='grc'><strong><em>’</em></strong></span> <span class='ocrx_word' id='word_1_76' title='bbox 506 1750 753 1830; x_wconf 85' lang='lat' dir='ltr'><strong>stare,</strong></span> <span class='ocrx_word' id='word_1_77' title='bbox 793 1726 1039 1809; x_wconf 89' lang='lat' dir='ltr'><strong>habet</strong></span> <span class='ocrx_word' id='word_1_78' title='bbox 1087 1723 1287 1807; x_wconf 89' lang='lat' dir='ltr'><strong>duas</strong></span> <span class='ocrx_word' id='word_1_79' title='bbox 1338 1722 1717 1833; x_wconf 86' lang='lat' dir='ltr'><strong>epistolas</strong></span> <span class='ocrx_word' id='word_1_80' title='bbox 1772 1722 1878 1805; x_wconf 88' lang='lat' dir='ltr'><strong>ad</strong></span> <span class='ocrx_word' id='word_1_81' title='bbox 1924 1727 2026 1829; x_wconf 87' lang='lat' dir='ltr'><strong>Q.</strong></span> <span class='ocrx_word' id='word_1_82' title='bbox 2061 1724 2264 1805; x_wconf 85' lang='lat' dir='ltr'><strong>Asiae</strong></span> <span class='ocrx_word' id='word_1_83' title='bbox 2305 1752 2652 1833; x_wconf 79' lang='lat' dir='ltr'><strong>proprae-</strong></span> 
     </span>
     <span class='ocr_line' id='line_1_13' title="bbox 508 1849 2653 1960; baseline -0.005 -21"><span class='ocrx_word' id='word_1_84' title='bbox 508 1876 765 1938; x_wconf 89' lang='lat' dir='ltr'><strong>torem</strong></span> <span class='ocrx_word' id='word_1_85' title='bbox 801 1852 1161 1960; x_wconf 86' lang='lat' dir='ltr'><strong>scriptas.</strong></span> <span class='ocrx_word' id='word_1_86' title='bbox 1195 1851 1558 1930; x_wconf 82' lang='lat' dir='ltr'><strong>Priorem</strong></span> <span class='ocrx_word' id='word_1_87' title='bbox 1593 1849 2034 1956; x_wconf 82' lang='lat' dir='ltr'><strong>praesertim</strong></span> <span class='ocrx_word' id='word_1_88' title='bbox 2077 1850 2409 1957; x_wconf 90' lang='lat' dir='ltr'><strong>optimis</strong></span> <span class='ocrx_word' id='word_1_89' title='bbox 2450 1876 2653 1958; x_wconf 83' lang='lat' dir='ltr'><strong>prae-</strong></span> 
     </span>
     <span class='ocr_line' id='line_1_14' title="bbox 506 1971 2654 2089; baseline -0.005 -27"><span class='ocrx_word' id='word_1_90' title='bbox 506 1980 758 2089; x_wconf 78' lang='lat' dir='ltr'><strong>ceptis</strong></span> <span class='ocrx_word' id='word_1_91' title='bbox 787 1975 1105 2085; x_wconf 85' lang='lat' dir='ltr'><strong>plenam</strong></span> <span class='ocrx_word' id='word_1_92' title='bbox 1128 1971 1424 2054; x_wconf 86' lang='lat' dir='ltr'><strong>diserte</strong></span> <span class='ocrx_word' id='word_1_93' title='bbox 1450 1971 1787 2055; x_wconf 83' lang='lat' dir='ltr'><strong>miratus</strong></span> <span class='ocrx_word' id='word_1_94' title='bbox 1812 1971 1857 2050; x_wconf 86' lang='lat' dir='ltr'><strong>J</strong></span> <span class='ocrx_word' id='word_1_95' title='bbox 1863 1971 1995 2051; x_wconf 90' lang='lat' dir='ltr'><strong>.V.</strong></span> <span class='ocrx_word' id='word_1_96' title='bbox 2025 1973 2120 2051; x_wconf 90' lang='lat' dir='ltr'><strong>L.</strong></span> <span class='ocrx_word' id='word_1_97' title='bbox 2151 2000 2389 2081; x_wconf 91' lang='lat' dir='ltr'><strong>quam</strong></span> <span class='ocrx_word' id='word_1_98' title='bbox 2415 1972 2654 2079; x_wconf 87' lang='lat' dir='ltr'><strong>vulgo</strong></span> 
     </span>
     <span class='ocr_line' id='line_1_15' title="bbox 505 2093 2656 2215; baseline -0.004 -30"><span class='ocrx_word' id='word_1_99' title='bbox 505 2120 795 2215; x_wconf 91' lang='lat' dir='ltr'><strong>putant</strong></span> <span class='ocrx_word' id='word_1_100' title='bbox 834 2099 1230 2179; x_wconf 85' lang='lat' dir='ltr'><strong>imitatum</strong></span> <span class='ocrx_word' id='word_1_101' title='bbox 1274 2122 1441 2177; x_wconf 89' lang='lat' dir='ltr'><strong>esse</strong></span> <span class='ocrx_word' id='word_1_102' title='bbox 1480 2096 1578 2175; x_wconf 91' lang='lat' dir='ltr'><strong>D.</strong></span> <span class='ocrx_word' id='word_1_103' title='bbox 1617 2093 2112 2176; x_wconf 88' lang='lat' dir='ltr'><strong>Bernardum</strong></span> <span class='ocrx_word' id='word_1_104' title='bbox 2162 2096 2252 2175; x_wconf 95' lang='lat' dir='ltr'><strong>in</strong></span> <span class='ocrx_word' id='word_1_105' title='bbox 2293 2095 2508 2177; x_wconf 88' lang='lat' dir='ltr'><strong>libro</strong></span> <span class='ocrx_word' id='word_1_106' title='bbox 2549 2094 2656 2177; x_wconf 90' lang='lat' dir='ltr'><strong>de</strong></span> 
     </span>
     <span class='ocr_line' id='line_1_16' title="bbox 514 2217 2660 2327; baseline -0.004 -18"><span class='ocrx_word' id='word_1_107' title='bbox 514 2222 1175 2311; x_wconf 81' lang='lat' dir='ltr'><strong>consideratione</strong></span> <span class='ocrx_word' id='word_1_108' title='bbox 1246 2217 1350 2300; x_wconf 87' lang='lat' dir='ltr'><strong>ad</strong></span> <span class='ocrx_word' id='word_1_109' title='bbox 1412 2218 1826 2300; x_wconf 90' lang='lat' dir='ltr'><strong>Summum</strong></span> <span class='ocrx_word' id='word_1_110' title='bbox 1879 2218 2344 2299; x_wconf 88' lang='lat' dir='ltr'><strong>Pontificem</strong></span> <span class='ocrx_word' id='word_1_111' title='bbox 2407 2221 2660 2327; x_wconf 84' lang='lat' dir='ltr'><strong>Euge-</strong></span> 
     </span>
     <span class='ocr_line' id='line_1_17' title="bbox 512 2343 2658 2454; baseline -0.003 -23"><span class='ocrx_word' id='word_1_112' title='bbox 512 2353 729 2432; x_wconf 90' lang='lat' dir='ltr'><strong>nium</strong></span> <span class='ocrx_word' id='word_1_113' title='bbox 764 2348 880 2428; x_wconf 92' lang='grc' dir='ltr'><strong>ΙΙΙ</strong></span> <span class='ocrx_word' id='word_1_114' title='bbox 907 2357 953 2426; x_wconf 85' lang='lat'><strong>⁸.</strong></span> <span class='ocrx_word' id='word_1_115' title='bbox 986 2348 1169 2425; x_wconf 94' lang='lat' dir='ltr'><strong>Duo</strong></span> <span class='ocrx_word' id='word_1_116' title='bbox 1196 2343 1519 2452; x_wconf 86' lang='lat' dir='ltr'><strong>reliquae</strong></span> <span class='ocrx_word' id='word_1_117' title='bbox 1565 2343 1804 2452; x_wconf 85' lang='lat' dir='ltr'><strong>hujus</strong></span> <span class='ocrx_word' id='word_1_118' title='bbox 1845 2343 2034 2424; x_wconf 93' lang='lat' dir='ltr'><strong>libri</strong></span> <span class='ocrx_word' id='word_1_119' title='bbox 2072 2345 2302 2452; x_wconf 83' lang='lat' dir='ltr'><strong>epist.</strong></span> <span class='ocrx_word' id='word_1_120' title='bbox 2343 2345 2658 2454; x_wconf 79' lang='lat' dir='ltr'><strong>scriptae</strong></span> 
     </span>
     <span class='ocr_line' id='line_1_18' title="bbox 516 2467 2266 2566; baseline -0.004 -11"><span class='ocrx_word' id='word_1_121' title='bbox 516 2474 711 2555; x_wconf 89' lang='lat' dir='ltr'><strong>dum</strong></span> <span class='ocrx_word' id='word_1_122' title='bbox 742 2468 1361 2566; x_wconf 65' lang='lat' dir='ltr'><strong>Thessalonicae,</strong></span> <span class='ocrx_word' id='word_1_123' title='bbox 1404 2467 1819 2562; x_wconf 78' lang='lat' dir='ltr'><strong>exsulante</strong></span> <span class='ocrx_word' id='word_1_124' title='bbox 1859 2467 2266 2548; x_wconf 81' lang='lat' dir='ltr'><strong>Cicerone.</strong></span> 
     </span>
    </p>

    <p class='ocr_par' dir='ltr' id='par_1_5' title="bbox 520 2591 2660 3069">
     <span class='ocr_line' id='line_1_19' title="bbox 622 2591 2657 2700; baseline -0.001 -24"><span class='ocrx_word' id='word_1_125' title='bbox 622 2592 991 2676; x_wconf 90' lang='lat' dir='ltr'><strong>Secundo</strong></span> <span class='ocrx_word' id='word_1_126' title='bbox 1030 2592 1246 2672; x_wconf 88' lang='lat' dir='ltr'><strong>libro</strong></span> <span class='ocrx_word' id='word_1_127' title='bbox 1288 2591 1804 2672; x_wconf 90' lang='lat' dir='ltr'><strong>continentur</strong></span> <span class='ocrx_word' id='word_1_128' title='bbox 1841 2593 2074 2700; x_wconf 89' lang='lat' dir='ltr'><strong>epist.</strong></span> <span class='ocrx_word' id='word_1_129' title='bbox 2117 2592 2223 2673; x_wconf 87' lang='lat' dir='ltr'><strong>ad</strong></span> <span class='ocrx_word' id='word_1_130' title='bbox 2259 2595 2657 2697; x_wconf 90' lang='lat' dir='ltr'><strong>Quintum</strong></span> 
     </span>
     <span class='ocr_line' id='line_1_20' title="bbox 520 2711 2660 2827; baseline -0.003 -24"><span class='ocrx_word' id='word_1_131' title='bbox 520 2721 833 2827; x_wconf 76' lang='lat' dir='ltr'><strong>scriptae</strong></span> <span class='ocrx_word' id='word_1_132' title='bbox 886 2743 1071 2795; x_wconf 88' lang='lat' dir='ltr'><strong>ann.</strong></span> <span class='ocrx_word' id='word_1_133' title='bbox 1116 2711 1303 2822; x_wconf 85' lang='lat'><strong>697,</strong></span> <span class='ocrx_word' id='word_1_134' title='bbox 1352 2743 1600 2823; x_wconf 86' lang='lat' dir='ltr'><strong>quum</strong></span> <span class='ocrx_word' id='word_1_135' title='bbox 1645 2715 1734 2794; x_wconf 88' lang='lat' dir='ltr'><strong>in</strong></span> <span class='ocrx_word' id='word_1_136' title='bbox 1783 2714 2152 2797; x_wconf 89' lang='lat' dir='ltr'><strong>Sardinia</strong></span> <span class='ocrx_word' id='word_1_137' title='bbox 2195 2733 2418 2798; x_wconf 85' lang='lat' dir='ltr'><strong>esset.</strong></span> <span class='ocrx_word' id='word_1_138' title='bbox 2461 2720 2660 2797; x_wconf 83' lang='lat' dir='ltr'><strong>Duae</strong></span> 
     </span>
     <span class='ocr_line' id='line_1_21' title="bbox 520 2837 2660 2950; baseline -0.003 -24"><span class='ocrx_word' id='word_1_139' title='bbox 520 2865 775 2927; x_wconf 82' lang='lat' dir='ltr'><strong>tresve</strong></span> <span class='ocrx_word' id='word_1_140' title='bbox 806 2867 1002 2950; x_wconf 88' lang='lat' dir='ltr'><strong>quas</strong></span> <span class='ocrx_word' id='word_1_141' title='bbox 1040 2839 1126 2918; x_wconf 93' lang='lat' dir='ltr'><strong>in</strong></span> <span class='ocrx_word' id='word_1_142' title='bbox 1152 2839 1381 2920; x_wconf 87' lang='lat' dir='ltr'><strong>ltalia</strong></span> <span class='ocrx_word' id='word_1_143' title='bbox 1409 2839 1755 2947; x_wconf 86' lang='lat' dir='ltr'><strong>accepit:</strong></span> <span class='ocrx_word' id='word_1_144' title='bbox 1795 2867 1906 2919; x_wconf 84' lang='lat' dir='ltr'><strong>eae</strong></span> <span class='ocrx_word' id='word_1_145' title='bbox 1947 2837 2291 2948; x_wconf 89' lang='lat' dir='ltr'><strong>denique</strong></span> <span class='ocrx_word' id='word_1_146' title='bbox 2327 2869 2504 2950; x_wconf 80' lang='lat' dir='ltr'><strong>quae</strong></span> <span class='ocrx_word' id='word_1_147' title='bbox 2544 2841 2660 2920; x_wconf 89' lang='lat' dir='ltr'><strong>illi</strong></span> 
     </span>
     <span class='ocr_line' id='line_1_22' title="bbox 521 2961 1937 3069; baseline -0.006 -21"><span class='ocrx_word' id='word_1_148' title='bbox 521 2971 607 3048; x_wconf 89' lang='lat' dir='ltr'><strong>in</strong></span> <span class='ocrx_word' id='word_1_149' title='bbox 643 2963 985 3047; x_wconf 88' lang='lat' dir='ltr'><strong>Galliam</strong></span> <span class='ocrx_word' id='word_1_150' title='bbox 1020 2990 1205 3042; x_wconf 89' lang='lat' dir='ltr'><strong>ann.</strong></span> <span class='ocrx_word' id='word_1_151' title='bbox 1229 2961 1386 3069; x_wconf 91' lang='lat'><strong>699</strong></span> <span class='ocrx_word' id='word_1_152' title='bbox 1429 2961 1686 3042; x_wconf 83' lang='lat' dir='ltr'><strong>missae</strong></span> <span class='ocrx_word' id='word_1_153' title='bbox 1727 2979 1937 3042; x_wconf 89' lang='lat' dir='ltr'><strong>sunt.</strong></span> 
     </span>
    </p>

    <p class='ocr_par' dir='ltr' id='par_1_6' title="bbox 522 3085 2664 3695">
     <span class='ocr_line' id='line_1_23' title="bbox 630 3085 2659 3194; baseline -0.003 -23"><span class='ocrx_word' id='word_1_154' title='bbox 630 3085 884 3171; x_wconf 91' lang='lat' dir='ltr'><strong>Tertii</strong></span> <span class='ocrx_word' id='word_1_155' title='bbox 944 3085 1137 3166; x_wconf 90' lang='lat' dir='ltr'><strong>libri</strong></span> <span class='ocrx_word' id='word_1_156' title='bbox 1194 3087 1423 3193; x_wconf 87' lang='lat' dir='ltr'><strong>epist.</strong></span> <span class='ocrx_word' id='word_1_157' title='bbox 1486 3112 1764 3165; x_wconf 88' lang='lat' dir='ltr'><strong>omnes</strong></span> <span class='ocrx_word' id='word_1_158' title='bbox 1829 3113 2014 3164; x_wconf 88' lang='lat' dir='ltr'><strong>ann.</strong></span> <span class='ocrx_word' id='word_1_159' title='bbox 2077 3086 2233 3192; x_wconf 86' lang='lat'><strong>699</strong></span> <span class='ocrx_word' id='word_1_160' title='bbox 2305 3086 2659 3194; x_wconf 84' lang='lat' dir='ltr'><strong>scriptae,</strong></span> 
     </span>
     <span class='ocr_line' id='line_1_24' title="bbox 522 3208 2662 3328; baseline -0.004 -30"><span class='ocrx_word' id='word_1_161' title='bbox 522 3244 771 3328; x_wconf 89' lang='lat' dir='ltr'><strong>quum</strong></span> <span class='ocrx_word' id='word_1_162' title='bbox 824 3212 1179 3316; x_wconf 88' lang='lat' dir='ltr'><strong>Quintus</strong></span> <span class='ocrx_word' id='word_1_163' title='bbox 1238 3210 1325 3288; x_wconf 91' lang='lat' dir='ltr'><strong>in</strong></span> <span class='ocrx_word' id='word_1_164' title='bbox 1380 3208 1640 3289; x_wconf 90' lang='lat' dir='ltr'><strong>Gallia</strong></span> <span class='ocrx_word' id='word_1_165' title='bbox 1693 3208 1816 3288; x_wconf 84' lang='lat' dir='ltr'><strong>vel</strong></span> <span class='ocrx_word' id='word_1_166' title='bbox 1875 3209 1962 3286; x_wconf 90' lang='lat' dir='ltr'><strong>in</strong></span> <span class='ocrx_word' id='word_1_167' title='bbox 2021 3209 2432 3289; x_wconf 87' lang='lat' dir='ltr'><strong>Britannia</strong></span> <span class='ocrx_word' id='word_1_168' title='bbox 2482 3238 2662 3289; x_wconf 91' lang='lat' dir='ltr'><strong>cum</strong></span> 
     </span>
     <span class='ocr_line' id='line_1_25' title="bbox 527 3329 2661 3440; baseline -0.004 -18"><span class='ocrx_word' id='word_1_169' title='bbox 527 3343 857 3422; x_wconf 85' lang='lat' dir='ltr'><strong>Caesare.</strong></span> <span class='ocrx_word' id='word_1_170' title='bbox 920 3336 1041 3414; x_wconf 83' lang='lat' dir='ltr'><strong>Ex</strong></span> <span class='ocrx_word' id='word_1_171' title='bbox 1094 3333 1221 3412; x_wconf 88' lang='lat' dir='ltr'><strong>his</strong></span> <span class='ocrx_word' id='word_1_172' title='bbox 1277 3330 1636 3439; x_wconf 84' lang='lat' dir='ltr'><strong>epistolis</strong></span> <span class='ocrx_word' id='word_1_173' title='bbox 1699 3348 1778 3410; x_wconf 92' lang='lat' dir='ltr'><strong>et</strong></span> <span class='ocrx_word' id='word_1_174' title='bbox 1845 3329 1948 3412; x_wconf 90' lang='lat' dir='ltr'><strong>ad</strong></span> <span class='ocrx_word' id='word_1_175' title='bbox 2015 3331 2486 3412; x_wconf 85' lang='lat' dir='ltr'><strong>Trebatium</strong></span> <span class='ocrx_word' id='word_1_176' title='bbox 2529 3331 2661 3440; x_wconf 89' lang='lat' dir='ltr'><strong>(ad</strong></span> 
     </span>
     <span class='ocr_line' id='line_1_26' title="bbox 527 3451 2664 3565; baseline -0.003 -22"><span class='ocrx_word' id='word_1_177' title='bbox 527 3459 989 3544; x_wconf 85' lang='lat' dir='ltr'><strong>Divers.VII</strong></span> <span class='ocrx_word' id='word_1_178' title='bbox 1008 3519 1029 3554; x_wconf 90' lang='lat'>‚</span> <span class='ocrx_word' id='word_1_179' title='bbox 1070 3451 1291 3562; x_wconf 87' lang='lat'>6-18)</span> <span class='ocrx_word' id='word_1_180' title='bbox 1336 3453 1584 3534; x_wconf 88' lang='lat' dir='ltr'><strong>multa</strong></span> <span class='ocrx_word' id='word_1_181' title='bbox 1623 3454 1892 3562; x_wconf 84' lang='lat' dir='ltr'><strong>colligi</strong></span> <span class='ocrx_word' id='word_1_182' title='bbox 1934 3473 2296 3562; x_wconf 90' lang='lat' dir='ltr'><strong>possunt,</strong></span> <span class='ocrx_word' id='word_1_183' title='bbox 2320 3486 2498 3565; x_wconf 83' lang='lat' dir='ltr'><strong>quae</strong></span> <span class='ocrx_word' id='word_1_184' title='bbox 2523 3458 2664 3537; x_wconf 87' lang='lat' dir='ltr'><strong>has</strong></span> 
     </span>
     <span class='ocr_line' id='line_1_27' title="bbox 528 3578 1539 3695; baseline -0.012 -27"><span class='ocrx_word' id='word_1_185' title='bbox 528 3583 1077 3695; x_wconf 86' lang='lat' dir='ltr'><strong>expeditiones</strong></span> <span class='ocrx_word' id='word_1_186' title='bbox 1118 3578 1539 3658; x_wconf 86' lang='lat' dir='ltr'><strong>illustrent.</strong></span> 
     </span>
    </p>

    <p class='ocr_par' dir='ltr' id='par_1_7' title="bbox 530 3765 2668 4009">
     <span class='ocr_line' id='line_1_28' title="bbox 606 3765 2667 3834; baseline -0.002 -12"><span class='ocrx_word' id='word_1_187' title='bbox 606 3789 650 3822; x_wconf 85' lang='grc' dir='ltr'><strong>ι.</strong></span> <span class='ocrx_word' id='word_1_188' title='bbox 676 3775 821 3822; x_wconf 73' lang='lat' dir='ltr'><strong>Hanc</strong></span> <span class='ocrx_word' id='word_1_189' title='bbox 863 3767 1119 3834; x_wconf 71' lang='lat' dir='ltr'><strong>separatim</strong></span> <span class='ocrx_word' id='word_1_190' title='bbox 1160 3765 1470 3832; x_wconf 75' lang='lat' dir='ltr'><strong>explicarunt</strong></span> <span class='ocrx_word' id='word_1_191' title='bbox 1511 3775 1562 3814; x_wconf 79' lang='lat' dir='ltr'><strong>et</strong></span> <span class='ocrx_word' id='word_1_192' title='bbox 1595 3765 1856 3816; x_wconf 78' lang='lat' dir='ltr'><strong>ediderunt</strong></span> <span class='ocrx_word' id='word_1_193' title='bbox 1881 3765 1996 3816; x_wconf 73' lang='lat' dir='ltr'><strong>nol.</strong></span> <span class='ocrx_word' id='word_1_194' title='bbox 2032 3766 2280 3830; x_wconf 73' lang='lat' dir='ltr'><strong>Petreius,</strong></span> <span class='ocrx_word' id='word_1_195' title='bbox 2321 3769 2472 3817; x_wconf 70' lang='lat' dir='ltr'><strong>Paria.</strong></span> <span class='ocrx_word' id='word_1_196' title='bbox 2507 3769 2667 3830; x_wconf 69' lang='lat'>15643</span> 
     </span>
     <span class='ocr_line' id='line_1_29' title="bbox 532 3851 2666 3920; baseline -0.002 -10"><span class='ocrx_word' id='word_1_197' title='bbox 532 3859 781 3918; x_wconf 72' lang='lat' dir='ltr'><strong>Bannnier,</strong></span> <span class='ocrx_word' id='word_1_198' title='bbox 806 3857 1001 3908; x_wconf 73' lang='lat' dir='ltr'><strong>zurich.</strong></span> <span class='ocrx_word' id='word_1_199' title='bbox 1020 3851 1183 3918; x_wconf 70' lang='lat'><strong>:5873</strong></span> <span class='ocrx_word' id='word_1_200' title='bbox 1211 3853 1413 3904; x_wconf 67' lang='lat' dir='ltr'><strong>z-chm</strong></span> <span class='ocrx_word' id='word_1_201' title='bbox 1430 3853 1666 3906; x_wconf 69' lang='lat' dir='ltr'><strong>schefer.</strong></span> <span class='ocrx_word' id='word_1_202' title='bbox 1683 3853 1896 3920; x_wconf 67' lang='lat' dir='ltr'><strong>Tnbing.</strong></span> <span class='ocrx_word' id='word_1_203' title='bbox 1919 3855 2051 3904; x_wconf 71' lang='lat'><strong>1628</strong></span> <span class='ocrx_word' id='word_1_204' title='bbox 2069 3873 2084 3914; x_wconf 74' lang='grc' dir='ltr'><strong>ς</strong></span> <span class='ocrx_word' id='word_1_205' title='bbox 2105 3859 2277 3904; x_wconf 70' lang='lat' dir='ltr'><strong>Franc.</strong></span> <span class='ocrx_word' id='word_1_206' title='bbox 2295 3859 2666 3916; x_wconf 63' lang='lat' dir='ltr'><strong>Hotomanus,</strong></span> 
     </span>
     <span class='ocr_line' id='line_1_30' title="bbox 530 3942 2668 4009; baseline -0.003 -9"><span class='ocrx_word' id='word_1_207' title='bbox 530 3951 675 4000; x_wconf 73' lang='lat' dir='ltr'><strong>Nau.</strong></span> <span class='ocrx_word' id='word_1_208' title='bbox 698 3947 995 4004; x_wconf 67' lang='lat' dir='ltr'><strong>chisti-aus,</strong></span> <span class='ocrx_word' id='word_1_209' title='bbox 1020 3942 1312 4000; x_wconf 68' lang='grc' dir='ltr'><strong>Ὲιοοίοἰιᾱ,</strong></span> <span class='ocrx_word' id='word_1_210' title='bbox 1337 3953 1437 3990; x_wconf 82' lang='lat' dir='ltr'><strong>etc.</strong></span> <span class='ocrx_word' id='word_1_211' title='bbox 1466 3943 1607 3990; x_wconf 73' lang='lat' dir='ltr'><strong>Hanc</strong></span> <span class='ocrx_word' id='word_1_212' title='bbox 1633 3942 1689 3990; x_wconf 82' lang='lat' dir='ltr'><strong>in</strong></span> <span class='ocrx_word' id='word_1_213' title='bbox 1724 3942 1846 3993; x_wconf 78' lang='lat' dir='ltr'><strong>edit.</strong></span> <span class='ocrx_word' id='word_1_214' title='bbox 1873 3943 1922 3992; x_wconf 75' lang='lat'><strong>1.</strong></span> <span class='ocrx_word' id='word_1_215' title='bbox 1943 3945 2009 3992; x_wconf 79' lang='lat' dir='ltr'><strong>V.</strong></span> <span class='ocrx_word' id='word_1_216' title='bbox 2041 3945 2096 3991; x_wconf 81' lang='lat'><strong>1..</strong></span> <span class='ocrx_word' id='word_1_217' title='bbox 2123 3945 2470 4009; x_wconf 70' lang='lat' dir='ltr'><strong>interpretatus</strong></span> <span class='ocrx_word' id='word_1_218' title='bbox 2493 3958 2569 3996; x_wconf 69' lang='lat' dir='ltr'><strong>est</strong></span> <span class='ocrx_word' id='word_1_219' title='bbox 2591 3943 2668 3993; x_wconf 78' lang='lat' dir='ltr'><strong>vii·</strong></span> 
     </span>
    </p>
   </div>
   <div class='ocr_carea' id='block_1_3' title="bbox 532 4029 2668 4185">
    <p class='ocr_par' dir='ltr' id='par_1_8' title="bbox 532 4029 2668 4185">
     <span class='ocr_line' id='line_1_31' title="bbox 533 4029 2668 4099; baseline -0.003 -13"><span class='ocrx_word' id='word_1_220' title='bbox 533 4036 875 4093; x_wconf 65' lang='lat' dir='ltr'><strong>doctissimus,</strong></span> <span class='ocrx_word' id='word_1_221' title='bbox 916 4035 987 4082; x_wconf 83' lang='lat' dir='ltr'><strong>D.</strong></span> <span class='ocrx_word' id='word_1_222' title='bbox 1016 4029 1261 4092; x_wconf 66' lang='lat' dir='ltr'><strong>Burnus,</strong></span> <span class='ocrx_word' id='word_1_223' title='bbox 1285 4045 1423 4080; x_wconf 74' lang='lat' dir='ltr'><strong>meus</strong></span> <span class='ocrx_word' id='word_1_224' title='bbox 1456 4030 1509 4078; x_wconf 78' lang='lat' dir='ltr'><strong>in</strong></span> <span class='ocrx_word' id='word_1_225' title='bbox 1547 4029 1809 4079; x_wconf 60' lang='lat' dir='ltr'><strong>Academia</strong></span> <span class='ocrx_word' id='word_1_226' title='bbox 1835 4031 2094 4080; x_wconf 65' lang='lat' dir='ltr'><strong>Pau-intensi</strong></span> <span class='ocrx_word' id='word_1_227' title='bbox 2119 4032 2334 4096; x_wconf 72' lang='lat' dir='ltr'><strong>collega,</strong></span> <span class='ocrx_word' id='word_1_228' title='bbox 2372 4033 2423 4081; x_wconf 70' lang='lat' dir='ltr'><strong>in</strong></span> <span class='ocrx_word' id='word_1_229' title='bbox 2459 4033 2668 4099; x_wconf 80' lang='lat' dir='ltr'><strong>collegio</strong></span> 
     </span>
     <span class='ocr_line' id='line_1_32' title="bbox 532 4115 1498 4185; baseline -0.009 -12"><span class='ocrx_word' id='word_1_230' title='bbox 532 4125 706 4174; x_wconf 68' lang='lat' dir='ltr'><strong>Gallia</strong></span> <span class='ocrx_word' id='word_1_231' title='bbox 730 4120 1027 4185; x_wconf 61' lang='lat' dir='ltr'><strong>eloquentia</strong></span> <span class='ocrx_word' id='word_1_232' title='bbox 1045 4118 1210 4166; x_wconf 71' lang='lat' dir='ltr'><strong>latinae</strong></span> <span class='ocrx_word' id='word_1_233' title='bbox 1230 4115 1498 4181; x_wconf 70' lang='lat' dir='ltr'><strong>professor.</strong></span> 
     </span>
    </p>
   </div>
  </div>
 </body>
</html>
