3019 4681
421 357 561 432 662
751 359 1268 432 Ems‘mLAE
1317 341 1686 469 cmm
1738 355 2091 442 BRUTI,
2146 347 2213 424 5.

415 485 630 554 Nunc
663 505 793 578 per
833 481 1146 579 auspicia
1188 481 1476 578 longam
1521 502 1803 550 moram
1845 474 2086 550 vide0.
2121 477 2316 545 Dum
2362 475 2559 548 enim

425 616 618 666 unus
661 594 800 664 erit
843 592 1184 689 patricius
1228 595 1681 689 magistratus
1704 644 1727 678 ,
1786 587 2104 686 auspicia
2125 597 2157 646 9
2193 583 2281 655 ad
2324 599 2564 683 patres

425 702 661 778 redire
691 728 838 774 non
872 717 1197 800 possunt.
1239 705 1502 800 Magna
1542 725 1713 775 sane
1750 696 2223 798 perturbatio,
2266 699 2378 766 Tu
2413 709 2563 766 tota

426 812 518 885 de
541 838 619 886 re
649 812 823 910 quid
841 814 1136 899 sentias,
1159 812 1376 884 velim
1399 837 1519 884 me
1548 811 1771 883 facias
1792 810 2197 880 certiorem.
2228 831 2309 877 ιιι
2338 829 2566 878 nonas

435 924 674 996 maias·
708 920 908 994 Vale.

437 1105 776 1170 subrogandus
803 1104 979 1170 aliquis
987 1115 1113 1153 esset
1133 1105 1184 1152 in
1215 1102 1461 1154 demortui
1548 1104 1855 1170 magistratus
1880 1101 2213 1168 pertinebant,
2242 1114 2333 1148 nec
2353 1098 2416 1147 ad
2440 1115 2571 1148 sena-

439 1186 628 1242 locum,
655 1183 978 1232 habebantur.
1550 1193 1685 1241 tum,
1712 1183 1807 1232 nisi
1843 1197 1995 1248 quum
2022 1181 2181 1230 iinon
2204 1191 2393 1238 essem,
2420 1189 2574 1227 trans-

509 1279 561 1328 9.
600 1266 699 1312 Per
736 1262 976 1328 auspicio.
995 1263 1122 1326 Quoe
1147 1263 1212 1312 ad
1233 1261 1467 1328 pau-fido·
1552 1262 1671 1312 ferri
1688 1271 1935 1328 poterant.
1970 1261 2122 1310 mn.

443 1435 2197 1458 mmmmmmmwssmmmmmmm
2212 1433 2581 1456 mmm

1115 1641 1697 1722 EPISTOLA
1760 1641 1913 1722 VI.

454 1818 794 1896 Respondet
826 1819 1084 1897 epistole
1127 1818 1420 1898 superiori
1455 1841 1468 1876 :
1520 1819 1783 1897 Glycona
1826 1815 2115 1876 medicum
2140 1822 2391 1892 Pansae,
2442 1826 2510 1872 ut
2552 1833 2587 1872 e

535 1915 796 1974 custodia
823 1917 1070 1996 eripiat,
1097 1931 1302 1994 rogat:
1345 1915 1643 1988 Flavium,
1674 1917 1778 1995 qui
1809 1935 1943 1974 cum
1976 1913 2401 1993 Dyrrhachinis
2426 1912 2587 1972 litem

533 2011 806 2084 habebat,
825 2012 1224 2085 commendat,
1248 2025 1308 2071 et
1331 2011 1406 2072 de
1433 2011 1737 2072 Dolabella
1762 2012 1961 2092 fugato
1992 2021 2257 2088 oesoque
2284 2008 2591 2067 certiorem

543 2109 700 2166 facit.
734 2110 847 2187 (Ex
873 2109 1102 2179 castris,
1127 2108 1200 2168 ad
1232 2109 1407 2168 imam
1436 2108 1815 2181 Candaviam,
1849 2128 2002 2168 anno
2036 2112 2111 2168 U.
2140 2111 2207 2167 C.
2232 2125 2374 2180 710,
2400 2125 2597 2166 mense

541 2201 744 2284 maio.)

1072 2339 1404 2412 BRUTUS
1449 2337 1866 2407 CICERONI
1910 2339 1973 2407 S.

559 2496 747 2563 Nom
789 2508 1204 2590 exspectare
1233 2548 1254 2583 ,
1307 2492 1481 2565 dum
1524 2492 1657 2565 tibi
1691 2494 1949 2592 gratias
1992 2518 2218 2591 agam.
2254 2499 2409 2565 Jam
2453 2489 2599 2589 pri-

466 2600 634 2672 dem
680 2600 822 2673 hoc
866 2628 956 2673 ex
1004 2611 1249 2675 nostra
1285 2602 1855 2693 necessitudine,
1908 2630 2069 2702 quae
2110 2602 2200 2675 ad
2244 2626 2601 2675 summam

467 2708 1029 2785 benivolentiam
1071 2715 1434 2812 pervenit,
1475 2712 1840 2785 sublatum
1896 2738 2051 2785 esse
2096 2711 2337 2784 debet.
2389 2710 2605 2783 Filius

471 2836 642 2893 tuus
669 2846 711 2891 a
737 2846 856 2893 me
886 2821 1088 2896 abest
1127 2850 1143 2893 ε
1184 2825 1259 2895 in
1296 2822 1719 2897 Macedonia
1758 2823 2327 2922 congrediemur.
2360 2828 2608 2893 Jussus

474 2946 582 3005 est
613 2933 810 3004 enim
847 2932 1228 3006 Ambracia
1263 2934 1532 3007 ducere
1560 2936 1839 3035 equites
1872 2959 2003 3034 per
2031 2934 2497 3020 Thessaliam,
2536 2946 2609 3002 et

471 3044 724 3142 scripsi
759 3042 850 3115 ad
881 3068 1050 3116 eum
1069 3100 1089 3129 ,
1115 3060 1202 3117 ut
1230 3046 1408 3117 mihi
1435 3045 1858 3117 Heracleam
1888 3057 2320 3116 occurreret.
2360 3046 2609 3137 Quum

473 3178 640 3225 eum
685 3152 978 3241 videro,
1018 3158 1366 3254 quoniam
1412 3154 1628 3227 nobis
1686 3156 2041 3255 permittis
2072 3210 2091 3243 ,
2133 3154 2614 3225 communiter

475 3268 998 3336 constituemus
1051 3265 1142 3336 de
1193 3265 1434 3337 reditu
1492 3266 1649 3360 ejus
1703 3264 1791 3337 ad
1836 3267 2301 3363 petitionem,
2346 3277 2472 3333 aut
2524 3260 2617 3334 ad

479 3372 1184 3446 commendationem
1217 3373 1518 3445 honoris
1542 3386 1589 3444 ¹.
1616 3373 1781 3445 Tibi
1810 3374 2181 3471 Glycona²
2199 3429 2219 3462 ,
2254 3373 2617 3445 medicum

477 3487 758 3571 Pansae,
802 3488 926 3581 qui
964 3508 1288 3556 sororem
1327 3483 1691 3557 Achilleos
1747 3488 1976 3557 nostri
2030 3487 2107 3555 in
2148 3484 2620 3555 matrimonio

482 3590 738 3680 habet,
771 3592 1310 3690 diligentissime
1353 3592 1807 3665 commendo.
1842 3594 2193 3665 Audimus
2216 3648 2235 3682 ,
2291 3617 2456 3664 eum
2492 3618 2619 3664 ve-

559 3798 604 3829 x.
643 3784 748 3830 Aue
787 3786 861 3833 ad
903 3788 1373 3836 commendationem
1413 3786 1502 3835 Ιιο-
1591 3788 1979 3837 commendaret:
2010 3788 2189 3853 quibus
2209 3790 2383 3839 absens
2404 3799 2623 3855 peteret,

481 3860 632 3907 noris.
665 3862 764 3920 Ut,
785 3864 828 3911 si
851 3866 1052 3915 comitia
1089 3868 1394 3917 sacerdotum
1429 3884 1500 3915 es-
1590 3883 1653 3916 ne
1672 3868 1860 3917 abesset
1880 3868 1943 3916 ab
1968 3870 2201 3929 exercitu,
2232 3880 2327 3918 mn
2347 3869 2624 3919 necessario

481 3948 614 3994 sent,
649 3950 872 4001 peteret:
907 3944 952 3991 si
993 3960 1098 3994 non
1123 3958 1306 4006 essent,
1341 3946 1503 3995 hono·
1590 3946 1711 4012 reip.
1742 3959 1982 4014 tempore.
2010 3947 2161 3997 Man.

486 4030 586 4065 rom
603 4031 744 4065 tuum
765 4018 830 4066 nd
845 4021 1144 4085 imequemis
1165 4026 1280 4073 anni
1307 4026 1502 4075 comitia
1665 4044 1715 4076 ω.
1740 4026 1840 4076 Alii
1865 4062 1882 4090 ,
1914 4026 2191 4075 Glaucone.
2214 4028 2265 4075 J.
2291 4030 2354 4074 V.
2380 4028 2437 4076 L.
