3019 4681
564 329 695 421 ¹42
1193 329 1292 403 M.
1343 336 1421 403 T.
1474 333 2064 406 CICERONIS

552 458 729 530 nihil
786 453 1172 528 fefellisset.
1238 457 1386 528 Etsi
1436 459 1497 528 is
1547 472 1702 529 erat
1760 459 1900 555 (ut
1942 462 2040 528 ait
2087 455 2380 558 idem),
2439 465 2582 558 qui
2643 478 2727 541 τὸ

550 574 790 670 ἄμεινον
818 579 881 624 ²⁷
926 574 1029 642 καὶ
1072 575 1149 642 τὸ
1186 581 1385 668 χεῖρον
1422 577 1483 641 ἐν
1531 587 1622 666 τῷ
1667 579 1890 668 ἀφανεῖ
1917 578 2012 644 ἔτι
2052 581 2332 670 προεώρα
2366 581 2670 673 μάλιστα
2708 605 2724 646 :

550 700 793 756 tamen
842 706 996 754 non
1039 680 1256 768 vidit,
1292 706 1425 752 nec
1476 707 1628 780 quo
1683 682 1904 756 modo
1943 683 2726 776 Lacedaemoniorum‚

551 819 687 866 nec
733 818 886 891 quo
938 789 1161 863 modo
1206 815 1505 864 suorum
1561 794 1828 865 civium
1887 793 2232 866 invidiam
2294 795 2722 895 effugeret,

550 931 685 978 nec
717 904 894 1002 quid
950 904 1323 974 Artaxerxi
1343 897 1409 948 ²⁸
1448 903 1932 1001 polliceretur.
1977 907 2144 976 Non
2187 903 2436 978 fuisset
2467 923 2540 980 et
2585 913 2722 982 illa

548 1042 695 1087 nox
724 1028 791 1074 ²9
829 1031 970 1086 tam
1013 1013 1273 1086 acerba
1312 1013 1688 1104 AfricanO,
1735 1017 2266 1112 sapientissimo
2311 1021 2499 1106 vim,
2541 1047 2716 1094 non

548 1141 694 1198 tam
723 1125 923 1197 dirus
949 1125 1069 1196 ille
1100 1124 1251 1196 dies
1276 1123 1610 1196 Sullanus
1641 1126 2100 1198 callidissimo
2127 1129 2282 1199 viro
2317 1132 2396 1200 C.
2429 1131 2716 1218 Mario,

548 1239 609 1307 si
646 1235 828 1307 nihil
869 1251 1263 1333 utrumque
1304 1259 1560 1306 eorum
1595 1234 1980 1308 fefellisset.

643 1350 796 1419 Nos
854 1361 1097 1418 tamen
1153 1345 1294 1416 hoc
1363 1344 1874 1418 confirmamus
1938 1346 2064 1418 illo
2131 1349 2477 1444 augurio,
2542 1375 2713 1446 quo

546 1453 901 1544 diximus3
954 1479 1089 1526 nec
1131 1477 1267 1526 nos
1318 1450 1535 1544 fallit,
1589 1479 1728 1527 nec
1775 1455 1983 1527 aliter
2027 1457 2334 1528 accidet.
2381 1462 2712 1532 Cot-ruat

547 1567 681 1638 iste
710 1579 1002 1640 necesse
1040 1581 1185 1651 est,
1216 1579 1342 1636 aut
1384 1589 1516 1663 per
1552 1564 2023 1653 adversarios,
2055 1579 2183 1637 aut
2215 1571 2367 1665 ipse
2402 1591 2539 1665 per
2581 1593 2708 1656 se,

546 1681 673 1776 qui
716 1675 1013 1775 quidem
1064 1675 1205 1746 sibi
1250 1690 1358 1748 est
1409 1675 1858 1748 adversarius
1902 1684 2095 1747 unus
2141 1677 2555 1749 acerrimus.
2613 1681 2700 1750 Id

544 1813 764 1887 spero
808 1789 987 1859 vivis
1028 1785 1243 1858 nobis
1298 1783 1476 1857 fore.
1536 1787 1993 1883 Quamquam
2041 1800 2332 1884 tempus
2372 1801 2513 1875 est,
2559 1813 2704 1861 nos

547 1899 637 1971 de
664 1899 784 1970 illa
817 1912 1169 1998 perpetua
1189 1897 1335 1992 jam
1356 1951 1375 1986 ‚
1406 1921 1558 1968 non
1590 1895 1680 1968 de
1717 1895 1852 1968 hac
1887 1897 2144 1994 exigua
2173 1898 2317 1968 vita
2343 1900 2696 1994 cogitare.

545 2012 675 2080 Sin
712 2008 891 2107 quid
928 2006 1265 2078 acciderit
1301 2008 1686 2096 maturius,
1733 2005 1929 2077 haud
1967 2031 2138 2078 sane
2175 2029 2332 2078 mea
2376 2008 2695 2080 multum

546 2117 981 2204 interfuerit,
1032 2131 1277 2187 utrum
1324 2114 1594 2187 factum
1653 2114 1972 2205 videam,
2025 2141 2118 2188 an
2167 2115 2500 2188 futurum
2540 2143 2696 2190 esse

544 2229 778 2299 multo
838 2241 1005 2298 ante
1058 2225 1380 2298 viderim.
1435 2229 1615 2318 Quae
1677 2251 1908 2324 quum
1970 2229 2068 2298 ita
2127 2229 2310 2316 sint,
2371 2253 2524 2299 non
2587 2247 2696 2302 est

545 2336 1185 2426 committendum,
1229 2350 1314 2406 ut
1359 2337 1443 2408 iis
1484 2362 1900 2436 pareamuS‚
1953 2363 2139 2437 quos
2190 2353 2442 2410 contra
2464 2335 2533 2383 3⁰
2573 2366 2694 2412 me

543 2464 867 2535 senatus,
903 2474 996 2520 ne
1034 2446 1213 2546 quid
1249 2446 1659 2545 respublica
1693 2446 2108 2519 detrimenti
2142 2450 2542 2547 acciperet,
2577 2475 2692 2521 ar-

548 2562 785 2631 mavit.
830 2556 993 2630 Tibi
1029 2574 1201 2645 sunt
1240 2560 1483 2629 omnia
1523 2558 2063 2647 commendata3
2114 2585 2276 2657 quae
2307 2584 2690 2633 commen-

543 2669 852 2742 dationis
902 2694 1113 2757 meae‚
1156 2693 1291 2766 pro
1332 2683 1460 2740 tuo
1502 2672 1580 2738 in
1618 2693 1755 2740 nos
1802 2692 2088 2753 amore,
2135 2692 2283 2739 non
2339 2670 2691 2767 indigent.

540 2782 650 2851 Ne
709 2778 1003 2851 hercule
1058 2802 1194 2875 ego
1265 2775 1565 2874 quidem
1624 2778 1950 2878 reperio,
2010 2778 2191 2876 quid
2220 2774 2282 2823 ³¹
2353 2780 2686 2853 scribam.

615 3074 701 3119 ²7·
717 3053 781 3105 ‘rb
802 3054 1004 3123 ἄμεινον.
1029 3053 1167 3117 Quid
1192 3054 1366 3103 melius
1387 3065 1473 3103 aut
1495 3053 1577 3102 de·
1661 3055 1790 3103 xime
1803 3054 2104 3120 Sempronia
2116 3056 2286 3105 uxoris
2300 3088 2316 3113 ‚
2335 3056 2474 3117 cujus
2491 3056 2685 3105 fratrem

542 3137 715 3197 terius,
752 3135 805 3182 in
842 3134 1053 3183 obscuro
1086 3133 1248 3183 adhuc
1283 3134 1577 3198 providebat
1661 3134 1740 3183 Ti.
1765 3135 2036 3183 Gracchum
2051 3170 2068 3197 ,
2081 3136 2138 3183 iu
2159 3134 2400 3183 concione
2417 3136 2687 3201 iuterroga-

544 3217 769 3267 maxime.
1193 3214 1199 3229 '
1664 3223 1768 3274 tus,
1796 3213 2006 3273 dixerat,
2044 3215 2154 3275 jure
2181 3214 2274 3262 sibi
2299 3231 2478 3263 caum
2507 3216 2684 3265 videri.

616 3296 715 3359 28„
743 3292 1037 3342 Artaxerxi.
1067 3292 1162 3342 Cui
1189 3290 1251 3339 de
1300 3289 1568 3354 subigenda
1653 3290 1806 3355 Quod
1829 3292 2055 3356 profecto
2081 3308 2344 3357 numquam
2371 3294 2570 3342 dixi-set
2589 3328 2606 3355 ,
2645 3294 2686 3343 si

544 3374 734 3423 Gracia
756 3374 1008 3439 pollicitus
1022 3406 1038 3432 ,
1062 3381 1235 3437 postea
1254 3386 1404 3435 quum
1426 3368 1567 3417 vide·
1655 3372 1802 3421 ulem
1827 3371 2012 3419 exitum
2032 3372 2344 3435 providisset.
2361 3374 2490 3436 Ergo
2508 3384 2558 3421 et
2573 3390 2685 3421 eum

542 3464 616 3503 ret
651 3464 878 3519 praestare
922 3468 1025 3501 non
1073 3467 1217 3515 posse
1234 3483 1250 3509 ,
1294 3447 1568 3497 voluntaria
1656 3450 2064 3517 sapientissimum
2090 3451 2248 3500 virum
2273 3450 2457 3515 aliquid
2477 3452 2646 3501 fefellit
2665 3468 2682 3501 τ

544 3544 729 3591 morte,
763 3548 952 3580 veneno
971 3543 1190 3595 sumpto,
1218 3529 1365 3577 vitam
1384 3526 1566 3575 finivit.
1657 3530 1827 3581 fefellit
1869 3541 1920 3579 et
1951 3530 2012 3581 C.
2049 3532 2261 3579 Marium
2289 3545 2304 3579 ε
2357 3532 2444 3594 qui
2479 3547 2592 3579 cum
2623 3535 2680 3581 1..

541 3610 787 3659 Plutarch.
809 3636 879 3647 -
908 3599 1037 3658 vide
1064 3610 1131 3657 ad
1163 3609 1320 3658 Attic.
1353 3608 1456 3666 11,
1489 3622 1569 3656 xo.
1657 3608 1794 3659 Sulla
1810 3624 2072 3673 numquam
2086 3610 2310 3673 profecto
2321 3612 2684 3659 contentionem

542 3691 673 3739 Vide
693 3705 887 3754 quoque
906 3692 957 3737 in
976 3692 1154 3745 Bruto,
1172 3705 1280 3753 cap.
1309 3704 1329 3734 ι
1346 3702 1368 3735 1
1385 3722 1401 3747 ,
1414 3686 1570 3735 variae
1657 3688 1972 3753 suscepisset,
2005 3691 2046 3736 ei
2087 3688 2212 3737 diem
2239 3688 2402 3747 illum,
2430 3705 2532 3754 quo
2553 3689 2684 3738 Urbe

541 3770 801 3819 sententias
824 3769 1173 3817 historicorum
1194 3768 1256 3816 de
1274 3778 1431 3817 morte
1450 3766 1574 3813 The·-
1656 3766 1828 3833 pulsu:
1857 3778 1930 3815 eet
1945 3804 1960 3828 ,
1997 3768 2174 3817 mentia
2217 3769 2320 3817 acic
2371 3768 2680 3832 providisset.

543 3848 795 3897 mistoelia.
822 3850 914 3896 En.
1658 3848 1879 3895 Mum-r.

615 3945 699 3993 ²9·
728 3929 828 3977 1110
854 3944 974 3977 nox.
988 3923 1245 3975 Africanus
1269 3926 1448 3983 minor,
1464 3940 1568 3972 ma·
1731 3926 1815 3976 30.
1846 3926 1978 3988 Quos
2002 3937 2195 3975 contra.
2224 3924 2363 3975 Ordo
2379 3936 2486 3986 eet,
2525 3942 2680 3975 econ-

544 4024 607 4056 ue
634 4009 688 4055 iu
704 4007 933 4057 cubiculo
959 4021 1051 4053 suo
1078 4016 1296 4053 mortuus
1322 4012 1567 4066 repertus,
1656 4016 1730 4053 tra
1755 4020 1879 4068 quos
1904 4007 2111 4053 armavit
2127 4020 2204 4051 me
2222 4016 2417 4053 senatus
2427 4026 2472 4054 ιι.

540 4098 741 4150 putatur
759 4104 959 4136 suorum
979 4086 1159 4133 scelere
1192 4083 1440 4141 sublatus,
1466 4098 1567 4130 ma—
1727 4086 1756 4133 3
1771 4100 1812 4131 ι.
1843 4084 1988 4146 Quid.
2013 4084 2093 4134 ΔΙ.
2120 4084 2270 4149 quod.
2299 4085 2348 4133 J.
2367 4086 2430 4134 V.
2453 4086 2508 4131 L.
