<?xml version="1.0" encoding="UTF-8"?>
<!DOCTYPE html PUBLIC "-//W3C//DTD XHTML 1.0 Transitional//EN"
    "http://www.w3.org/TR/xhtml1/DTD/xhtml1-transitional.dtd">
<html xmlns="http://www.w3.org/1999/xhtml" xml:lang="en" lang="en">
 <head>
  <title>
</title>
<meta http-equiv="Content-Type" content="text/html;charset=utf-8" />
  <meta name='ocr-system' content='tesseract 3.04.00' />
  <meta name='ocr-capabilities' content='ocr_page ocr_carea ocr_par ocr_line ocrx_word'/>
</head>
<body>
  <div class='ocr_page' id='page_1' title='image "./mtciceronisquae04lemagoog_0338.png"; bbox 0 0 3019 4681; ppageno 0'>
   <div class='ocr_carea' id='block_1_1' title="bbox 482 361 1960 434">
    <p class='ocr_par' dir='ltr' id='par_1_1' title="bbox 482 361 1960 434">
     <span class='ocr_line' id='line_1_1' title="bbox 482 361 1960 434; baseline -0.001 -1"><span class='ocrx_word' id='word_1_1' title='bbox 482 361 621 434; x_wconf 79' lang='lat'>332</span> <span class='ocrx_word' id='word_1_2' title='bbox 1120 366 1218 432; x_wconf 90' lang='lat' dir='ltr'>M.</span> <span class='ocrx_word' id='word_1_3' title='bbox 1272 365 1348 431; x_wconf 90' lang='lat' dir='ltr'>T.</span> <span class='ocrx_word' id='word_1_4' title='bbox 1402 362 1960 432; x_wconf 86' lang='lat' dir='ltr'>CICERONIS</span> 
     </span>
    </p>
   </div>
   <div class='ocr_carea' id='block_1_2' title="bbox 366 477 2604 2232">
    <p class='ocr_par' dir='ltr' id='par_1_2' title="bbox 366 477 2604 2232">
     <span class='ocr_line' id='line_1_2' title="bbox 476 477 2604 577; baseline -0.001 -23"><span class='ocrx_word' id='word_1_5' title='bbox 476 497 759 554; x_wconf 85' lang='lat' dir='ltr'>tantum</span> <span class='ocrx_word' id='word_1_6' title='bbox 786 481 1251 554; x_wconf 78' lang='lat' dir='ltr'><strong>librariorum</strong></span> <span class='ocrx_word' id='word_1_7' title='bbox 1278 483 1542 554; x_wconf 85' lang='lat' dir='ltr'>menda</span> <span class='ocrx_word' id='word_1_8' title='bbox 1567 482 1944 553; x_wconf 83' lang='lat' dir='ltr'>tolluntur.</span> <span class='ocrx_word' id='word_1_9' title='bbox 1971 483 2080 552; x_wconf 90' lang='lat' dir='ltr'>De</span> <span class='ocrx_word' id='word_1_10' title='bbox 2106 477 2376 577; x_wconf 90' lang='lat' dir='ltr'>quibus</span> <span class='ocrx_word' id='word_1_11' title='bbox 2402 479 2604 552; x_wconf 86' lang='lat' dir='ltr'>libris</span> 
     </span>
     <span class='ocr_line' id='line_1_3' title="bbox 478 581 2602 688; baseline -0.001 -23"><span class='ocrx_word' id='word_1_12' title='bbox 478 598 615 665; x_wconf 88' lang='lat' dir='ltr'>scis</span> <span class='ocrx_word' id='word_1_13' title='bbox 647 618 764 665; x_wconf 91' lang='lat' dir='ltr'>me</span> <span class='ocrx_word' id='word_1_14' title='bbox 808 591 1258 666; x_wconf 79' lang='lat' dir='ltr'>dubitasse⁵t</span> <span class='ocrx_word' id='word_1_15' title='bbox 1296 594 1425 665; x_wconf 91' lang='lat' dir='ltr'>sed</span> <span class='ocrx_word' id='word_1_16' title='bbox 1456 609 1541 664; x_wconf 92' lang='lat' dir='ltr'>tu</span> <span class='ocrx_word' id='word_1_17' title='bbox 1570 581 1856 665; x_wconf 84' lang='lat' dir='ltr'>videris.</span> <span class='ocrx_word' id='word_1_18' title='bbox 1891 597 2108 679; x_wconf 87' lang='lat' dir='ltr'><strong>Item,</strong></span> <span class='ocrx_word' id='word_1_19' title='bbox 2150 614 2339 688; x_wconf 90' lang='lat' dir='ltr'>quos</span> <span class='ocrx_word' id='word_1_20' title='bbox 2379 593 2602 662; x_wconf 89' lang='lat' dir='ltr'>Bruto</span> 
     </span>
     <span class='ocr_line' id='line_1_4' title="bbox 474 701 2599 793; baseline -0 -19"><span class='ocrx_word' id='word_1_21' title='bbox 474 705 864 793; x_wconf 65' lang='lat' dir='ltr'>minirum,</span> <span class='ocrx_word' id='word_1_22' title='bbox 901 708 979 776; x_wconf 89' lang='lat' dir='ltr'>in</span> <span class='ocrx_word' id='word_1_23' title='bbox 1018 703 1351 776; x_wconf 87' lang='lat' dir='ltr'>manibus</span> <span class='ocrx_word' id='word_1_24' title='bbox 1388 702 1662 776; x_wconf 89' lang='lat' dir='ltr'>habent</span> <span class='ocrx_word' id='word_1_25' title='bbox 1701 702 1992 776; x_wconf 88' lang='lat' dir='ltr'>librarii.</span> <span class='ocrx_word' id='word_1_26' title='bbox 2031 705 2195 773; x_wconf 83' lang='lat' dir='ltr'>Mea</span> <span class='ocrx_word' id='word_1_27' title='bbox 2231 701 2599 784; x_wconf 80' lang='lat' dir='ltr'>mandata,</span> 
     </span>
     <span class='ocr_line' id='line_1_5' title="bbox 476 809 2602 914; baseline -0 -30"><span class='ocrx_word' id='word_1_28' title='bbox 476 827 561 884; x_wconf 89' lang='lat' dir='ltr'>ut</span> <span class='ocrx_word' id='word_1_29' title='bbox 588 812 871 900; x_wconf 88' lang='lat' dir='ltr'>scribis,</span> <span class='ocrx_word' id='word_1_30' title='bbox 899 815 1210 914; x_wconf 83' lang='lat' dir='ltr'>explica:</span> <span class='ocrx_word' id='word_1_31' title='bbox 1240 839 1681 912; x_wconf 87' lang='lat' dir='ltr'>quamquam</span> <span class='ocrx_word' id='word_1_32' title='bbox 1711 815 1842 885; x_wconf 85' lang='lat' dir='ltr'>ista</span> <span class='ocrx_word' id='word_1_33' title='bbox 1869 809 2324 885; x_wconf 79' lang='lat' dir='ltr'>retentione⁶</span> <span class='ocrx_word' id='word_1_34' title='bbox 2347 837 2602 884; x_wconf 89' lang='lat' dir='ltr'>omnes</span> 
     </span>
     <span class='ocr_line' id='line_1_6' title="bbox 478 922 2599 1022; baseline -0 -29"><span class='ocrx_word' id='word_1_35' title='bbox 478 923 579 994; x_wconf 89' lang='lat' dir='ltr'>ait</span> <span class='ocrx_word' id='word_1_36' title='bbox 602 925 719 993; x_wconf 85' lang='lat' dir='ltr'>uti</span> <span class='ocrx_word' id='word_1_37' title='bbox 747 922 1160 1012; x_wconf 85' lang='lat' dir='ltr'>Trebatius;</span> <span class='ocrx_word' id='word_1_38' title='bbox 1196 924 1376 1022; x_wconf 88' lang='lat' dir='ltr'>quid</span> <span class='ocrx_word' id='word_1_39' title='bbox 1406 939 1486 996; x_wconf 91' lang='lat' dir='ltr'>tu</span> <span class='ocrx_word' id='word_1_40' title='bbox 1519 925 1694 996; x_wconf 89' lang='lat' dir='ltr'>istos</span> <span class='ocrx_word' id='word_1_41' title='bbox 1714 937 1739 981; x_wconf 84' lang='grc'><strong>7</strong></span> <span class='ocrx_word' id='word_1_42' title='bbox 1778 924 2030 1022; x_wconf 84' lang='lat' dir='ltr'>putas?</span> <span class='ocrx_word' id='word_1_43' title='bbox 2059 924 2252 995; x_wconf 89' lang='lat' dir='ltr'>nosti</span> <span class='ocrx_word' id='word_1_44' title='bbox 2278 923 2599 994; x_wconf 89' lang='lat' dir='ltr'>domum.</span> 
     </span>
     <span class='ocr_line' id='line_1_7' title="bbox 478 1025 2599 1130; baseline 0 -30"><span class='ocrx_word' id='word_1_45' title='bbox 478 1031 719 1118; x_wconf 85' lang='lat' dir='ltr'><strong>Quare</strong></span> <span class='ocrx_word' id='word_1_46' title='bbox 781 1029 1055 1102; x_wconf 88' lang='lat' dir='ltr'>confice</span> <span class='ocrx_word' id='word_1_47' title='bbox 1110 1035 1369 1130; x_wconf 80' lang='grc' dir='ltr'><strong>εὐλόγως</strong></span> <span class='ocrx_word' id='word_1_48' title='bbox 1390 1025 1442 1101; x_wconf 80' lang='lat'>⁸.</span> <span class='ocrx_word' id='word_1_49' title='bbox 1501 1029 1932 1103; x_wconf 86' lang='lat' dir='ltr'>Incredibile</span> <span class='ocrx_word' id='word_1_50' title='bbox 1991 1044 2098 1102; x_wconf 91' lang='lat' dir='ltr'>est</span> <span class='ocrx_word' id='word_1_51' title='bbox 2118 1085 2138 1118; x_wconf 87' lang='lat'>‚</span> <span class='ocrx_word' id='word_1_52' title='bbox 2194 1053 2412 1126; x_wconf 89' lang='lat' dir='ltr'>quam</span> <span class='ocrx_word' id='word_1_53' title='bbox 2463 1053 2599 1126; x_wconf 86' lang='lat' dir='ltr'>ego</span> 
     </span>
     <span class='ocr_line' id='line_1_8' title="bbox 366 1138 2602 1237; baseline 0.001 -30"><span class='ocrx_word' id='word_1_54' title='bbox 366 1198 373 1207; x_wconf 87' lang='lat'><strong>.</strong></span> <span class='ocrx_word' id='word_1_55' title='bbox 473 1140 606 1210; x_wconf 90' lang='lat' dir='ltr'>ista</span> <span class='ocrx_word' id='word_1_56' title='bbox 629 1165 779 1211; x_wconf 93' lang='lat' dir='ltr'>non</span> <span class='ocrx_word' id='word_1_57' title='bbox 808 1167 1077 1216; x_wconf 88' lang='lat' dir='ltr'>curem.</span> <span class='ocrx_word' id='word_1_58' title='bbox 1108 1146 1327 1214; x_wconf 91' lang='lat' dir='ltr'>Omni</span> <span class='ocrx_word' id='word_1_59' title='bbox 1349 1142 1483 1215; x_wconf 90' lang='lat' dir='ltr'>tibi</span> <span class='ocrx_word' id='word_1_60' title='bbox 1508 1144 2028 1216; x_wconf 84' lang='lat' dir='ltr'>asseveratione</span> <span class='ocrx_word' id='word_1_61' title='bbox 2052 1139 2335 1212; x_wconf 87' lang='lat' dir='ltr'>affirmo</span> <span class='ocrx_word' id='word_1_62' title='bbox 2353 1193 2373 1229; x_wconf 87' lang='lat'><strong><em>‚</em></strong></span> <span class='ocrx_word' id='word_1_63' title='bbox 2397 1138 2602 1237; x_wconf 85' lang='lat' dir='ltr'>quod</span> 
     </span>
     <span class='ocr_line' id='line_1_9' title="bbox 472 1249 2598 1349; baseline 0.001 -31"><span class='ocrx_word' id='word_1_64' title='bbox 472 1249 653 1320; x_wconf 85' lang='lat' dir='ltr'>mihi</span> <span class='ocrx_word' id='word_1_65' title='bbox 678 1249 925 1322; x_wconf 90' lang='lat' dir='ltr'>credas</span> <span class='ocrx_word' id='word_1_66' title='bbox 950 1252 1163 1323; x_wconf 85' lang='lat' dir='ltr'>velim</span> <span class='ocrx_word' id='word_1_67' title='bbox 1184 1306 1205 1341; x_wconf 87' lang='lat'>,</span> <span class='ocrx_word' id='word_1_68' title='bbox 1236 1251 1413 1322; x_wconf 87' lang='lat' dir='ltr'>mihi</span> <span class='ocrx_word' id='word_1_69' title='bbox 1445 1253 1703 1349; x_wconf 89' lang='lat' dir='ltr'>majori</span> <span class='ocrx_word' id='word_1_70' title='bbox 1733 1251 2122 1324; x_wconf 84' lang='lat' dir='ltr'>offensioni</span> <span class='ocrx_word' id='word_1_71' title='bbox 2153 1275 2306 1324; x_wconf 84' lang='lat' dir='ltr'>esse</span> <span class='ocrx_word' id='word_1_72' title='bbox 2325 1306 2344 1338; x_wconf 92' lang='lat'><strong>‚</strong></span> <span class='ocrx_word' id='word_1_73' title='bbox 2379 1274 2598 1348; x_wconf 85' lang='lat' dir='ltr'>quam</span> 
     </span>
     <span class='ocr_line' id='line_1_10' title="bbox 472 1357 2596 1461; baseline 0.002 -34"><span class='ocrx_word' id='word_1_74' title='bbox 472 1357 968 1450; x_wconf 83' lang='lat' dir='ltr'>delectationi,</span> <span class='ocrx_word' id='word_1_75' title='bbox 1024 1362 1636 1460; x_wconf 87' lang='lat' dir='ltr'>possessiunculas</span> <span class='ocrx_word' id='word_1_76' title='bbox 1685 1387 1904 1435; x_wconf 79' lang='lat' dir='ltr'>meaS.</span> <span class='ocrx_word' id='word_1_77' title='bbox 1963 1364 2182 1461; x_wconf 84' lang='lat' dir='ltr'>Magis</span> <span class='ocrx_word' id='word_1_78' title='bbox 2225 1364 2423 1433; x_wconf 89' lang='lat' dir='ltr'>enim</span> <span class='ocrx_word' id='word_1_79' title='bbox 2464 1361 2596 1432; x_wconf 89' lang='lat' dir='ltr'>do-</span> 
     </span>
     <span class='ocr_line' id='line_1_11' title="bbox 472 1467 2602 1571; baseline 0.001 -34"><span class='ocrx_word' id='word_1_80' title='bbox 472 1467 625 1557; x_wconf 88' lang='lat' dir='ltr'>le0,</span> <span class='ocrx_word' id='word_1_81' title='bbox 668 1494 786 1542; x_wconf 91' lang='lat' dir='ltr'>me</span> <span class='ocrx_word' id='word_1_82' title='bbox 822 1496 976 1544; x_wconf 91' lang='lat' dir='ltr'>non</span> <span class='ocrx_word' id='word_1_83' title='bbox 1010 1471 1315 1561; x_wconf 86' lang='lat' dir='ltr'>habere,</span> <span class='ocrx_word' id='word_1_84' title='bbox 1352 1475 1469 1546; x_wconf 92' lang='lat' dir='ltr'>cui</span> <span class='ocrx_word' id='word_1_85' title='bbox 1505 1474 1781 1545; x_wconf 87' lang='lat' dir='ltr'>tradam</span> <span class='ocrx_word' id='word_1_86' title='bbox 1803 1529 1823 1562; x_wconf 92' lang='lat'>,</span> <span class='ocrx_word' id='word_1_87' title='bbox 1867 1497 2088 1571; x_wconf 89' lang='lat' dir='ltr'>quam</span> <span class='ocrx_word' id='word_1_88' title='bbox 2129 1471 2438 1562; x_wconf 85' lang='lat' dir='ltr'>habere,</span> <span class='ocrx_word' id='word_1_89' title='bbox 2471 1472 2602 1569; x_wconf 86' lang='lat' dir='ltr'>qui</span> 
     </span>
     <span class='ocr_line' id='line_1_12' title="bbox 470 1581 2598 1679; baseline 0.004 -33"><span class='ocrx_word' id='word_1_90' title='bbox 470 1593 636 1650; x_wconf 87' lang='lat' dir='ltr'>utar</span> <span class='ocrx_word' id='word_1_91' title='bbox 653 1591 709 1648; x_wconf 84' lang='lat'>9.</span> <span class='ocrx_word' id='word_1_92' title='bbox 746 1584 985 1679; x_wconf 89' lang='lat' dir='ltr'>Atque</span> <span class='ocrx_word' id='word_1_93' title='bbox 1018 1581 1197 1654; x_wconf 88' lang='lat' dir='ltr'>illud</span> <span class='ocrx_word' id='word_1_94' title='bbox 1238 1582 1616 1655; x_wconf 85' lang='lat' dir='ltr'>Trebatius</span> <span class='ocrx_word' id='word_1_95' title='bbox 1653 1609 1730 1655; x_wconf 91' lang='lat' dir='ltr'>se</span> <span class='ocrx_word' id='word_1_96' title='bbox 1767 1581 1900 1655; x_wconf 87' lang='lat' dir='ltr'>tibi</span> <span class='ocrx_word' id='word_1_97' title='bbox 1931 1583 2190 1656; x_wconf 83' lang='lat' dir='ltr'>dixisse</span> <span class='ocrx_word' id='word_1_98' title='bbox 2215 1581 2554 1654; x_wconf 86' lang='lat' dir='ltr'>narrabat</span> <span class='ocrx_word' id='word_1_99' title='bbox 2577 1637 2598 1670; x_wconf 91' lang='lat'>,</span> 
     </span>
     <span class='ocr_line' id='line_1_13' title="bbox 473 1692 2592 1792; baseline 0.001 -33"><span class='ocrx_word' id='word_1_100' title='bbox 473 1703 556 1759; x_wconf 92' lang='lat' dir='ltr'>tu</span> <span class='ocrx_word' id='word_1_101' title='bbox 598 1704 840 1762; x_wconf 89' lang='lat' dir='ltr'>autem</span> <span class='ocrx_word' id='word_1_102' title='bbox 883 1697 1153 1766; x_wconf 88' lang='lat' dir='ltr'>veritus</span> <span class='ocrx_word' id='word_1_103' title='bbox 1188 1719 1264 1766; x_wconf 91' lang='lat' dir='ltr'>es</span> <span class='ocrx_word' id='word_1_104' title='bbox 1293 1692 1625 1783; x_wconf 88' lang='lat' dir='ltr'>fortasse,</span> <span class='ocrx_word' id='word_1_105' title='bbox 1654 1719 1750 1765; x_wconf 88' lang='lat' dir='ltr'>ne</span> <span class='ocrx_word' id='word_1_106' title='bbox 1790 1718 1927 1792; x_wconf 86' lang='lat' dir='ltr'>ego</span> <span class='ocrx_word' id='word_1_107' title='bbox 1951 1695 2218 1766; x_wconf 88' lang='lat' dir='ltr'>invitus</span> <span class='ocrx_word' id='word_1_108' title='bbox 2245 1692 2592 1764; x_wconf 83' lang='lat' dir='ltr'>audirem.</span> 
     </span>
     <span class='ocr_line' id='line_1_14' title="bbox 468 1800 2600 1900; baseline 0.003 -32"><span class='ocrx_word' id='word_1_109' title='bbox 468 1802 630 1870; x_wconf 89' lang='lat' dir='ltr'>Fuit</span> <span class='ocrx_word' id='word_1_110' title='bbox 661 1800 738 1872; x_wconf 90' lang='lat' dir='ltr'>id</span> <span class='ocrx_word' id='word_1_111' title='bbox 770 1801 1064 1900; x_wconf 88' lang='lat' dir='ltr'>quidem</span> <span class='ocrx_word' id='word_1_112' title='bbox 1094 1804 1596 1897; x_wconf 77' lang='lat' dir='ltr'>humanitatis3</span> <span class='ocrx_word' id='word_1_113' title='bbox 1625 1805 1750 1878; x_wconf 90' lang='lat' dir='ltr'>sed</span> <span class='ocrx_word' id='word_1_114' title='bbox 1770 1859 1790 1894; x_wconf 88' lang='lat'>,</span> <span class='ocrx_word' id='word_1_115' title='bbox 1817 1805 1996 1875; x_wconf 87' lang='lat' dir='ltr'>mihi</span> <span class='ocrx_word' id='word_1_116' title='bbox 2023 1804 2270 1893; x_wconf 86' lang='lat' dir='ltr'>crede,</span> <span class='ocrx_word' id='word_1_117' title='bbox 2290 1805 2438 1900; x_wconf 86' lang='lat' dir='ltr'>jam</span> <span class='ocrx_word' id='word_1_118' title='bbox 2467 1805 2600 1874; x_wconf 85' lang='lat' dir='ltr'>ista</span> 
     </span>
     <span class='ocr_line' id='line_1_15' title="bbox 472 1915 2599 2011; baseline 0.001 -31"><span class='ocrx_word' id='word_1_119' title='bbox 472 1935 623 1982; x_wconf 91' lang='lat' dir='ltr'>non</span> <span class='ocrx_word' id='word_1_120' title='bbox 665 1937 865 1985; x_wconf 88' lang='lat' dir='ltr'>curo.</span> <span class='ocrx_word' id='word_1_121' title='bbox 909 1917 1153 2006; x_wconf 86' lang='lat' dir='ltr'>Quare</span> <span class='ocrx_word' id='word_1_122' title='bbox 1192 1915 1285 1986; x_wconf 89' lang='lat' dir='ltr'>da</span> <span class='ocrx_word' id='word_1_123' title='bbox 1324 1929 1393 1986; x_wconf 87' lang='lat' dir='ltr'>te</span> <span class='ocrx_word' id='word_1_124' title='bbox 1428 1919 1507 1986; x_wconf 89' lang='lat' dir='ltr'>in</span> <span class='ocrx_word' id='word_1_125' title='bbox 1547 1939 1957 1988; x_wconf 89' lang='lat' dir='ltr'>sermonem</span> <span class='ocrx_word' id='word_1_126' title='bbox 1980 1969 2000 2004; x_wconf 89' lang='lat'>‚</span> <span class='ocrx_word' id='word_1_127' title='bbox 2037 1928 2112 1990; x_wconf 88' lang='lat' dir='ltr'>et</span> <span class='ocrx_word' id='word_1_128' title='bbox 2155 1937 2486 2011; x_wconf 88' lang='lat' dir='ltr'>perseca,</span> <span class='ocrx_word' id='word_1_129' title='bbox 2525 1926 2599 1984; x_wconf 90' lang='lat' dir='ltr'>et</span> 
     </span>
     <span class='ocr_line' id='line_1_16' title="bbox 471 2019 2596 2123; baseline 0.001 -33"><span class='ocrx_word' id='word_1_130' title='bbox 471 2019 790 2110; x_wconf 87' lang='lat' dir='ltr'>confice,</span> <span class='ocrx_word' id='word_1_131' title='bbox 843 2025 1106 2109; x_wconf 83' lang='lat' dir='ltr'>excita,</span> <span class='ocrx_word' id='word_1_132' title='bbox 1149 2025 1543 2123; x_wconf 87' lang='lat' dir='ltr'>compella,</span> <span class='ocrx_word' id='word_1_133' title='bbox 1582 2026 1882 2122; x_wconf 84' lang='lat' dir='ltr'>loquere</span> <span class='ocrx_word' id='word_1_134' title='bbox 1906 2034 1991 2112; x_wconf 86' lang='lat'>¹⁰,</span> <span class='ocrx_word' id='word_1_135' title='bbox 2030 2039 2114 2095; x_wconf 92' lang='lat' dir='ltr'>ut</span> <span class='ocrx_word' id='word_1_136' title='bbox 2157 2038 2228 2095; x_wconf 90' lang='lat' dir='ltr'>te</span> <span class='ocrx_word' id='word_1_137' title='bbox 2265 2047 2432 2094; x_wconf 90' lang='lat' dir='ltr'>cum</span> <span class='ocrx_word' id='word_1_138' title='bbox 2471 2021 2596 2093; x_wconf 89' lang='lat' dir='ltr'>illo</span> 
     </span>
     <span class='ocr_line' id='line_1_17' title="bbox 468 2122 2596 2232; baseline 0 -32"><span class='ocrx_word' id='word_1_139' title='bbox 468 2134 704 2202; x_wconf 79' lang='lat' dir='ltr'>Scaeva</span> <span class='ocrx_word' id='word_1_140' title='bbox 727 2143 785 2176; x_wconf 82' lang='lat'>¹¹</span> <span class='ocrx_word' id='word_1_141' title='bbox 834 2133 1037 2230; x_wconf 91' lang='lat' dir='ltr'>loqui</span> <span class='ocrx_word' id='word_1_142' title='bbox 1080 2122 1307 2232; x_wconf 78' lang='lat' dir='ltr'>putes,</span> <span class='ocrx_word' id='word_1_143' title='bbox 1352 2139 1463 2208; x_wconf 88' lang='lat' dir='ltr'>Ne</span> <span class='ocrx_word' id='word_1_144' title='bbox 1498 2135 1858 2206; x_wconf 84' lang='lat' dir='ltr'>existimes</span> <span class='ocrx_word' id='word_1_145' title='bbox 1899 2157 2065 2220; x_wconf 88' lang='lat' dir='ltr'>eos,</span> <span class='ocrx_word' id='word_1_146' title='bbox 2111 2132 2240 2228; x_wconf 90' lang='lat' dir='ltr'>qui</span> <span class='ocrx_word' id='word_1_147' title='bbox 2280 2155 2430 2200; x_wconf 90' lang='lat' dir='ltr'>non</span> <span class='ocrx_word' id='word_1_148' title='bbox 2476 2127 2596 2201; x_wconf 91' lang='lat' dir='ltr'>de-</span> 
     </span>
    </p>
   </div>
   <div class='ocr_carea' id='block_1_3' title="bbox 463 2291 1491 4191">
    <p class='ocr_par' dir='ltr' id='par_1_3' title="bbox 463 2291 1491 3235">
     <span class='ocr_line' id='line_1_18' title="bbox 469 2291 1488 2357; baseline 0.007 -20"><span class='ocrx_word' id='word_1_149' title='bbox 469 2291 615 2357; x_wconf 79' lang='lat' dir='ltr'>gitur.</span> <span class='ocrx_word' id='word_1_150' title='bbox 652 2291 776 2343; x_wconf 85' lang='lat' dir='ltr'>Edd.</span> <span class='ocrx_word' id='word_1_151' title='bbox 812 2295 959 2343; x_wconf 81' lang='lat' dir='ltr'>Rom.</span> <span class='ocrx_word' id='word_1_152' title='bbox 994 2298 1197 2345; x_wconf 74' lang='lat' dir='ltr'>Aseem.</span> <span class='ocrx_word' id='word_1_153' title='bbox 1242 2294 1357 2346; x_wconf 72' lang='grc' dir='ltr'>ΔΜ.</span> <span class='ocrx_word' id='word_1_154' title='bbox 1394 2297 1488 2345; x_wconf 71' lang='lat' dir='ltr'>etc.</span> 
     </span>
     <span class='ocr_line' id='line_1_19' title="bbox 470 2370 1489 2435; baseline 0.004 -16"><span class='ocrx_word' id='word_1_155' title='bbox 470 2371 651 2420; x_wconf 76' lang='lat' dir='ltr'>hahent</span> <span class='ocrx_word' id='word_1_156' title='bbox 692 2370 885 2435; x_wconf 77' lang='lat' dir='ltr'>defecti.</span> <span class='ocrx_word' id='word_1_157' title='bbox 920 2375 1094 2423; x_wconf 72' lang='lat' dir='ltr'>Rosius</span> <span class='ocrx_word' id='word_1_158' title='bbox 1134 2375 1249 2423; x_wconf 77' lang='lat' dir='ltr'>feeit</span> <span class='ocrx_word' id='word_1_159' title='bbox 1287 2392 1350 2423; x_wconf 85' lang='lat' dir='ltr'>ex</span> <span class='ocrx_word' id='word_1_160' title='bbox 1384 2392 1489 2423; x_wconf 90' lang='lat' dir='ltr'>uno</span> 
     </span>
     <span class='ocr_line' id='line_1_20' title="bbox 470 2448 1487 2520; baseline 0.006 -22"><span class='ocrx_word' id='word_1_161' title='bbox 470 2451 560 2499; x_wconf 76' lang='lat' dir='ltr'>MS</span> <span class='ocrx_word' id='word_1_162' title='bbox 586 2448 779 2520; x_wconf 66' lang='lat' dir='ltr'>defieri,</span> <span class='ocrx_word' id='word_1_163' title='bbox 807 2454 946 2517; x_wconf 87' lang='lat' dir='ltr'>quod</span> <span class='ocrx_word' id='word_1_164' title='bbox 970 2466 1021 2503; x_wconf 86' lang='lat' dir='ltr'>et</span> <span class='ocrx_word' id='word_1_165' title='bbox 1042 2456 1277 2502; x_wconf 75' lang='lat' dir='ltr'>Gruterus</span> <span class='ocrx_word' id='word_1_166' title='bbox 1303 2454 1487 2515; x_wconf 80' lang='lat' dir='ltr'>edidit,</span> 
     </span>
     <span class='ocr_line' id='line_1_21' title="bbox 468 2530 1489 2597; baseline 0.007 -21"><span class='ocrx_word' id='word_1_167' title='bbox 468 2540 527 2577; x_wconf 88' lang='lat' dir='ltr'>ut</span> <span class='ocrx_word' id='word_1_168' title='bbox 546 2530 645 2577; x_wconf 79' lang='lat' dir='ltr'>sere</span> <span class='ocrx_word' id='word_1_169' title='bbox 666 2534 828 2580; x_wconf 73' lang='lat' dir='ltr'>omnia</span> <span class='ocrx_word' id='word_1_170' title='bbox 851 2534 1002 2583; x_wconf 74' lang='lat' dir='ltr'>nesii.</span> <span class='ocrx_word' id='word_1_171' title='bbox 1027 2534 1149 2582; x_wconf 80' lang='lat' dir='ltr'>Cato</span> <span class='ocrx_word' id='word_1_172' title='bbox 1174 2532 1395 2597; x_wconf 75' lang='lat' dir='ltr'>quidem,</span> <span class='ocrx_word' id='word_1_173' title='bbox 1428 2534 1489 2583; x_wconf 90' lang='lat' dir='ltr'>de</span> 
     </span>
     <span class='ocr_line' id='line_1_22' title="bbox 472 2611 1489 2678; baseline 0.004 -21"><span class='ocrx_word' id='word_1_174' title='bbox 472 2611 546 2657; x_wconf 81' lang='lat' dir='ltr'>Re</span> <span class='ocrx_word' id='word_1_175' title='bbox 580 2621 699 2661; x_wconf 74' lang='lat' dir='ltr'>ruet.</span> <span class='ocrx_word' id='word_1_176' title='bbox 733 2629 817 2675; x_wconf 84' lang='lat'>77,</span> <span class='ocrx_word' id='word_1_177' title='bbox 859 2635 881 2657; x_wconf 79' lang='grc' dir='ltr'><strong>ι</strong></span> <span class='ocrx_word' id='word_1_178' title='bbox 906 2612 1150 2678; x_wconf 77' lang='lat' dir='ltr'>defingere</span> <span class='ocrx_word' id='word_1_179' title='bbox 1176 2628 1389 2678; x_wconf 73' lang='lat' dir='ltr'>panem-</span> <span class='ocrx_word' id='word_1_180' title='bbox 1434 2614 1489 2661; x_wconf 88' lang='lat' dir='ltr'>in</span> 
     </span>
     <span class='ocr_line' id='line_1_23' title="bbox 468 2690 1491 2752; baseline 0.004 -15"><span class='ocrx_word' id='word_1_181' title='bbox 468 2699 657 2752; x_wconf 77' lang='lat' dir='ltr'>partem</span> <span class='ocrx_word' id='word_1_182' title='bbox 710 2690 911 2743; x_wconf 75' lang='lat' dir='ltr'>bonam.</span> <span class='ocrx_word' id='word_1_183' title='bbox 960 2692 1221 2741; x_wconf 69' lang='lat' dir='ltr'>Lambinus</span> <span class='ocrx_word' id='word_1_184' title='bbox 1273 2692 1491 2741; x_wconf 80' lang='lat' dir='ltr'>correxit</span> 
     </span>
     <span class='ocr_line' id='line_1_24' title="bbox 468 2769 1489 2837; baseline 0.004 -20"><span class='ocrx_word' id='word_1_185' title='bbox 468 2769 659 2818; x_wconf 63' lang='grc' dir='ltr'>ἄρεω-εἰ</span> <span class='ocrx_word' id='word_1_186' title='bbox 668 2805 685 2827; x_wconf 91' lang='grc'><em>,</em></span> <span class='ocrx_word' id='word_1_187' title='bbox 720 2772 987 2836; x_wconf 73' lang='lat' dir='ltr'>eleganter,</span> <span class='ocrx_word' id='word_1_188' title='bbox 1020 2772 1169 2837; x_wconf 78' lang='lat' dir='ltr'>idque</span> <span class='ocrx_word' id='word_1_189' title='bbox 1204 2783 1254 2821; x_wconf 90' lang='lat' dir='ltr'>et</span> <span class='ocrx_word' id='word_1_190' title='bbox 1286 2773 1489 2823; x_wconf 62' lang='lat' dir='ltr'>Gravio</span> 
     </span>
     <span class='ocr_line' id='line_1_25' title="bbox 468 2848 1483 2916; baseline 0.01 -22"><span class='ocrx_word' id='word_1_191' title='bbox 468 2848 675 2913; x_wconf 76' lang='lat' dir='ltr'>placuit,</span> <span class='ocrx_word' id='word_1_192' title='bbox 710 2852 798 2916; x_wconf 86' lang='lat' dir='ltr'>qui</span> <span class='ocrx_word' id='word_1_193' title='bbox 838 2863 1002 2900; x_wconf 74' lang='lat' dir='ltr'>tamen</span> <span class='ocrx_word' id='word_1_194' title='bbox 1042 2851 1225 2915; x_wconf 78' lang='lat' dir='ltr'>desecti</span> <span class='ocrx_word' id='word_1_195' title='bbox 1258 2854 1483 2904; x_wconf 76' lang='lat' dir='ltr'>servavit.</span> 
     </span>
     <span class='ocr_line' id='line_1_26' title="bbox 470 2930 1489 2997; baseline 0.007 -22"><span class='ocrx_word' id='word_1_196' title='bbox 470 2930 609 2976; x_wconf 78' lang='lat' dir='ltr'>Hane</span> <span class='ocrx_word' id='word_1_197' title='bbox 632 2930 796 2979; x_wconf 75' lang='lat' dir='ltr'>Lamb.</span> <span class='ocrx_word' id='word_1_198' title='bbox 824 2932 1084 2980; x_wconf 84' lang='lat' dir='ltr'>lectionem</span> <span class='ocrx_word' id='word_1_199' title='bbox 1107 2932 1351 2997; x_wconf 78' lang='lat' dir='ltr'>sequimur</span> <span class='ocrx_word' id='word_1_200' title='bbox 1376 2950 1489 2981; x_wconf 86' lang='lat' dir='ltr'>eum</span> 
     </span>
     <span class='ocr_line' id='line_1_27' title="bbox 471 3007 1487 3077; baseline 0.009 -23"><span class='ocrx_word' id='word_1_201' title='bbox 471 3007 719 3069; x_wconf 73' lang='lat' dir='ltr'>Ernestio,</span> <span class='ocrx_word' id='word_1_202' title='bbox 745 3010 831 3074; x_wconf 88' lang='lat' dir='ltr'>qui</span> <span class='ocrx_word' id='word_1_203' title='bbox 858 3028 961 3061; x_wconf 85' lang='lat' dir='ltr'>non</span> <span class='ocrx_word' id='word_1_204' title='bbox 986 3013 1147 3062; x_wconf 74' lang='lat' dir='ltr'>miuus</span> <span class='ocrx_word' id='word_1_205' title='bbox 1172 3014 1349 3077; x_wconf 72' lang='lat' dir='ltr'>probet</span> <span class='ocrx_word' id='word_1_206' title='bbox 1374 3014 1487 3063; x_wconf 84' lang='lat' dir='ltr'>leet.</span> 
     </span>
     <span class='ocr_line' id='line_1_28' title="bbox 466 3088 1488 3158; baseline 0.005 -22"><span class='ocrx_word' id='word_1_207' title='bbox 466 3090 674 3139; x_wconf 74' lang='lat' dir='ltr'>Jenson.</span> <span class='ocrx_word' id='word_1_208' title='bbox 711 3088 904 3154; x_wconf 70' lang='lat' dir='ltr'>effeti,</span> <span class='ocrx_word' id='word_1_209' title='bbox 948 3099 996 3139; x_wconf 86' lang='lat' dir='ltr'>et</span> <span class='ocrx_word' id='word_1_210' title='bbox 1026 3094 1229 3157; x_wconf 79' lang='lat' dir='ltr'>conjicit</span> <span class='ocrx_word' id='word_1_211' title='bbox 1264 3094 1368 3158; x_wconf 70' lang='lat' dir='ltr'>ipae</span> <span class='ocrx_word' id='word_1_212' title='bbox 1398 3094 1488 3141; x_wconf 83' lang='lat' dir='ltr'>de·</span> 
     </span>
     <span class='ocr_line' id='line_1_29' title="bbox 463 3169 887 3235; baseline 0.014 -20"><span class='ocrx_word' id='word_1_213' title='bbox 463 3169 641 3235; x_wconf 74' lang='lat' dir='ltr'>scripti.</span> <span class='ocrx_word' id='word_1_214' title='bbox 663 3174 715 3221; x_wconf 87' lang='lat' dir='ltr'>J.</span> <span class='ocrx_word' id='word_1_215' title='bbox 732 3173 799 3220; x_wconf 76' lang='lat' dir='ltr'>&#39;V-</span> <span class='ocrx_word' id='word_1_216' title='bbox 831 3174 887 3221; x_wconf 72' lang='lat'>1..</span> 
     </span>
    </p>

    <p class='ocr_par' dir='ltr' id='par_1_4' title="bbox 468 3250 1489 3397">
     <span class='ocr_line' id='line_1_30' title="bbox 538 3250 1489 3301; baseline 0.001 -3"><span class='ocrx_word' id='word_1_217' title='bbox 538 3250 589 3298; x_wconf 84' lang='lat'>5.</span> <span class='ocrx_word' id='word_1_218' title='bbox 634 3252 905 3301; x_wconf 66' lang='lat' dir='ltr'>Dubitas-se.</span> <span class='ocrx_word' id='word_1_219' title='bbox 950 3252 1086 3301; x_wconf 84' lang='lat' dir='ltr'>Num</span> <span class='ocrx_word' id='word_1_220' title='bbox 1118 3252 1183 3301; x_wconf 77' lang='lat' dir='ltr'>nd</span> <span class='ocrx_word' id='word_1_221' title='bbox 1215 3254 1489 3301; x_wconf 75' lang='lat' dir='ltr'>Varronem</span> 
     </span>
     <span class='ocr_line' id='line_1_31' title="bbox 468 3329 1263 3397; baseline 0.003 -20"><span class='ocrx_word' id='word_1_222' title='bbox 468 3329 789 3381; x_wconf 84' lang='lat' dir='ltr'>mitteremur.</span> <span class='ocrx_word' id='word_1_223' title='bbox 818 3332 975 3397; x_wconf 80' lang='lat' dir='ltr'>Epist.</span> <span class='ocrx_word' id='word_1_224' title='bbox 1008 3348 1090 3381; x_wconf 68' lang='grc' dir='ltr'>υ.</span> <span class='ocrx_word' id='word_1_225' title='bbox 1118 3333 1263 3381; x_wconf 57' lang='grc' dir='ltr'>ΜΔΕ.</span> 
     </span>
    </p>

    <p class='ocr_par' dir='ltr' id='par_1_5' title="bbox 466 3408 1490 3936">
     <span class='ocr_line' id='line_1_32' title="bbox 539 3408 1489 3476; baseline 0 -17"><span class='ocrx_word' id='word_1_226' title='bbox 539 3408 593 3459; x_wconf 90' lang='grc'>6.</span> <span class='ocrx_word' id='word_1_227' title='bbox 613 3410 911 3460; x_wconf 74' lang='lat' dir='ltr'>Reteneione.</span> <span class='ocrx_word' id='word_1_228' title='bbox 934 3412 1003 3461; x_wconf 86' lang='lat' dir='ltr'>Ut</span> <span class='ocrx_word' id='word_1_229' title='bbox 1022 3422 1207 3476; x_wconf 71' lang='lat' dir='ltr'>partem</span> <span class='ocrx_word' id='word_1_230' title='bbox 1223 3411 1410 3459; x_wconf 80' lang='lat' dir='ltr'>scilieet</span> <span class='ocrx_word' id='word_1_231' title='bbox 1428 3410 1489 3459; x_wconf 87' lang='lat' dir='ltr'>de</span> 
     </span>
     <span class='ocr_line' id='line_1_33' title="bbox 466 3488 1490 3556; baseline 0.004 -22"><span class='ocrx_word' id='word_1_232' title='bbox 466 3488 699 3539; x_wconf 69' lang='lat' dir='ltr'>solvendn</span> <span class='ocrx_word' id='word_1_233' title='bbox 724 3492 931 3556; x_wconf 71' lang='lat' dir='ltr'>pecunia</span> <span class='ocrx_word' id='word_1_234' title='bbox 966 3508 1070 3540; x_wconf 88' lang='lat' dir='ltr'>non</span> <span class='ocrx_word' id='word_1_235' title='bbox 1098 3492 1304 3541; x_wconf 71' lang='lat' dir='ltr'>solvant.</span> <span class='ocrx_word' id='word_1_236' title='bbox 1344 3492 1490 3538; x_wconf 83' lang='lat' dir='ltr'>Pote-</span> 
     </span>
     <span class='ocr_line' id='line_1_34' title="bbox 472 3568 1489 3633; baseline 0.003 -19"><span class='ocrx_word' id='word_1_237' title='bbox 472 3582 579 3617; x_wconf 74' lang='lat' dir='ltr'>rant</span> <span class='ocrx_word' id='word_1_238' title='bbox 602 3573 729 3619; x_wconf 81' lang='lat' dir='ltr'>enim</span> <span class='ocrx_word' id='word_1_239' title='bbox 752 3572 939 3619; x_wconf 69' lang='lat' dir='ltr'>solvere</span> <span class='ocrx_word' id='word_1_240' title='bbox 960 3572 1274 3619; x_wconf 66' lang='lat' dir='ltr'>aestimatione</span> <span class='ocrx_word' id='word_1_241' title='bbox 1296 3586 1357 3617; x_wconf 81' lang='lat' dir='ltr'>ex</span> <span class='ocrx_word' id='word_1_242' title='bbox 1382 3568 1489 3633; x_wconf 80' lang='lat' dir='ltr'>lege</span> 
     </span>
     <span class='ocr_line' id='line_1_35' title="bbox 471 3647 1487 3714; baseline -0.004 -15"><span class='ocrx_word' id='word_1_243' title='bbox 471 3648 670 3699; x_wconf 65' lang='lat' dir='ltr'>cesaris</span> <span class='ocrx_word' id='word_1_244' title='bbox 682 3686 697 3709; x_wconf 93' lang='lat'>,</span> <span class='ocrx_word' id='word_1_245' title='bbox 725 3662 773 3698; x_wconf 87' lang='lat' dir='ltr'>et</span> <span class='ocrx_word' id='word_1_246' title='bbox 793 3651 1005 3699; x_wconf 82' lang='lat' dir='ltr'>deducto</span> <span class='ocrx_word' id='word_1_247' title='bbox 1024 3666 1225 3699; x_wconf 76' lang='lat' dir='ltr'>eummae</span> <span class='ocrx_word' id='word_1_248' title='bbox 1240 3686 1255 3710; x_wconf 88' lang='lat'>‚</span> <span class='ocrx_word' id='word_1_249' title='bbox 1278 3647 1415 3714; x_wconf 84' lang='lat' dir='ltr'>quod</span> <span class='ocrx_word' id='word_1_250' title='bbox 1434 3650 1487 3695; x_wconf 84' lang='lat' dir='ltr'>in</span> 
     </span>
     <span class='ocr_line' id='line_1_36' title="bbox 469 3730 1488 3793; baseline 0 -19"><span class='ocrx_word' id='word_1_251' title='bbox 469 3742 639 3776; x_wconf 74' lang='lat' dir='ltr'>usuras</span> <span class='ocrx_word' id='word_1_252' title='bbox 683 3730 896 3779; x_wconf 76' lang='lat' dir='ltr'>solutum</span> <span class='ocrx_word' id='word_1_253' title='bbox 938 3742 1068 3793; x_wconf 80' lang='lat' dir='ltr'>erat,</span> <span class='ocrx_word' id='word_1_254' title='bbox 1109 3730 1179 3777; x_wconf 79' lang='lat' dir='ltr'>sic</span> <span class='ocrx_word' id='word_1_255' title='bbox 1222 3738 1278 3777; x_wconf 86' lang='lat' dir='ltr'>ut</span> <span class='ocrx_word' id='word_1_256' title='bbox 1321 3738 1488 3792; x_wconf 77' lang='lat' dir='ltr'>quarta</span> 
     </span>
     <span class='ocr_line' id='line_1_37' title="bbox 470 3807 1487 3875; baseline 0 -22"><span class='ocrx_word' id='word_1_257' title='bbox 470 3822 583 3869; x_wconf 77' lang='lat' dir='ltr'>pars</span> <span class='ocrx_word' id='word_1_258' title='bbox 609 3807 782 3857; x_wconf 78' lang='lat' dir='ltr'>crediti</span> <span class='ocrx_word' id='word_1_259' title='bbox 804 3812 999 3875; x_wconf 81' lang='lat' dir='ltr'>periret.</span> <span class='ocrx_word' id='word_1_260' title='bbox 1031 3812 1169 3858; x_wconf 87' lang='lat' dir='ltr'>Suet.</span> <span class='ocrx_word' id='word_1_261' title='bbox 1197 3808 1301 3857; x_wconf 85' lang='lat' dir='ltr'>Jul.</span> <span class='ocrx_word' id='word_1_262' title='bbox 1326 3824 1375 3857; x_wconf 88' lang='lat' dir='ltr'>e.</span> <span class='ocrx_word' id='word_1_263' title='bbox 1404 3816 1487 3863; x_wconf 72' lang='lat'>42.</span> 
     </span>
     <span class='ocr_line' id='line_1_38' title="bbox 469 3886 861 3936; baseline 0.005 -2"><span class='ocrx_word' id='word_1_264' title='bbox 469 3886 521 3934; x_wconf 84' lang='lat' dir='ltr'>J.</span> <span class='ocrx_word' id='word_1_265' title='bbox 549 3887 603 3931; x_wconf 77' lang='lat' dir='ltr'>F.</span> <span class='ocrx_word' id='word_1_266' title='bbox 629 3887 861 3936; x_wconf 72' lang='lat' dir='ltr'>Gnouov.</span> 
     </span>
    </p>

    <p class='ocr_par' dir='ltr' id='par_1_6' title="bbox 472 3966 1491 4108">
     <span class='ocr_line' id='line_1_39' title="bbox 548 3966 1491 4023; baseline 0.001 -11"><span class='ocrx_word' id='word_1_267' title='bbox 548 3980 595 4023; x_wconf 80' lang='lat'>7.</span> <span class='ocrx_word' id='word_1_268' title='bbox 631 3966 772 4013; x_wconf 74' lang='lat' dir='ltr'>lstos.</span> <span class='ocrx_word' id='word_1_269' title='bbox 808 3966 1046 4015; x_wconf 75' lang='lat' dir='ltr'>Homines</span> <span class='ocrx_word' id='word_1_270' title='bbox 1074 3977 1173 4015; x_wconf 74' lang='lat' dir='ltr'>tam</span> <span class='ocrx_word' id='word_1_271' title='bbox 1200 3975 1414 4015; x_wconf 71' lang='lat' dir='ltr'>attentos</span> <span class='ocrx_word' id='word_1_272' title='bbox 1440 3976 1491 4015; x_wconf 87' lang='lat' dir='ltr'>et</span> 
     </span>
     <span class='ocr_line' id='line_1_40' title="bbox 472 4038 1299 4108; baseline 0.011 -23"><span class='ocrx_word' id='word_1_273' title='bbox 472 4038 596 4088; x_wconf 85' lang='lat' dir='ltr'>lueri</span> <span class='ocrx_word' id='word_1_274' title='bbox 618 4041 797 4091; x_wconf 75' lang='lat' dir='ltr'>nullius</span> <span class='ocrx_word' id='word_1_275' title='bbox 814 4044 1122 4108; x_wconf 68' lang='lat' dir='ltr'>negligentes.</span> <span class='ocrx_word' id='word_1_276' title='bbox 1148 4047 1299 4094; x_wconf 68' lang='lat' dir='ltr'>Inus.</span> 
     </span>
    </p>

    <p class='ocr_par' dir='ltr' id='par_1_7' title="bbox 547 4119 1489 4191">
     <span class='ocr_line' id='line_1_41' title="bbox 547 4119 1489 4191; baseline 0.002 -22"><span class='ocrx_word' id='word_1_277' title='bbox 547 4122 597 4170; x_wconf 82' lang='lat'>8.</span> <span class='ocrx_word' id='word_1_278' title='bbox 640 4119 877 4191; x_wconf 64' lang='grc' dir='ltr'>Εὐλόγως.</span> <span class='ocrx_word' id='word_1_279' title='bbox 919 4125 1028 4186; x_wconf 73' lang='lat' dir='ltr'>Qun</span> <span class='ocrx_word' id='word_1_280' title='bbox 1075 4124 1257 4189; x_wconf 79' lang='lat' dir='ltr'>optima</span> <span class='ocrx_word' id='word_1_281' title='bbox 1304 4124 1489 4173; x_wconf 69' lang='lat' dir='ltr'>ratione</span> 
     </span>
    </p>
   </div>
   <div class='ocr_carea' id='block_1_4' title="bbox 1574 2289 2602 4173">
    <p class='ocr_par' dir='ltr' id='par_1_8' title="bbox 1576 2289 2600 2443">
     <span class='ocr_line' id='line_1_42' title="bbox 1576 2289 2600 2362; baseline -0.006 -18"><span class='ocrx_word' id='word_1_282' title='bbox 1576 2294 1782 2362; x_wconf 68' lang='lat' dir='ltr'>poteris.</span> <span class='ocrx_word' id='word_1_283' title='bbox 1819 2321 1888 2331; x_wconf 90' lang='lat'>—</span> <span class='ocrx_word' id='word_1_284' title='bbox 1922 2290 2186 2344; x_wconf 69' lang='lat' dir='ltr'>Cratander</span> <span class='ocrx_word' id='word_1_285' title='bbox 2213 2300 2261 2340; x_wconf 82' lang='lat' dir='ltr'>et</span> <span class='ocrx_word' id='word_1_286' title='bbox 2289 2289 2457 2339; x_wconf 72' lang='lat' dir='ltr'>Lamb.</span> <span class='ocrx_word' id='word_1_287' title='bbox 2483 2300 2600 2355; x_wconf 73' lang='lat' dir='ltr'>post</span> 
     </span>
     <span class='ocr_line' id='line_1_43' title="bbox 1577 2370 2596 2443; baseline -0.008 -18"><span class='ocrx_word' id='word_1_288' title='bbox 1577 2376 1696 2425; x_wconf 75' lang='grc' dir='ltr'>ΔΜ.</span> <span class='ocrx_word' id='word_1_289' title='bbox 1716 2375 1928 2443; x_wconf 67' lang='grc' dir='ltr'>εὐπγῶςς</span> <span class='ocrx_word' id='word_1_290' title='bbox 1956 2374 2068 2423; x_wconf 67' lang='lat' dir='ltr'>Boo.</span> <span class='ocrx_word' id='word_1_291' title='bbox 2096 2370 2366 2441; x_wconf 76' lang='grc' dir='ltr'><strong>εὖαγώγως.</strong></span> <span class='ocrx_word' id='word_1_292' title='bbox 2393 2372 2427 2419; x_wconf 83' lang='lat' dir='ltr'>J</span> <span class='ocrx_word' id='word_1_293' title='bbox 2430 2404 2444 2418; x_wconf 92' lang='lat'><strong>.</strong></span> <span class='ocrx_word' id='word_1_294' title='bbox 2453 2373 2521 2420; x_wconf 85' lang='lat' dir='ltr'>V.</span> <span class='ocrx_word' id='word_1_295' title='bbox 2540 2372 2596 2418; x_wconf 84' lang='lat'>1..</span> 
     </span>
    </p>

    <p class='ocr_par' dir='ltr' id='par_1_9' title="bbox 1574 2452 2601 3551">
     <span class='ocr_line' id='line_1_44' title="bbox 1647 2452 2594 2518; baseline -0.007 -15"><span class='ocrx_word' id='word_1_296' title='bbox 1647 2471 1700 2517; x_wconf 84' lang='lat'>9.</span> <span class='ocrx_word' id='word_1_297' title='bbox 1734 2456 1892 2518; x_wconf 84' lang='lat' dir='ltr'>Quam</span> <span class='ocrx_word' id='word_1_298' title='bbox 1913 2452 2088 2501; x_wconf 72' lang='lat' dir='ltr'>habere</span> <span class='ocrx_word' id='word_1_299' title='bbox 2109 2452 2197 2517; x_wconf 80' lang='lat' dir='ltr'>qui</span> <span class='ocrx_word' id='word_1_300' title='bbox 2215 2462 2342 2499; x_wconf 75' lang='lat' dir='ltr'>utar.</span> <span class='ocrx_word' id='word_1_301' title='bbox 2363 2452 2476 2498; x_wconf 84' lang='lat' dir='ltr'>Hoc</span> <span class='ocrx_word' id='word_1_302' title='bbox 2497 2459 2594 2508; x_wconf 75' lang='lat' dir='ltr'>eet,</span> 
     </span>
     <span class='ocr_line' id='line_1_45' title="bbox 1574 2532 2601 2598; baseline -0.007 -14"><span class='ocrx_word' id='word_1_303' title='bbox 1574 2535 1753 2584; x_wconf 79' lang='lat' dir='ltr'>habere</span> <span class='ocrx_word' id='word_1_304' title='bbox 1774 2551 1852 2583; x_wconf 82' lang='lat' dir='ltr'>me</span> <span class='ocrx_word' id='word_1_305' title='bbox 1871 2534 2238 2598; x_wconf 62' lang='lat' dir='ltr'>pecuniamque</span> <span class='ocrx_word' id='word_1_306' title='bbox 2261 2542 2372 2579; x_wconf 79' lang='lat' dir='ltr'>utar</span> <span class='ocrx_word' id='word_1_307' title='bbox 2389 2532 2443 2578; x_wconf 89' lang='lat' dir='ltr'>in</span> <span class='ocrx_word' id='word_1_308' title='bbox 2464 2547 2601 2578; x_wconf 75' lang='lat' dir='ltr'>eum·</span> 
     </span>
     <span class='ocr_line' id='line_1_46' title="bbox 1576 2610 2599 2679; baseline -0.006 -16"><span class='ocrx_word' id='word_1_309' title='bbox 1576 2626 1692 2679; x_wconf 76' lang='lat' dir='ltr'>ptus</span> <span class='ocrx_word' id='word_1_310' title='bbox 1707 2614 1958 2662; x_wconf 73' lang='lat' dir='ltr'>honestos.</span> <span class='ocrx_word' id='word_1_311' title='bbox 1977 2612 2058 2661; x_wconf 87' lang='lat' dir='ltr'>Sic</span> <span class='ocrx_word' id='word_1_312' title='bbox 2075 2622 2125 2660; x_wconf 92' lang='lat' dir='ltr'>et</span> <span class='ocrx_word' id='word_1_313' title='bbox 2142 2612 2362 2675; x_wconf 73' lang='lat' dir='ltr'>superius</span> <span class='ocrx_word' id='word_1_314' title='bbox 2377 2610 2599 2674; x_wconf 81' lang='lat' dir='ltr'>loquitur</span> 
     </span>
     <span class='ocr_line' id='line_1_47' title="bbox 1576 2690 2598 2758; baseline -0.006 -17"><span class='ocrx_word' id='word_1_315' title='bbox 1576 2696 1659 2754; x_wconf 89' lang='lat'>11,</span> <span class='ocrx_word' id='word_1_316' title='bbox 1697 2710 1775 2758; x_wconf 90' lang='lat' dir='ltr'>ep.</span> <span class='ocrx_word' id='word_1_317' title='bbox 1825 2710 1844 2739; x_wconf 83' lang='grc' dir='ltr'><strong>ι</strong></span> <span class='ocrx_word' id='word_1_318' title='bbox 1859 2708 1904 2742; x_wconf 75' lang='grc' dir='ltr'>ι.</span> <span class='ocrx_word' id='word_1_319' title='bbox 1943 2691 2041 2739; x_wconf 75' lang='lat' dir='ltr'>sed</span> <span class='ocrx_word' id='word_1_320' title='bbox 2077 2690 2272 2739; x_wconf 83' lang='lat' dir='ltr'>videtur</span> <span class='ocrx_word' id='word_1_321' title='bbox 2310 2705 2412 2738; x_wconf 88' lang='lat' dir='ltr'>non</span> <span class='ocrx_word' id='word_1_322' title='bbox 2451 2702 2598 2753; x_wconf 73' lang='lat' dir='ltr'>posse</span> 
     </span>
     <span class='ocr_line' id='line_1_48' title="bbox 1575 2767 2599 2838; baseline -0.008 -16"><span class='ocrx_word' id='word_1_323' title='bbox 1575 2771 1882 2838; x_wconf 64' lang='lat' dir='ltr'>precedere,</span> <span class='ocrx_word' id='word_1_324' title='bbox 1913 2768 2048 2835; x_wconf 86' lang='lat' dir='ltr'>quod</span> <span class='ocrx_word' id='word_1_325' title='bbox 2083 2767 2137 2817; x_wconf 88' lang='lat' dir='ltr'>id</span> <span class='ocrx_word' id='word_1_326' title='bbox 2171 2768 2352 2818; x_wconf 73' lang='lat' dir='ltr'>dolent.</span> <span class='ocrx_word' id='word_1_327' title='bbox 2383 2767 2599 2831; x_wconf 81' lang='lat' dir='ltr'>Ideoque</span> 
     </span>
     <span class='ocr_line' id='line_1_49' title="bbox 1577 2847 2600 2912; baseline -0.005 -13"><span class='ocrx_word' id='word_1_328' title='bbox 1577 2852 1655 2900; x_wconf 80' lang='lat' dir='ltr'>vel</span> <span class='ocrx_word' id='word_1_329' title='bbox 1677 2849 1954 2901; x_wconf 71' lang='lat' dir='ltr'>addendum</span> <span class='ocrx_word' id='word_1_330' title='bbox 1980 2860 2054 2899; x_wconf 79' lang='lat' dir='ltr'>est</span> <span class='ocrx_word' id='word_1_331' title='bbox 2077 2850 2234 2907; x_wconf 62' lang='lat' dir='ltr'>letor,</span> <span class='ocrx_word' id='word_1_332' title='bbox 2259 2849 2360 2897; x_wconf 74' lang='lat' dir='ltr'>eive</span> <span class='ocrx_word' id='word_1_333' title='bbox 2378 2847 2566 2912; x_wconf 76' lang='lat' dir='ltr'>gaudeo</span> <span class='ocrx_word' id='word_1_334' title='bbox 2581 2880 2600 2906; x_wconf 88' lang='lat'>,</span> 
     </span>
     <span class='ocr_line' id='line_1_50' title="bbox 1577 2926 2597 2997; baseline -0.006 -17"><span class='ocrx_word' id='word_1_335' title='bbox 1577 2933 1706 2981; x_wconf 80' lang='lat' dir='ltr'>inter</span> <span class='ocrx_word' id='word_1_336' title='bbox 1728 2948 1878 2997; x_wconf 81' lang='lat' dir='ltr'>quam</span> <span class='ocrx_word' id='word_1_337' title='bbox 1899 2942 1949 2979; x_wconf 89' lang='lat' dir='ltr'>et</span> <span class='ocrx_word' id='word_1_338' title='bbox 1977 2930 2156 2978; x_wconf 74' lang='lat' dir='ltr'>habere</span> <span class='ocrx_word' id='word_1_339' title='bbox 2173 2962 2190 2989; x_wconf 88' lang='lat'>,</span> <span class='ocrx_word' id='word_1_340' title='bbox 2219 2928 2300 2977; x_wconf 86' lang='lat' dir='ltr'>vel</span> <span class='ocrx_word' id='word_1_341' title='bbox 2325 2926 2597 2977; x_wconf 86' lang='lat' dir='ltr'>tollendum</span> 
     </span>
     <span class='ocr_line' id='line_1_51' title="bbox 1577 3006 2598 3073; baseline -0.008 -12"><span class='ocrx_word' id='word_1_342' title='bbox 1577 3010 1632 3062; x_wconf 79' lang='grc' dir='ltr'>τὸ</span> <span class='ocrx_word' id='word_1_343' title='bbox 1657 3010 1834 3060; x_wconf 73' lang='lat' dir='ltr'>habere</span> <span class='ocrx_word' id='word_1_344' title='bbox 1850 3045 1866 3070; x_wconf 96' lang='lat'>,</span> <span class='ocrx_word' id='word_1_345' title='bbox 1893 3022 1948 3059; x_wconf 86' lang='lat' dir='ltr'>ut</span> <span class='ocrx_word' id='word_1_346' title='bbox 1970 3010 2267 3073; x_wconf 74' lang='lat' dir='ltr'>intelligatur</span> <span class='ocrx_word' id='word_1_347' title='bbox 2295 3024 2394 3055; x_wconf 79' lang='lat' dir='ltr'>non</span> <span class='ocrx_word' id='word_1_348' title='bbox 2421 3006 2598 3055; x_wconf 70' lang='lat' dir='ltr'>habere</span> 
     </span>
     <span class='ocr_line' id='line_1_52' title="bbox 1577 3089 2598 3156; baseline -0.007 -16"><span class='ocrx_word' id='word_1_349' title='bbox 1577 3108 1640 3140; x_wconf 83' lang='lat' dir='ltr'>ex</span> <span class='ocrx_word' id='word_1_350' title='bbox 1673 3089 1987 3156; x_wconf 70' lang='lat' dir='ltr'>praecedenti.</span> <span class='ocrx_word' id='word_1_351' title='bbox 2022 3090 2086 3137; x_wconf 83' lang='lat' dir='ltr'>Et</span> <span class='ocrx_word' id='word_1_352' title='bbox 2117 3104 2284 3137; x_wconf 70' lang='lat' dir='ltr'>sensus</span> <span class='ocrx_word' id='word_1_353' title='bbox 2315 3098 2419 3135; x_wconf 87' lang='lat' dir='ltr'>tum</span> <span class='ocrx_word' id='word_1_354' title='bbox 2449 3096 2598 3143; x_wconf 62' lang='lat' dir='ltr'>emet,</span> 
     </span>
     <span class='ocr_line' id='line_1_53' title="bbox 1577 3164 2597 3219; baseline -0.008 0"><span class='ocrx_word' id='word_1_355' title='bbox 1577 3170 1696 3219; x_wconf 84' lang='lat' dir='ltr'>Non</span> <span class='ocrx_word' id='word_1_356' title='bbox 1716 3171 1782 3219; x_wconf 74' lang='lat' dir='ltr'>ita</span> <span class='ocrx_word' id='word_1_357' title='bbox 1801 3187 1880 3219; x_wconf 86' lang='lat' dir='ltr'>me</span> <span class='ocrx_word' id='word_1_358' title='bbox 1894 3168 2108 3219; x_wconf 73' lang='lat' dir='ltr'>efficeret</span> <span class='ocrx_word' id='word_1_359' title='bbox 2131 3184 2208 3215; x_wconf 89' lang='lat' dir='ltr'>me</span> <span class='ocrx_word' id='word_1_360' title='bbox 2227 3182 2330 3218; x_wconf 87' lang='lat' dir='ltr'>non</span> <span class='ocrx_word' id='word_1_361' title='bbox 2349 3165 2526 3213; x_wconf 71' lang='lat' dir='ltr'>habere</span> <span class='ocrx_word' id='word_1_362' title='bbox 2542 3164 2597 3212; x_wconf 85' lang='lat' dir='ltr'>in</span> 
     </span>
     <span class='ocr_line' id='line_1_54' title="bbox 1579 3244 2599 3315; baseline -0.007 -18"><span class='ocrx_word' id='word_1_363' title='bbox 1579 3261 1827 3315; x_wconf 71' lang='lat' dir='ltr'>sumptum</span> <span class='ocrx_word' id='word_1_364' title='bbox 1845 3264 1860 3298; x_wconf 72' lang='grc' dir='ltr'><strong><em>ε</em></strong></span> <span class='ocrx_word' id='word_1_365' title='bbox 1879 3264 2024 3313; x_wconf 77' lang='lat' dir='ltr'>quam</span> <span class='ocrx_word' id='word_1_366' title='bbox 2041 3244 2194 3295; x_wconf 79' lang='lat' dir='ltr'>afficit</span> <span class='ocrx_word' id='word_1_367' title='bbox 2209 3261 2286 3293; x_wconf 87' lang='lat' dir='ltr'>me</span> <span class='ocrx_word' id='word_1_368' title='bbox 2303 3260 2404 3293; x_wconf 87' lang='lat' dir='ltr'>non</span> <span class='ocrx_word' id='word_1_369' title='bbox 2421 3244 2599 3291; x_wconf 76' lang='lat' dir='ltr'>habere</span> 
     </span>
     <span class='ocr_line' id='line_1_55' title="bbox 1577 3320 2596 3377; baseline -0.009 0"><span class='ocrx_word' id='word_1_370' title='bbox 1577 3328 1763 3377; x_wconf 85' lang='lat' dir='ltr'>bonum</span> <span class='ocrx_word' id='word_1_371' title='bbox 1796 3328 2040 3377; x_wconf 83' lang='lat' dir='ltr'>heredem.</span> <span class='ocrx_word' id='word_1_372' title='bbox 2077 3328 2245 3375; x_wconf 68' lang='lat' dir='ltr'>Giton.</span> <span class='ocrx_word' id='word_1_373' title='bbox 2283 3352 2352 3361; x_wconf 91' lang='lat'>——</span> <span class='ocrx_word' id='word_1_374' title='bbox 2391 3320 2596 3370; x_wconf 74' lang='lat' dir='ltr'>Gaudeo</span> 
     </span>
     <span class='ocr_line' id='line_1_56' title="bbox 1576 3401 2598 3472; baseline -0.009 -16"><span class='ocrx_word' id='word_1_375' title='bbox 1576 3407 1772 3457; x_wconf 85' lang='lat' dir='ltr'>videtur</span> <span class='ocrx_word' id='word_1_376' title='bbox 1795 3407 2140 3472; x_wconf 69' lang='lat' dir='ltr'>supplendum.</span> <span class='ocrx_word' id='word_1_377' title='bbox 2169 3402 2362 3453; x_wconf 77' lang='lat' dir='ltr'>Schiitz.</span> <span class='ocrx_word' id='word_1_378' title='bbox 2389 3402 2469 3452; x_wconf 83' lang='lat' dir='ltr'>vel</span> <span class='ocrx_word' id='word_1_379' title='bbox 2491 3401 2598 3453; x_wconf 72' lang='lat' dir='ltr'>sine</span> 
     </span>
     <span class='ocr_line' id='line_1_57' title="bbox 1575 3486 2242 3551; baseline -0.003 -16"><span class='ocrx_word' id='word_1_380' title='bbox 1575 3488 1704 3537; x_wconf 78' lang='lat' dir='ltr'>Mss</span> <span class='ocrx_word' id='word_1_381' title='bbox 1726 3486 1990 3551; x_wconf 80' lang='lat' dir='ltr'>supplevit.</span> <span class='ocrx_word' id='word_1_382' title='bbox 2019 3488 2053 3535; x_wconf 84' lang='lat' dir='ltr'>J</span> <span class='ocrx_word' id='word_1_383' title='bbox 2059 3521 2069 3531; x_wconf 96' lang='lat'><strong>.</strong></span> <span class='ocrx_word' id='word_1_384' title='bbox 2091 3489 2158 3533; x_wconf 80' lang='lat' dir='ltr'>V.</span> <span class='ocrx_word' id='word_1_385' title='bbox 2187 3487 2242 3533; x_wconf 77' lang='lat'>1..</span> 
     </span>
    </p>

    <p class='ocr_par' dir='ltr' id='par_1_10' title="bbox 1575 3558 2602 4103">
     <span class='ocr_line' id='line_1_58' title="bbox 1652 3558 2594 3627; baseline -0.008 -14"><span class='ocrx_word' id='word_1_386' title='bbox 1652 3582 1732 3614; x_wconf 78' lang='lat' dir='ltr'>xo.</span> <span class='ocrx_word' id='word_1_387' title='bbox 1759 3566 1982 3614; x_wconf 77' lang='lat' dir='ltr'>Perseea.</span> <span class='ocrx_word' id='word_1_388' title='bbox 2006 3599 2017 3612; x_wconf 94' lang='lat'><strong>.</strong></span> <span class='ocrx_word' id='word_1_389' title='bbox 2041 3597 2054 3611; x_wconf 91' lang='lat'><strong>.</strong></span> <span class='ocrx_word' id='word_1_390' title='bbox 2075 3596 2090 3610; x_wconf 90' lang='lat'><strong>.</strong></span> <span class='ocrx_word' id='word_1_391' title='bbox 2117 3563 2328 3627; x_wconf 78' lang='lat' dir='ltr'>loquere.</span> <span class='ocrx_word' id='word_1_392' title='bbox 2356 3558 2594 3607; x_wconf 71' lang='lat' dir='ltr'>Taustall.</span> 
     </span>
     <span class='ocr_line' id='line_1_59' title="bbox 1577 3637 2598 3710; baseline -0.011 -15"><span class='ocrx_word' id='word_1_393' title='bbox 1577 3664 1656 3710; x_wconf 87' lang='lat' dir='ltr'>ep.</span> <span class='ocrx_word' id='word_1_394' title='bbox 1690 3644 1754 3693; x_wconf 75' lang='lat' dir='ltr'>ad</span> <span class='ocrx_word' id='word_1_395' title='bbox 1795 3644 2028 3694; x_wconf 69' lang='lat' dir='ltr'>Middlet.</span> <span class='ocrx_word' id='word_1_396' title='bbox 2049 3660 2102 3709; x_wconf 90' lang='lat' dir='ltr'>p.</span> <span class='ocrx_word' id='word_1_397' title='bbox 2129 3642 2198 3690; x_wconf 84' lang='lat'>65</span> <span class='ocrx_word' id='word_1_398' title='bbox 2215 3677 2231 3701; x_wconf 91' lang='lat'>‚</span> <span class='ocrx_word' id='word_1_399' title='bbox 2257 3638 2466 3701; x_wconf 80' lang='lat' dir='ltr'>conjecit</span> <span class='ocrx_word' id='word_1_400' title='bbox 2491 3637 2598 3685; x_wconf 68' lang='lat' dir='ltr'>haee</span> 
     </span>
     <span class='ocr_line' id='line_1_60' title="bbox 1577 3716 2602 3788; baseline -0.008 -17"><span class='ocrx_word' id='word_1_401' title='bbox 1577 3724 1722 3773; x_wconf 81' lang='lat' dir='ltr'>verba</span> <span class='ocrx_word' id='word_1_402' title='bbox 1744 3740 1808 3772; x_wconf 84' lang='lat' dir='ltr'>ex</span> <span class='ocrx_word' id='word_1_403' title='bbox 1827 3724 1992 3787; x_wconf 75' lang='lat' dir='ltr'>aliquo</span> <span class='ocrx_word' id='word_1_404' title='bbox 2017 3732 2164 3788; x_wconf 71' lang='lat' dir='ltr'>poeta</span> <span class='ocrx_word' id='word_1_405' title='bbox 2189 3720 2381 3769; x_wconf 82' lang='lat' dir='ltr'>comico</span> <span class='ocrx_word' id='word_1_406' title='bbox 2411 3716 2602 3765; x_wconf 77' lang='lat' dir='ltr'>desum-</span> 
     </span>
     <span class='ocr_line' id='line_1_61' title="bbox 1579 3798 2601 3869; baseline -0.01 -16"><span class='ocrx_word' id='word_1_407' title='bbox 1579 3816 1664 3869; x_wconf 71' lang='lat' dir='ltr'>pta</span> <span class='ocrx_word' id='word_1_408' title='bbox 1683 3820 1785 3852; x_wconf 75' lang='lat' dir='ltr'>esse</span> <span class='ocrx_word' id='word_1_409' title='bbox 1806 3818 1820 3851; x_wconf 77' lang='grc' dir='ltr'><strong><em>ε</em></strong></span> <span class='ocrx_word' id='word_1_410' title='bbox 1853 3814 1903 3852; x_wconf 88' lang='lat' dir='ltr'>et</span> <span class='ocrx_word' id='word_1_411' title='bbox 1923 3804 2144 3851; x_wconf 80' lang='lat' dir='ltr'>Ernestio</span> <span class='ocrx_word' id='word_1_412' title='bbox 2162 3802 2216 3849; x_wconf 83' lang='lat' dir='ltr'>iu</span> <span class='ocrx_word' id='word_1_413' title='bbox 2235 3808 2446 3847; x_wconf 84' lang='lat' dir='ltr'>mentem</span> <span class='ocrx_word' id='word_1_414' title='bbox 2462 3798 2601 3845; x_wconf 84' lang='lat' dir='ltr'>venit</span> 
     </span>
     <span class='ocr_line' id='line_1_62' title="bbox 1579 3876 2602 3947; baseline -0.01 -14"><span class='ocrx_word' id='word_1_415' title='bbox 1579 3884 1793 3933; x_wconf 76' lang='lat' dir='ltr'>Seaevam</span> <span class='ocrx_word' id='word_1_416' title='bbox 1819 3884 1956 3931; x_wconf 86' lang='lat' dir='ltr'>illum</span> <span class='ocrx_word' id='word_1_417' title='bbox 1983 3884 2143 3947; x_wconf 75' lang='lat' dir='ltr'>ipsum</span> <span class='ocrx_word' id='word_1_418' title='bbox 2170 3894 2427 3946; x_wconf 77' lang='lat' dir='ltr'>personam</span> <span class='ocrx_word' id='word_1_419' title='bbox 2453 3876 2602 3925; x_wconf 84' lang='lat' dir='ltr'>eomi-</span> 
     </span>
     <span class='ocr_line' id='line_1_63' title="bbox 1577 3957 2602 4026; baseline -0.01 -14"><span class='ocrx_word' id='word_1_420' title='bbox 1577 3980 1683 4011; x_wconf 75' lang='lat' dir='ltr'>enm</span> <span class='ocrx_word' id='word_1_421' title='bbox 1717 3963 1882 4012; x_wconf 71' lang='lat' dir='ltr'>fuisse.</span> <span class='ocrx_word' id='word_1_422' title='bbox 1912 3964 2210 4026; x_wconf 85' lang='lat' dir='ltr'>Utrumque,</span> <span class='ocrx_word' id='word_1_423' title='bbox 2239 3957 2460 4023; x_wconf 81' lang='lat' dir='ltr'>quamvis</span> <span class='ocrx_word' id='word_1_424' title='bbox 2481 3970 2602 4020; x_wconf 84' lang='lat' dir='ltr'>pro-</span> 
     </span>
     <span class='ocr_line' id='line_1_64' title="bbox 1575 4038 2496 4103; baseline -0.01 -11"><span class='ocrx_word' id='word_1_425' title='bbox 1575 4043 1724 4093; x_wconf 67' lang='lat' dir='ltr'>hante</span> <span class='ocrx_word' id='word_1_426' title='bbox 1750 4042 1861 4091; x_wconf 87' lang='lat' dir='ltr'>Sch.</span> <span class='ocrx_word' id='word_1_427' title='bbox 1883 4044 1932 4091; x_wconf 90' lang='lat' dir='ltr'>J.</span> <span class='ocrx_word' id='word_1_428' title='bbox 1954 4043 2022 4089; x_wconf 82' lang='lat' dir='ltr'>V.</span> <span class='ocrx_word' id='word_1_429' title='bbox 2061 4042 2115 4088; x_wconf 84' lang='lat'>1..</span> <span class='ocrx_word' id='word_1_430' title='bbox 2140 4038 2380 4103; x_wconf 69' lang='lat' dir='ltr'>displicet.</span> <span class='ocrx_word' id='word_1_431' title='bbox 2407 4039 2496 4085; x_wconf 83' lang='lat' dir='ltr'>En.</span> 
     </span>
    </p>

    <p class='ocr_par' dir='ltr' id='par_1_11' title="bbox 1657 4116 2598 4173">
     <span class='ocr_line' id='line_1_65' title="bbox 1657 4116 2598 4173; baseline -0.011 -1"><span class='ocrx_word' id='word_1_432' title='bbox 1657 4138 1678 4172; x_wconf 81' lang='grc' dir='ltr'><strong>ι</strong></span> <span class='ocrx_word' id='word_1_433' title='bbox 1693 4138 1737 4173; x_wconf 81' lang='lat'>1.</span> <span class='ocrx_word' id='word_1_434' title='bbox 1770 4122 1892 4171; x_wconf 78' lang='lat' dir='ltr'>Cum</span> <span class='ocrx_word' id='word_1_435' title='bbox 1917 4120 2004 4171; x_wconf 74' lang='lat' dir='ltr'>illo</span> <span class='ocrx_word' id='word_1_436' title='bbox 2022 4122 2211 4171; x_wconf 72' lang='lat' dir='ltr'>Sem.</span> <span class='ocrx_word' id='word_1_437' title='bbox 2239 4116 2406 4167; x_wconf 72' lang='lat' dir='ltr'>Cassio</span> <span class='ocrx_word' id='word_1_438' title='bbox 2433 4116 2598 4165; x_wconf 57' lang='grc' dir='ltr'><strong>Βοῶνα</strong></span> 
     </span>
    </p>
   </div>
  </div>
 </body>
</html>
