3019 4681
1139 385 1241 452 Μ.
1287 385 1364 450 Τ.
1419 383 2014 453 CICERONIS

507 505 610 574 sic
654 501 832 573 mihi
882 501 1272 574 dicendum
1312 518 1458 591 est,
1501 503 1915 600 multaque,
1969 525 2129 598 quae
2179 500 2383 570 nullo
2428 500 2648 570 modo

507 634 794 709 possem
830 611 1038 683 silere
1059 666 1080 700 ,
1113 615 1170 683 si
1206 611 1567 703 adessem3
1612 628 1737 684 aut
1768 637 1921 682 non
1956 609 2417 683 veniendum.

604 729 900 795 Summa
952 721 1130 810 fuit,
1189 715 1488 812 usiae,
1540 725 1750 822 quasi
1804 724 2077 794 exitum
2121 717 2523 818 quaerens&
2566 737 2646 790 ut

506 833 982 908 deliberarem
1007 838 1060 904 4.
1115 839 1280 905 Non
1339 834 1475 906 fuit
1531 833 1967 933 negandum.
2017 837 2124 904 Ita
2164 833 2643 902 discessimus.

507 944 743 1017 Credo
770 945 1030 1042 igitur,
1065 945 1264 1016 hunc
1301 971 1415 1017 me
1448 971 1599 1016 non
1627 969 1883 1016 amare.
1922 951 2008 1016 At
2050 969 2184 1041 ego
2227 969 2342 1015 me
2378 943 2645 1028 amavi;

507 1054 709 1154 quod
751 1055 934 1124 mihi
971 1056 1122 1150 jam
1170 1054 1451 1153 pridem
1495 1081 1639 1126 usu
1683 1080 1833 1126 non
1877 1057 2073 1124 venit
2099 1051 2149 1124 ⁵.

605 1165 948 1261 Reliqua,
989 1191 1035 1236 o
1065 1165 1200 1254 dii,
1241 1169 1369 1264 qui
1401 1163 1819 1237 comitatus!
1856 1190 2053 1262 quae,
2102 1180 2180 1235 ut
2214 1179 2292 1234 tu
2323 1161 2507 1234 soles
2537 1160 2646 1230 di-

507 1296 708 1360 cere,
746 1267 1032 1342 vexuioe6!
1096 1272 1172 1342 in
1235 1297 1378 1370 qua
1444 1287 1597 1344 erat
1654 1296 1817 1343 area
1876 1273 2303 1344 scelerumv.
2364 1271 2429 1338 O
2492 1293 2645 1339 rem

509 1375 954 1479 perditamssl
1010 1406 1057 1453 o
1107 1384 1354 1480 copias
1399 1378 1845 1480 desperatas!
1893 1381 2128 1475 Quid,
2173 1379 2375 1479 quod
2421 1380 2648 1450 Servii

509 1491 759 1564 filius?
816 1493 1019 1590 quod
1070 1493 1372 1564 Titinii?
1423 1499 1628 1586 Quot
1678 1499 1752 1564 in
1816 1492 1931 1565 his
1978 1496 2225 1566 castris
2273 1491 2571 1563 fuerunt
2588 1499 2645 1576 9,

511 1603 780 1701 quibus
812 1606 1196 1702 Pompeius
1226 1604 1901 1677 circumsideretur?
1929 1628 2057 1674 sex
2085 1603 2427 1700 legiones.
2456 1588 2651 1670 Mul-

509 1730 665 1786 tum
691 1724 752 1758 ¹⁰
783 1715 1069 1812 vigilat,
1105 1714 1362 1786 audet:
1402 1715 1690 1786 nullum
1716 1715 1929 1786 video
1956 1712 2182 1785 finem
2214 1712 2402 1783 mali.
2437 1714 2650 1783 Nunc

507 1839 705 1898 certe
745 1825 1150 1925 promenda
1193 1825 1328 1897 tibi
1362 1840 1537 1897 sunt
1572 1825 1871 1897 consilia
1903 1853 1919 1895 ε
1960 1823 2103 1897 hoc
2142 1822 2376 1894 fuerat
2420 1837 2650 1893 extre-

509 1956 714 2003 mum
739 1942 824 2000 ¹¹.
865 1931 995 2003 Illa
1023 1947 1266 2004 tamen
1298 1932 1626 2014 κατακλείς
1654 1942 1712 1975 ¹²
1746 1931 1935 2002 illius
1972 1945 2081 2003 est
2114 1929 2363 2001 odiosa
2384 1983 2403 2016 ,
2430 1951 2651 2026 quam

508 2067 716 2141 paene
751 2043 1060 2140 praeterii
1101 2069 1117 2111 ε
1166 2046 1226 2114 si
1271 2041 1411 2123 sibi
1454 2041 1771 2112 consiliis
1819 2043 2083 2112 nostris
2131 2043 2237 2110 uti
2280 2062 2428 2109 non
2476 2037 2650 2107 lice-

517 405 646 450 112

582 2295 631 2342 3.
657 2291 878 2340 Exitum.
901 2295 1146 2342 Sermonis
1165 2295 1314 2344 Mus.

581 2375 630 2435 4.
669 2374 736 2419 Ut
756 2370 1090 2421 deliberarem.
1123 2372 1344 2423 subaudi
1361 2408 1376 2433 ‚
1405 2372 1537 2421 dice-

1676 2297 1747 2357 '7.
1806 2297 1941 2343 Area
1985 2293 2237 2343 scelerum.
2281 2292 2412 2342 Male
2459 2291 2651 2338 Victor.

1625 2375 1751 2421 Eros
1770 2372 1940 2423 Celeri.
1959 2376 2031 2422 Ut
2067 2374 2231 2419 Davus
2248 2370 2534 2421 Chremetis.
2556 2372 2651 2417 nic

509 2464 600 2501 ret.
628 2454 786 2499 Inna.

583 2530 637 2579 5.
661 2532 745 2576 Ita
775 2528 1103 2592 decessimus,
1138 2540 1236 2579 etc.
1276 2528 1535 2594 Lakoi-pe,

515 2611 664 2659 Com-s
688 2609 749 2655 de
774 2608 979 2658 litterae.
1011 2620 1045 2656 t.
1083 2611 1157 2656 111
1173 2644 1186 2667 ,
1227 2608 1288 2656 de
1312 2609 1404 2658 hac
1432 2610 1541 2676 epi·
1572 2648 1581 2653 -

507 2688 632 2737 stola
656 2692 824 2751 agens,
845 2686 943 2736 hoc
961 2687 1023 2735 de
1040 2688 1274 2737 Cicerone
1297 2689 1390 2737 sert
1407 2688 1541 2749 judi-

511 2768 681 2816 cium:
720 2788 742 2810 ι
765 2768 874 2829 Qne
908 2782 1044 2813 ceux
1077 2767 1165 2830 qui
1197 2767 1246 2815 le
1280 2777 1450 2815 taxent
1478 2767 1540 2815 de

509 2846 732 2895 faiblesse
749 2862 800 2893 se
819 2856 1090 2910 supposent
1107 2846 1399 2894 eux-memes
1417 2847 1539 2895 daus

509 2942 608 2973 une
625 2924 824 2990 par-cille
848 2922 1135 2972 confer-enee
1161 2941 1280 2973 avec
1299 2924 1463 2985 Cesar,
1489 2936 1539 2973 et

506 3004 652 3071 qu'ils
671 3004 944 3053 u’onblient
965 3020 1052 3068 pas
1078 3020 1168 3051 son
1193 3004 1388 3070 coi-tege
1413 3006 1529 3069 qui,

506 3102 568 3133 su
607 3094 812 3150 rapport
846 3081 909 3130 de
945 3082 1152 3132 ciceron
1184 3095 1234 3132 et
1268 3083 1354 3133 des
1380 3084 1537 3132 histo·

507 3166 665 3226 riens,
698 3162 858 3211 faisait
893 3160 1073 3211 fremit.
1106 3160 1148 3210 11
1178 3161 1296 3211 emit
1337 3164 1402 3211 tel
1439 3179 1535 3227 qne

507 3242 750 3309 peut-&tre
783 3258 850 3290 ou
877 3239 958 3288 eut
1000 3240 1176 3288 excuse
1205 3241 1330 3289 celui
1359 3243 1444 3304 qui
1473 3258 1535 3291 eu

506 3322 662 3371 aut-ait
688 3339 752 3371 eu
783 3320 996 3386 quelque
1033 3320 1191 3368 effi-oi.
1231 3318 1438 3367 Ciceron
1471 3336 1535 3368 en

509 3414 592 3451 eut
629 3402 863 3459 horrent,
901 3410 953 3447 et
994 3396 1196 3447 conclut
1230 3398 1351 3463 qu'il
1391 3398 1538 3448 vulsit

512 3496 688 3528 encore
713 3480 876 3527 mienx
896 3478 1044 3526 d’etre
1063 3476 1242 3525 vaiucu
1257 3494 1375 3525 avec
1393 3480 1538 3526 Pom-

510 3558 602 3622 pe'e
627 3574 724 3621 quc
749 3558 808 3606 de
832 3558 1028 3605 vaincre
1045 3572 1160 3603 avec
1181 3571 1261 3603 ces
1279 3556 1467 3620 gens-li
1486 3558 1535 3605 κ’.

511 3638 687 3684 Monet
719 3646 878 3683 tamen
914 3637 946 3684 J
949 3672 962 3685 .
988 3639 1052 3684 V.
1083 3636 1137 3684 L.
1175 3634 1402 3700 Labor-pe
1434 3650 1541 3684 uon

515 3724 644 3762 recte
661 3714 788 3762 hanc
805 3714 950 3778 epist.
971 3714 1191 3763 retulisse
1209 3746 1224 3771 ‚
1245 3714 1298 3761 in
1319 3715 1395 3763 his
1411 3731 1537 3781 proe-

515 3792 711 3841 sertim:
733 3815 759 3835 κ
777 3792 922 3858 Cesar
939 3793 1156 3858 repliqua
1179 3793 1469 3858 tigranem,
1489 3806 1542 3843 et

515 3874 669 3919 meme
687 3887 804 3919 avec
823 3889 1042 3921 mensces
1058 3890 1103 3933 »;
1117 3872 1243 3921 nihil
1259 3874 1354 3922 tale
1375 3874 1426 3921 in
1443 3874 1538 3922 hac

516 3951 720 4014 epistola
749 3956 978 4001 occurrit.
1004 3954 1096 4001 En.

587 4031 641 4077 6.
677 4026 871 4079 Νεκυὶα.
927 4034 1106 4078 Funus.
1149 4029 1276 4077 Vide
1315 4048 1394 4094 ep.
1445 4047 1536 4089 η,

513 4109 615 4169 huj.
643 4108 775 4169 iibri.

1626 2456 1757 2501 enim
1778 2452 2173 2516 subintelligitur,
2190 2450 2418 2509 libertus,
2444 2461 2530 2497 sut
2556 2466 2655 2498 ser-

1626 2549 1732 2581 vus.
1756 2532 1934 2580 Fue'rat
1951 2531 2083 2579 enim
2101 2532 2223 2579 Eros
2243 2528 2440 2593 quidam
2458 2530 2515 2578 L.
2542 2532 2654 2577 Me-

1628 2611 1733 2660 telli
1757 2611 1939 2660 Celeris
1972 2608 2189 2657 libertus.
2220 2610 2381 2657 hus.
2406 2636 2479 2645 ——-
2508 2612 2655 2656 Forte

1628 2689 1803 2741 Cicero
1830 2690 2051 2754 scripsit,
2090 2689 2142 2735 in
2174 2702 2274 2751 quo
2300 2699 2401 2735 erat
2428 2684 2531 2754 ἔρος
2554 2704 2658 2735 sce-

1629 2772 1779 2818 lerum
1788 2804 1807 2828 ‚
1832 2768 2125 2817 desiderium
2143 2801 2159 2827 ,
2188 2767 2432 2831 cupiditas
2450 2767 2657 2831 turpiter

1627 2848 1851 2897 faciendi.
1880 2850 1930 2896 J.
1954 2852 2011 2895 F.
2039 2850 2277 2896 Gnouov.
2314 2872 2385 2883 --
2416 2846 2654 2894 'I'unstalL

1626 2944 1739 2993 pag.
1770 2928 1884 2986 151,
1910 2924 2051 2994 τέρας
2073 2925 2280 2974 sceleris.
2303 2926 2515 2973 Textum
2538 2924 2653 2974 edd.

1622 3024 1700 3073 pr.
1726 3006 1972 3055 revocavi.
2000 3007 2091 3053 En.

1698 3088 1750 3135 8.
1774 3088 1893 3133 Rem
1910 3084 2175 3149 perditam.
2203 3084 2264 3129 Et
2290 3082 2478 3145 perdita
2497 3082 2657 3130 Caesa-

1626 3166 1691 3212 ris
1714 3180 1858 3212 causa
1874 3199 1889 3224 ,
1912 3175 1960 3212 et
1984 3163 2144 3226 copiae
2170 3160 2411 3224 ejusmodi
2426 3196 2439 3219 ,
2464 3172 2523 3209 ut
2548 3176 2657 3225 spe-

1623 3260 1729 3292 rare
1746 3244 1871 3291 nihil
1898 3245 2072 3309 possis.
2102 3244 2251 3289 Mur.

1696 3340 1749 3386 9.
1791 3325 2015 3370 Fuerunt.
2056 3321 2159 3385 Qui
2180 3338 2207 3367 a
2234 3318 2497 3367 BrundisIo
2524 3319 2657 3367 redi·

1625 3402 1766 3450 bant.
1814 3402 1877 3447 Et
1903 3415 2017 3447 cum
2056 3398 2375 3447 admiratione
2412 3397 2643 3462 protulit:

1626 3480 1768 3545 quasi
1794 3478 1881 3526 vix
1909 3478 2141 3526 credibile
2170 3477 2418 3535 videatur,
2456 3488 2534 3525 tot
2560 3476 2653 3524 ho·

1626 3560 1781 3608 mines
1816 3557 2100 3606 convenisse
2137 3557 2202 3606 ad
2242 3558 2333 3608 Cu.
2370 3556 2659 3621 Pompeium

1627 3636 2087 3686 circumsidentium.
2109 3640 2263 3686 Inus.

1706 3732 1789 3764 10.
1830 3716 2058 3765 Multum.
2094 3718 2206 3763 Hoc
2250 3726 2353 3773 est,
2395 3715 2657 3762 acerrimus

1628 3806 1702 3844 est
1726 3796 1887 3843 Caesar
1912 3806 1963 3841 et
1983 3793 2344 3843 audacissimus.
2372 3796 2547 3842 Gnssv.

1708 3890 1727 3921 1
1745 3890 1786 3919 1.
1822 3875 2128 3921 Extremum.
2166 3875 2445 3920 Extremum
2476 3884 2623 3921 vocet
2640 3908 2657 3932 ‚

1629 3963 1873 4017 postrema
1902 3952 2049 3999 verba
2076 3966 2185 4013 quae
2212 3952 2372 3999 Caessr
2398 3950 2492 4015 ipsi
2518 3950 2656 3998 dixe-

1631 4043 1733 4088 rat,
1762 4042 1820 4078 nt
1841 4030 2029 4077 scilicet
2056 4028 2359 4078 deliberaret.
2391 4032 2509 4078 Bos.
2622 4028 2629 4035 '

1707 4124 1785 4156 ιη.
1808 4096 2090 4163 Κατᾰκλιίς.
2118 4108 2363 4168 Clausala,
2386 4108 2656 4157 conclusio.
