3019 4681
484 384 631 467 [μί.
1130 384 1227 453 Μ.
1278 384 1359 450 Τ.
1411 384 1971 457 olcERole

474 503 763 575 videtur
798 502 888 574 de
924 499 1219 585 Clodio,
1260 504 1584 600 itemque
1619 502 1710 574 de
1752 504 2135 599 Dejotaro;
2175 521 2248 578 et
2283 508 2615 607 loquitur

480 636 770 699 severe,
809 612 868 681 si
903 610 1079 681 velis
1122 608 1417 682 credere
1432 608 1487 681 ⁶.
1541 612 1728 683 Illud
1775 628 2020 685 tamen
2071 642 2223 687 non
2268 618 2499 709 belle,
2533 638 2619 694 ut

476 722 657 792 mihi
700 720 1002 818 quidem
1056 719 1366 805 videtur,
1403 720 1604 819 quod
1649 721 1916 795 factum
1965 724 2356 799 Dolabellae
2398 731 2612 803 vehe-

477 847 763 904 menter
802 829 1190 928 improbat.
1246 833 1356 901 De
1396 832 1760 902 coronatis
1778 844 1832 920 ⁷,
1889 858 2120 929 quum
2166 842 2434 909 sororis
2473 852 2614 909 tuae

471 942 669 1013 filius
707 966 747 1011 a
793 956 993 1037 patre
1026 954 1399 1011 accusatus
1432 955 1657 1029 esset,
1703 944 2106 1041 rescripsit,
2147 938 2224 1017 se
2269 971 2612 1023 coronam

476 1051 816 1123 habuisse
861 1050 1160 1121 honoris
1202 1053 1495 1121 Caesaris
1525 1076 1774 1140 causa3
1811 1056 2140 1150 posuisse
2177 1056 2414 1129 luctus
2448 1083 2612 1156 gra-

476 1164 623 1247 tia;
675 1174 1049 1257 postremo
1072 1212 1092 1245 ,
1148 1184 1223 1229 se
1288 1159 1599 1232 libenter
1659 1164 2260 1260 vituperationem
2325 1165 2610 1257 subire,

476 1270 680 1368 quod
713 1284 984 1341 amaret
1035 1270 1248 1339 etiam
1295 1284 1671 1341 mortuum
1711 1274 2086 1345 Caesarem.
2125 1274 2233 1345 Ad
2267 1276 2609 1349 Dolabel·

474 1382 661 1471 lam,
708 1377 1325 1478 quemadmodum
1370 1378 1505 1452 tibi
1552 1379 1732 1453 >dicis
1779 1382 2101 1477 placere,
2151 1388 2400 1483 scripsi
2445 1384 2609 1459 dili-

474 1504 745 1587 genter.
790 1494 941 1586 Ego
980 1490 1192 1560 etiam
1212 1483 1245 1535 ³
1282 1487 1371 1559 ad
1409 1490 1644 1561 Sicam
1665 1502 1718 1561 9.
1765 1491 1929 1563 Tibi
1975 1493 2116 1565 hoc
2170 1498 2410 1568 oneris
2455 1523 2608 1569 non

470 1604 772 1699 impono
811 1626 827 1668 :
873 1598 1051 1669 ’nolo
1087 1612 1160 1669 te
1197 1597 1407 1669 illum
1432 1607 1500 1644 ¹⁰
1539 1601 1805 1671 iratum
1843 1601 2139 1675 habere.
2189 1607 2414 1676 Servii
2455 1632 2612 1678 ora-

466 1712 829 1782 tionem¹¹
894 1732 1255 1805 cognosco
1275 1718 1386 1795 ¹’;
1428 1712 1527 1779 'in
1586 1734 1732 1807 qua
1790 1709 1956 1807 plus
2019 1716 2296 1785 timoris
2353 1716 2605 1805 video,

470 1844 693 1919 quam
729 1818 1031 1891 consilii.
1072 1816 1207 1889 Sed
1245 1820 1599 1915 quoniam
1633 1822 1999 1917 perterriti
2035 1846 2287 1893 omnes
2316 1849 2607 1913 sumuS,

467 1936 820 2005 assentior
877 1930 1147 2000 Servio.
1210 1928 1556 1999 Publilius
1606 1944 1848 2001 tecum
1903 1933 2200 2029 tricatus
2262 1949 2389 2005 est.
2447 1941 2607 2007 Huc

466 2044 663 2111 enim
710 2038 1027 2110 Caerellia
1066 2040 1283 2107 missa
1336 2037 1427 2110 ab
1478 2039 1632 2111 istis
1650 2035 1712 2083 ¹³
1745 2054 1865 2111 est
1899 2040 2128 2137 legata
2167 2042 2256 2113 ad
2295 2068 2449 2133 me3
2486 2048 2604 2116 cui

464 2148 671 2222 facile
706 2149 1071 2247 persuasi,
1104 2146 1285 2216 mihi
1321 2146 1427 2234 id,
1463 2147 1668 2244 quod
1699 2166 2026 2245 rogaret,
2063 2176 2157 2222 ne
2190 2151 2403 2224 licere
2437 2156 2603 2251 qui-

464 2259 672 2349 dem,
709 2283 861 2329 non
898 2254 1117 2327 modo
1152 2283 1306 2328 non
1345 2256 1618 2329 lubere.
1650 2262 2051 2330 Antonium
2078 2262 2143 2331 si
2176 2260 2461 2351 videro,
2493 2286 2605 2335 ac-

464 2385 711 2443 curate
756 2392 960 2466 agam
998 2366 1089 2439 de
1129 2369 1507 2440 Buthroto.

558 2481 795 2552 Venio
827 2479 917 2550 ad
954 2480 1388 2550 recentiores
1420 2479 1703 2567 literas;
1745 2503 2188 2576 quamquam
2226 2479 2316 2552 de
2354 2483 2602 2552 Servio

461 2590 607 2684 jam
632 2585 983 2682 rescripsi.
1008 2588 1128 2655 Me
1153 2582 1464 2655 facet-est
1490 2609 1826 2682 magnam
1853 2583 2071 2682 πρᾶξιν
2092 2583 2157 2628 ¹⁵
2185 2586 2595 2660 Dolabellae.

460 2697 640 2769 Mihi
696 2695 1106 2768 m'ehercule
1156 2696 1254 2765 ita
1301 2694 1612 2784 videtur,
1667 2702 1831 2766 non‘
1871 2698 2224 2794 potuisset
2273 2699 2508 2792 major
2535 2696 2600 2743 ¹⁶

460 2808 586 2880 tali
622 2831 741 2896 re,
785 2806 1055 2902 talique
1090 2820 1437 2903 tempore.
1478 2804 1619 2878 Sed
1658 2821 1940 2895 tamen,
1975 2807 2334 2904 quidquid
2361 2809 2439 2880 -ei
2469 2810 2596 2880 tri-

457 2917 611 2989 buo
632 2973 651 3006 ‚
684 2915 929 2992 tribuo
966 2924 1063 2986 ex'
1094 2916 1238 2984 tuis
1274 2915 1519 2986 literis,
1551 2915 1716 2987 Tibi
1745 2941 1924 2988 vero
1959 2920 2334 3004 assentior,
2364 2920 2596 3027 mejo-

528 3117 579 3164 6.
619 3113 675 3163 Si
708 3111 835 3160 velis
871 3110 1082 3160 endere.
1123 3109 1393 3160 Diffidebat
1430 3112 1478 3158 ei
1565 3109 1842 3160 reducenda
1861 3111 2259 3174 Publiliam,
2279 3113 2345 3168 43
2366 3148 2384 3175 ,
2409 3124 2459 3162 et
2479 3114 2596 3172 XV,

456 3199 660 3255 Cicero;
686 3192 773 3241 sed
800 3192 1061 3239 immerito.
1089 3194 1245 3240 Pansa
1265 3193 1396 3240 enim
1413 3190 1476 3237 ad
1571 3205 1614 3236 ι.
1660 3191 1804 3239 ΜΔΕ.

456 3275 700 3324 Mutinam
722 3287 815 3335 pro
832 3279 1001 3318 senatu
1022 3280 1191 3317 contra
1203 3270 1474 3318 Antonium
1640 3277 1721 3325 ιι.
1758 3271 1841 3316 Me
1858 3265 2056 3330 faeere.
2083 3271 2201 3317 Haec
2227 3285 2338 3317 cum
2377 3269 2584 3317 interro-

456 3355 691 3404 dimicans
716 3348 967 3397 occubuit.
997 3350 1095 3396 En.
1565 3350 1758 3410 gatione
1791 3346 1916 3410 lego.
1947 3346 2230 3411 Respondet
2252 3349 2382 3394 enim
2420 3349 2588 3396 Atfico

526 3451 575 3495 7.
594 3433 669 3478 De
693 3425 951 3476 comantis.
968 3428 1123 3490 Supra
1142 3460 1157 3485 ,
1176 3441 1261 3490 ep.
1288 3435 1371 3482 14.
1567 3425 1798 3474 scribenti
1816 3459 1832 3486 ,
1869 3425 2049 3473 faenum
2085 3425 2208 3473 illud
2245 3425 2512 3474 Dolabella
2538 3443 2594 3474 ea

528 3513 577 3558 8.
598 3507 729 3558 oum
744 3542 761 3565 ,
793 3507 927 3570 Ergo
948 3505 1112 3553 etiam.
1138 3508 1187 3555 J.
1208 3507 1273 3553 V.
1297 3507 1351 3552 Ι..
1567 3504 1877 3568 potissimum
1903 3503 1966 3551 de
1992 3519 2132 3552 cnm
2153 3519 2380 3568 magnum
2409 3504 2594 3564 videri,

527 3607 578 3653 9.
612 3587 699 3636 Ad
729 3585 909 3634 Siccam.
943 3583 1025 3633 Al.
1058 3584 1159 3632 fere
1184 3598 1381 3645 omnes,
1408 3582 1483 3631 ad
1553 3583 1706 3647 qnod
1721 3583 1828 3646 ipse
1853 3583 1908 3630 id
1932 3581 2179 3631 laudando
2203 3598 2428 3646 magnum
2459 3583 2591 3631 [noe-

454 3669 662 3716 Siccam.
686 3667 735 3714 J.
746 3663 808 3711 V.
826 3665 881 3710 L.
1569 3672 1658 3712 ret.
1673 3667 1808 3711 Itane
1819 3661 2008 3721 eci-ibis,
2025 3663 2202 3726 inquit,
2219 3679 2298 3710 me
2313 3662 2594 3710 laudatione

430 3797 439 3804 ⁶
534 3763 613 3794 ιο.
640 3744 803 3792 Illum.
829 3741 1155 3790 Dolabella-m.
1444 3771 1459 3781 ·
1565 3757 1671 3789 men
1689 3757 1914 3804 nagnam
1930 3741 2090 3789 facete
2105 3737 2278 3809 πρᾶξιν
2289 3740 2556 3790 Dolabella
2570 3741 2594 3788 ?

533 3841 553 3871 1
570 3840 612 3872 1.
665 3820 962 3869 Orationem.
1012 3823 1087 3868 De
1140 3821 1272 3867 facto
1321 3818 1475 3868 Dola·
1565 3821 1768 3868 Bonus.
1801 3847 1874 3856 —
1899 3821 2239 3886 Inter-rogandi
2273 3832 2389 3869 nota
2427 3819 2593 3884 potuit

450 3903 609 3952 bellae.
629 3903 722 3960 En.
1565 3913 1728 3945 carere
1749 3897 1834 3945 hic
1856 3897 2013 3946 loeus.

530 3996 611 4030 ω.
634 3981 824 4027 Ernest.
857 3977 989 4037 coni.
1020 3991 1255 4041 agnosco.
1270 3978 1320 4024 J.
1336 3975 1399 4024 V.
1414 3977 1469 4025 1..
1639 3976 1721 4024 15.
1739 3971 1932 4042 Πρᾶξιν.
1955 3977 2239 4026 Actionem.

530 4061 609 4108 13.
656 4057 733 4104 Ab
770 4055 886 4104 istis.
922 4055 1162 4111 Publilio,
1196 4066 1379 4112 matre,
1418 4066 1467 4102 οι
1637 4055 1716 4103 16.
1731 4055 1963 4102 Potuisse.
1991 4058 2133 4103 Forte
2153 4091 2170 4117 ,
2199 4077 2225 4096 a
2245 4055 2588 4119 potuine-ma-

448 4153 632 4187 uorore.
657 4135 812 4185 missa
830 4169 845 4195 ,
870 4143 925 4194 ut
962 4143 1125 4198 ageret
1162 4149 1276 4180 cum
1312 4149 1375 4181 eo
1403 4133 1465 4182 de
1548 4133 1658 4193 jorn
1677 4155 1721 4182 a.
1747 4131 1796 4182 J.
1817 4133 1880 4182 V.
1909 4131 1964 4179 1..
