3019 4681
583 342 1130 439 ErlsToLAE
1179 372 1316 441 AD
1367 374 1457 463 Q.
1496 374 2007 464 FRATREM,
2041 379 2200 464 111,
2254 377 2323 450 5.
2404 366 2550 477 639

407 509 645 565 tamen
683 491 1054 579 retulisse,
1095 515 1284 588 quos
1316 494 1472 592 ipse
1505 495 1887 583 vidissem3
1924 499 2381 571 Aristotelem
2419 500 2549 579 dee

405 608 628 701 nique
659 659 680 692 ,
731 628 892 701 quae
929 601 1020 673 de
1061 602 1438 700 republica
1501 620 1579 677 et
1620 620 2003 703 praestante
2054 610 2207 680 viro
2250 610 2555 701 scribat,

405 716 644 811 ipsum
689 714 914 811 loqui.
953 716 1364 785 Commovit
1393 740 1539 801 me,
1572 732 1646 787 et
1680 742 1769 790 eo
1792 721 2049 816 Πιερὶς),
2089 719 2293 816 quod
2325 724 2552 793 maxi·

406 850 565 896 mos
601 839 845 895 motus
901 840 1166 896 nostrae
1215 827 1521 899 civitatis
1571 829 1923 925 attingere
1982 854 2132 903 non
2192 846 2557 928 poteram,

407 932 608 1031 quod
638 949 843 1005 erant
871 931 1246 1005 inferiores
1267 990 1286 1024 ,
1325 960 1543 1033 quam
1578 936 1871 1009 illorum
1900 954 2107 1027 aetas,
2144 944 2273 1037 qui
2306 942 2557 1039 loque-

406 1043 691 1115 bantur.
723 1050 875 1143 Ego
909 1060 1148 1115 autem
1191 1044 1266 1116 id
1295 1048 1533 1145 ipsum
1561 1063 1715 1119 tum
1754 1075 1950 1121 eram
1990 1066 2382 1148 sequutus,
2419 1078 2513 1123 ne
2536 1102 2559 1141 ,

331 1200 338 1205 -
406 1159 486 1225 in
522 1170 770 1225 nostra
805 1170 1134 1254 tempora
1174 1160 1587 1247 incurrenS,
1623 1158 2071 1233 offenderem
2110 1166 2556 1261 quempiam

407 1269 620 1337 Nunc
657 1280 730 1336 et
763 1264 838 1336 id
876 1264 1165 1355 vitabo,
1204 1282 1274 1339 et
1325 1268 1587 1365 loquar
1645 1274 1800 1369 ipse
1850 1285 2115 1343 tecum.
2168 1278 2258 1343 Et
2314 1288 2557 1345 tamen

405 1356 569 1462 illa,
627 1401 787 1473 quae
815 1321 1306 1465 institueram,
1345 1379 1434 1447 ad
1466 1393 1575 1461 te,
1620 1380 1679 1451 si
1710 1384 2010 1451 Romam
2050 1406 2352 1469 venero,
2388 1383 2559 1452 mit-

409 1503 576 1556 tam.
617 1490 803 1557 Puto
837 1488 1064 1573 enim,
1109 1502 1182 1558 te
1221 1487 1837 1576 existimaturum,
1889 1514 1927 1559 a
1964 1514 2091 1560 me
2130 1488 2355 1562 libros
2398 1491 2560 1563 illos

407 1622 558 1667 non
589 1598 744 1668 sine
781 1597 1029 1695 aliquo
1067 1623 1233 1670 meo
1274 1598 1651 1670 stomacho
1682 1623 1835 1670 esse
1873 1597 2179 1670 relictos.

504 1709 796 1779 Caesaris
829 1734 1107 1797 amore,
1148 1734 1366 1807 quem
1412 1708 1504 1781 ad
1540 1734 1656 1781 me
1701 1708 2141 1807 perscripsit,
2180 1710 2391 1781 unice
2428 1709 2559 1781 de-

408 1818 672 1907 lector3
705 1818 1110 1915 promissis³
1135 1824 1220 1893 iis
1239 1875 1258 1910 ‚
1277 1845 1440 1917 quae
1463 1818 1803 1907 ostendit,
1821 1844 1974 1889 non
2003 1817 2209 1889 valde
2229 1819 2556 1916 pendeo:

409 1951 546 1999 nec
602 1926 922 2001 honores
971 1929 1173 2018 sitio,
1231 1954 1367 2001 nec
1408 1928 1741 2001 desidero
1801 1929 2140 2027 gloriam3
2184 1934 2561 2029 magisque

409 2037 569 2133 ejus
625 2039 1020 2111 voluntatis
1083 2041 1645 2139 perpetuitatem
1676 2095 1697 2127 ,
1755 2064 1972 2136 quam
2030 2042 2559 2141 promissorum

411 2148 682 2221 exitum
727 2164 1083 2247 exspecto.
1118 2152 1302 2220 Vivo
1341 2164 1585 2220 tamen
1625 2150 1702 2218 in
1735 2174 1820 2220 ea
1862 2147 2297 2237 ambitione,
2346 2162 2419 2219 et
2466 2150 2565 2221 la-

409 2255 638 2347 bore,
688 2271 1056 2363 tamquam
1121 2257 1189 2327 id
1225 2310 1244 2344 ,
1295 2258 1501 2355 quod
1548 2283 1698 2329 non
1750 2258 2079 2356 postulo,
2123 2274 2561 2357 exspectem.

411 2367 632 2460 Quod
672 2395 788 2440 me
825 2369 915 2441 de
951 2368 1295 2442 faciendis
1329 2367 1655 2441 versibus
1693 2393 1937 2466 rogas»,
1970 2369 2393 2441 incredibile
2419 2388 2562 2462 est,

409 2485 512 2550 mi
543 2478 795 2570 frater,
828 2506 1046 2579 quam
1083 2505 1332 2578 egeam
1368 2495 1745 2578 tempore:
1774 2504 1912 2550 nec
1942 2503 2112 2550 sane
2155 2481 2323 2552 satis
2359 2505 2563 2551 com·

411 2611 715 2658 moveor
768 2590 1010 2659 animo
1059 2587 1148 2659 ad
1202 2611 1334 2676 ea,
1382 2611 1547 2684 quae
1585 2587 1729 2675 vis,
1776 2585 2121 2657 canenda.
2174 2571 2495 2669 Ῠποθέσεις
2530 2583 2562 2640 4

411 2721 588 2768 vero
622 2696 712 2768 ad
759 2722 840 2768 ea
859 2723 1076 2795 ,quae
1108 2699 1262 2796 ipse
1295 2723 1429 2796 ego
1468 2722 1561 2768 ne
1605 2695 1993 2796 cogitando
2042 2695 2337 2795 quidem
2382 2722 2563 2769 con·
2667 2783 2672 2786 ,

414 2833 720 2905 sequor,
762 2824 876 2896 tu,
924 2811 1052 2907 qui
1088 2834 1342 2882 omnes
1380 2811 1520 2880 isto
1559 2807 1951 2905 eloquendi
1990 2823 2064 2879 et
2101 2807 2563 2907 exprimendi

415 2942 683 3015 genere
729 2921 1120 3016 superasti,
1170 2945 1211 2990 a
1270 2945 1388 2990 me
1448 2917 1694 3016 petis?
1737 2923 2069 2989 Facerem
2114 2933 2355 2989 tamen
2391 2969 2411 3006 ‚
2478 2931 2564 2987 ut

415 3053 736 3126 possem;
773 3027 899 3101 sed
935 3029 1186 3128 (quod
1221 3045 1290 3100 te
1319 3029 1620 3099 minime
1650 3025 1879 3126 fugit)
1918 3053 2106 3126 opus
2144 3043 2253 3098 est
2278 3027 2371 3099 ad
2400 3050 2567 3122 poe-

418 3163 537 3208 ma
583 3137 895 3237 quadam
939 3140 1160 3210 animi
1194 3140 1593 3226 alacritate,
1644 3162 1865 3236 quam
1910 3138 2119 3236 plane
2166 3136 2345 3207 mihi
2381 3151 2567 3207 tem-

419 3273 598 3348 pora
647 3252 984 3348 eripiunt.
1039 3247 1338 3321 Abduco
1388 3249 1730 3346 equidem
1772 3273 1888 3318 me
1932 3245 2024 3318 ab
2070 3247 2271 3315 omni
2322 3246 2569 3344 reipu-

416 3359 626 3430 blicae
660 3385 861 3448 cura,
898 3359 1234 3459 dedoque
1265 3359 1529 3448 literis;
1578 3358 1704 3430 sed
1740 3373 1983 3428 tamen
2020 3355 2361 3427 indicabo
2400 3354 2571 3443 tibi,

418 3468 622 3566 quod
645 3469 1057 3542 mehercule
1087 3474 1159 3540 in
1197 3472 1445 3568 primis
1473 3485 1544 3541 te
1566 3469 1879 3540 celatum
1904 3465 2259 3538 volebam.
2294 3471 2569 3564 Angor,

421 3583 518 3649 mi
549 3583 961 3652 suavissime
988 3579 1232 3670 frater,
1245 3605 1496 3678 angor,
1522 3579 1797 3650 nullam
1827 3601 1981 3648 esse
2010 3574 2531 3674 rempublicam
2550 3629 2573 3665 ‚

421 3688 620 3762 nulla
639 3687 945 3785 judicia,
971 3707 1452 3789 nostrumque
1483 3690 1628 3761 hoc
1652 3703 1940 3785 tempus
1970 3690 2228 3775 aetatis,
2258 3684 2459 3784 quod
2491 3689 2570 3758 in

496 3871 544 3918 3.
595 3870 697 3918 Alii
749 3869 948 3922 mallent
1009 3895 1036 3916 ι
1053 3889 1082 3920 ι
1129 3872 1382 3938 promissis
1405 3893 1451 3922 n.
1542 3870 1635 3930 rie,
1661 3869 1728 3918 ob
1754 3885 1831 3916 res
1858 3867 1911 3916 in
1943 3867 2193 3917 Britannia
2226 3879 2381 3933 gestas
2404 3869 2571 3932 Quin-

422 3951 456 3998 J
461 3984 477 4000 .
497 3953 559 3998 V.
585 3952 638 3998 1..
1542 3959 1621 3998 tus
1641 3949 1864 4014 petierat.
1894 3949 2017 4011 Qun
2040 3949 2138 3996 nint
2162 3947 2260 3996 311ae
2280 3948 2571 4010 ὑποθέσιις,

496 4040 547 4086 4.
597 4015 879 4091 Ῠποθὲσιις.
922 4031 1222 4094 Argumenta
1239 4065 1254 4091 ,
1302 4041 1455 4078 mate·
1542 4029 1656 4078 vide
1681 4031 1729 4077 11
1748 4064 1761 4089 ‚
1794 4028 1873 4076 16.
1898 4029 2077 4076 En.—-
2096 4028 2361 4094 Super-asti.
2381 4029 2575 4078 Ernest-

423 4110 563 4159 riem.
589 4111 777 4175 Nempe
799 4127 966 4160 versus
996 4111 1048 4158 in
1077 4109 1273 4158 laudem
1297 4111 1456 4160 Caesa·
1544 4110 1681 4172 coni.
1703 4123 1924 4174 superna.
1948 4108 1997 4158 J.
2008 4109 2073 4156 V.
2090 4107 2146 4155 1..
