3019 4681
544 307 686 380 368
1182 309 1282 376 Μ.
1333 309 1409 376 Τ.
1462 307 2032 382 CICERONIS

540 455 637 504 ne
682 453 835 500 non
872 427 1085 501 liceat
1131 441 1379 502 tenere
1428 431 1904 508 hereditatem
1927 494 1948 529 ,
1990 439 2226 535 ὒόγως
2247 435 2277 482 ⁵
2331 438 2634 510 omnino
2654 495 2675 530 ,

540 539 667 613 sed
698 553 991 612 veretur
1024 553 1289 610 tamen.
1327 545 1399 613 Is
1429 543 1654 640 igitur
1679 545 1742 616 si
1766 547 2055 618 accierit
2072 600 2094 636 ‚
2127 571 2537 635 accurram3
2565 550 2680 620 sin

536 653 779 723 minus
799 705 819 740 ,
866 647 1063 722 haud
1111 666 1505 749 antequam
1525 651 1558 699 ⁶
1595 679 1890 730 necesse
1936 659 2096 731 erit.
2115 661 2256 728 ·Tu
2290 657 2634 730 Pollicem
2651 711 2673 746 ,

530 786 763 860 quum
800 765 1074 859 poteris
1094 773 1145 830 ⁷.

630 868 661 915 ⁸
678 869 1197 944 Laudationem
1236 875 1512 944 Porciae
1549 877 1679 947 tibi
1722 881 1884 950 misi
1927 888 2409 967 correctam93
2461 902 2543 949 ac
2583 901 2676 950 eo

531 982 959 1081 properavi,
1013 995 1100 1052 ut
1118 1035 1137 1070 ,
1185 983 1247 1053 si
1294 979 1482 1056 forte
1531 1001 1656 1058 aut
1705 971 2008 1060 Domitii
2047 988 2238 1077 filio,
2283 1002 2412 1076 aut
2447 992 2674 1062 Bruto

530 1095 966 1179 mitteretur,
992 1090 1143 1163 haec
1167 1095 1601 1168 mitteretur.
1629 1095 1715 1168 Id
1741 1102 1800 1170 si
1833 1097 1968 1172 tibi
1999 1101 2137 1171 erit
2165 1097 2634 1172 commodum
2653 1154 2673 1190 ,

426 1251 433 1266 .
531 1226 975 1300 magnopere
1029 1226 1240 1275 cures
1291 1202 1511 1276 velim
1559 1234 1576 1276 ε
1633 1223 1708 1279 et
1753 1209 1970 1281 velim
2029 1213 2128 1282 M.
2190 1211 2536 1282 Varronis
2599 1225 2675 1282 et

530 1313 745 1384 Lollii
774 1316 1014 1385 mittas
1044 1312 1576 1406 laudationem3
1615 1319 1828 1391 Lollii
1847 1330 1914 1365 ¹⁰
1948 1323 2226 1418 utique.
2259 1323 2446 1394 Nam
2478 1321 2672 1393 illam

528 1423 713 1522 legi:
752 1423 919 1494 volo
964 1438 1206 1495 tamen
1256 1441 1649 1524 regustare.
1709 1430 2058 1521 Quaedam
2104 1434 2298 1505 enim
2336 1433 2455 1503 vix
2488 1431 2670 1503 mihi

526 1533 749 1606 credo
789 1533 1041 1632 legisse
1078 1556 1199 1605 me
1222 1545 1309 1604 ¹¹.

598 1715 647 1763 5.
669 1698 879 1782 Ᾰλόγυς.
903 1713 1016 1762 Sine
1030 1713 1237 1762 ratione.
1713 1728 1766 1776 9.
1797 1712 2159 1764 Laudationem
2203 1713 2391 1762 Pumice
2433 1712 2523 1762 tibi
2557 1710 2671 1760 misi

591 1793 644 1842 6.
667 1792 753 1840 Sin
781 1790 965 1852 mitem,
986 1803 1275 1858 antequam.
1300 1793 1554 1843 Sentemin
1639 1803 1908 1841 cometam
1923 1811 1945 1852 ,-
2011 1810 2074 1842 ao
2115 1809 2174 1842 eo
2219 1793 2486 1858 properari
2503 1829 2522 1852 ,
2577 1803 2667 1852 ue,

520 1871 740 1940 postulat
760 1881 819 1919 ut
840 1870 1054 1936 legamus
1075 1887 1090 1921 ε
1110 1873 1221 1920 «εἰη
1240 1873 1431 1934 minan,
1450 1889 1554 1922 non
1642 1881 1736 1919 ete.
1773 1872 1985 1922 Videtur
2021 1873 2258 1938 seriptum
2291 1872 2464 1932 fixisse,
2487 1883 2668 1936 «atque

521 1961 782 2014 antequam
804 1965 999 2000 neeesse
1029 1951 1173 2000 criu.
1202 1953 1464 2002 Guvms.
1480 1979 1552 1990 -
1639 1966 1774 2014 eoa-3
1797 1967 1910 2000 nam
1935 1948 2114 2001 Cicero
2140 1967 2243 2000 non
2280 1951 2406 2000 solet
2427 1967 2490 1999 ac
2505 1950 2666 1998 diocte

520 2028 680 2078 Haud
696 2027 835 2077 abent
859 2027 973 2078 edd.
998 2045 1079 2094 pr.
1104 2030 1251 2079 etiam
1274 2029 1390 2079 edd.
1412 2032 1552 2081 Gro-
1637 2042 1869 2095 aequente
1881 2031 2320 2080 voeali.Verissime
2333 2029 2386 2078 id
2397 2029 2460 2077 ab
2477 2032 2664 2078 Erant.

520 2109 607 2160 vii.
632 2109 733 2159 Sed
766 2109 871 2158 sine
912 2125 975 2158 οο
997 2125 1103 2159 non
1142 2120 1337 2160 constat
1356 2125 1546 2160 unm.
1637 2110 1978 2172 ohsemtum3
2002 2110 2092 2160 ned
2113 2111 2241 2159 forte
2261 2111 2315 2158 in
2339 2108 2543 2175 epistola
2569 2109 2666 2156 mi-

518 2192 711 2240 Eme-t.
732 2193 783 2240 J.
797 2189 865 2239 V.
885 2191 945 2239 L.
1635 2207 1728 2240 nm
1749 2201 1976 2240 nocui-ata
1999 2191 2311 2256 compositio.
2330 2190 2363 2239 J
2369 2225 2382 2238 .
2406 2188 2471 2238 V.
2499 2191 2555 2236 L.

590 2285 640 2331 7.
671 2270 831 2332 Quum
842 2266 1051 2333 poteris.
1076 2267 1192 2319 δῶ.
1210 2271 1416 2320 rmitte.
1444 2271 1541 2320 En.
1710 2271 1864 2320 onn
1875 2271 2040 2320 multis
2061 2267 2514 2336 quoquelegebntnr
2528 2265 2664 2316 onii.

591 2350 641 2397 8.
691 2349 1050 2398 Laudationem
1066 2383 1083 2409 ‚
1124 2360 1221 2400 etc.
1268 2352 1328 2399 In
1374 2352 1546 2401 multis
1628 2349 1678 2397 3.
1695 2352 1765 2401 V.
1789 2352 1846 2401 1..

517 2438 639 2476 vett.
689 2428 991 2478 editionibus
1032 2428 1131 2477 hoo
1178 2440 1253 2479 eet
1296 2432 1543 2495 sequentis
1709 2445 1733 2480 1
1746 2447 1792 2479 1.
1850 2431 2028 2479 Prisce
2080 2426 2199 2477 edd.
2255 2426 2508 2478 nonnulle
2555 2442 2664 2475 non

518 2506 742 2573 epistole
766 2507 1080 2574 principium.
1107 2511 1159 2560 J.
1176 2512 1241 2560 v.
1266 2513 1321 2559 1..
1519 2498 1526 2505 ’
1631 2519 1905 2579 agnoscunt
1923 2524 2018 2559 m.
2042 2511 2093 2560 J.
2111 2509 2176 2556 v.
2199 2508 2254 2554 1..

2318 2677 2663 2700 mm*-

786 2682 1121 2703 ”mm
1124 2683 1305 2703 Μ

1102 2870 1684 2955 EPISTOLA
1763 2871 2077 2951 XLIX.

505 3063 595 3119 De
622 3056 851 3137 Tigellii
887 3056 1089 3136 iniqua
1126 3076 1263 3137 erga
1287 3078 1350 3119 se
1372 3057 1696 3119 iracundia.
1743 3056 1846 3137 (In
1878 3056 2243 3130 Tusculano,
2291 3074 2447 3114 anno
2479 3058 2558 3117 U.
2588 3056 2657 3115 C.

1178 3151 1292 3224 708
1317 3192 1336 3223 ‚
1365 3170 1563 3211 mense
1602 3147 1941 3230 septembri.
1965 3149 1992 3227 )

1178 3327 1497 3393 CICERO
1545 3326 1871 3393 ATTICO
1916 3327 1981 3392 S.

614 3478 966 3545 AT‘ncAE
1023 3474 1343 3570 primum
1394 3472 1745 3561 salutem,
1784 3497 2007 3571 quam
2058 3469 2398 3571 equidem
2439 3472 2592 3541 ruri
2615 3481 2642 3515 ¹

503 3613 660 3663 esse
700 3584 1032 3659 arbitror.
1078 3584 1381 3655 Multam
1419 3584 1642 3682 igitur
1672 3583 1976 3656 salutem
2014 3599 2090 3655 et
2131 3583 2341 3654 Piliae.
2381 3586 2491 3653 De
2527 3582 2649 3652 Ti-

504 3697 720 3796 gellio
741 3749 762 3784 ,
814 3700 873 3769 si
926 3692 1107 3793 quid
1158 3697 1377 3784 novi3
1436 3695 1566 3792 qui
1619 3692 1920 3793 quidem
1944 3749 1964 3783 ‚
2021 3707 2105 3765 ut
2164 3693 2342 3764 mihi
2399 3690 2650 3765 Gallus

504 3802 767 3876 Fabius
808 3801 1128 3900 scripsit,
1182 3802 1411 3897 μέμψιν
1464 3806 1792 3898 οἱνειιφιίρειι3
1849 3798 2028 3871 mihi
2080 3798 2474 3899 quamdam
2509 3802 2651 3870 ini-

578 4006 623 4037 ι.
649 3984 788 4044 Ruri,
804 3996 899 4037 ete.
928 3986 1009 4035 Al.
1032 3986 1159 4037 nin.
1185 3987 1235 4036 J.
1252 3990 1321 4039 V.
1346 3990 1401 4036 L.
1619 4004 1759 4047 nem,
1785 4004 1873 4038 sen
1897 3986 2255 4039 accusationem
2281 3987 2505 4038 inuadit.
2521 3985 2643 4035 vid.

574 4084 625 4118 ει.
659 4060 847 4135 Hispalam
894 4061 1136 4133 ἀναφέρει.
1184 4064 1529 4132 Reprehensio·
1619 4066 1684 4117 nd
1703 4068 1816 4119 Div.
1835 4068 1909 4133 11,
1930 4076 2015 4124 aa.
2359 4057 2366 4067 ⁸
