3019 4681
524 383 665 470 340
1150 379 1245 452 M.
1298 383 1374 451 T.
1429 385 2008 470 CICERONIS

522 529 741 604 quam
764 529 901 592 ea,
948 527 1106 602 quae
1146 502 1334 576 fiunt
1377 517 1451 575 et
1496 501 1681 576 facta
1717 518 1924 591 sunt,
1963 501 2642 602 reprehenduntur:

516 614 719 713 quod
754 639 872 685 me
914 615 1207 684 minime
1249 615 1579 711 poenitet.
1619 614 1694 684 Si
1732 615 1927 684 enim
1965 617 2465 712 pervenissent
2497 617 2648 685 istae

518 726 736 795 literae
760 779 781 812 ,
842 723 1051 794 mihi,
1080 722 1336 812 crede,
1398 748 1535 794 nos
1597 725 2007 821 poeniteret.
2054 723 2300 814 Quid?
2355 739 2438 794 tu
2495 749 2648 795 non

516 833 718 906 vides
775 836 1015 933 ipsum
1078 831 1279 904 illurn
1340 829 1758 904 Aristoteli⁵
1812 833 2244 931 discipulum
2272 889 2293 922 ,
2362 857 2648 905 summo

517 947 813 1043 ingenio
838 1002 859 1034 ,
916 968 1198 1016 summa
1256 942 1646 1029 modestia,
1699 957 2168 1042 posteaquam
2218 968 2348 1015 rex
2404 941 2648 1040 appel-

516 1058 703 1127 latus
730 1059 857 1142 sit,
892 1051 1290 1152 superbum
1309 1109 1330 1142 ,
1362 1053 1729 1125 crudelem
1748 1107 1769 1140 ,
1805 1051 2363 1125 immoderatum
2389 1051 2649 1123 fuisse?

516 1165 761 1258 Quid?
798 1179 879 1244 tu
920 1163 1117 1234 hunc
1154 1161 1245 1235 de
1290 1186 1562 1261 pompa
1581 1159 1635 1251 ⁶,
1681 1164 1969 1253 Quirini
2016 1163 2648 1248 contubernalem,

513 1277 627 1346 his
674 1275 938 1344 nostris
985 1271 1373 1344 moderatis
1424 1274 1746 1370 epistolis
1781 1273 2184 1346 laetaturum
2217 1273 2475 1372 putas?
2517 1271 2648 1342 Ille

512 1410 688 1456 vero
732 1384 969 1482 potius
1010 1407 1161 1474 non
1208 1384 1471 1480 scripta
1505 1381 1904 1472 desideret,
1945 1408 2164 1480 quam
2201 1387 2464 1482 scripta
2497 1406 2649 1452 non

516 1494 800 1594 probet.
838 1499 1209 1565 Postremo
1231 1547 1251 1581 ,
1284 1507 1369 1564 ut
1402 1493 1621 1564 volet.
1658 1491 1852 1564 Abiit
1879 1493 2089 1582 illud,
2117 1493 2318 1591 quod
2349 1508 2502 1564 tum
2529 1515 2649 1562 me

513 1598 968 1688 stimulabat,
1025 1599 1225 1695 quod
1282 1597 1416 1669 tibi
1469 1599 1734 1670 dabam
1781 1597 2162 1696 ·ιι·ρόὸλ·ινψ.οι7
2205 1591 2646 1696 Ᾱρχιμῆδειον.

512 1712 749 1783 Multo
818 1707 1233 1782 mehercule
1306 1710 1535 1806 magis
1601 1734 1800 1780 nunc
1855 1725 2034 1807 opto
2097 1733 2344 1782 casum
2399 1711 2604 1785 illum
2627 1769 2648 1804 ,

508 1818 763 1920 quem⁸
802 1811 961 1892 turri
995 1817 1335 1892 timebam
1361 1873 1381 1906 ,
1422 1818 1540 1889 vel
1579 1842 1798 1916 quem
1839 1817 2118 1890 libebit.
2162 1820 2315 1892 Nisi
2352 1822 2534 1919 quid
2575 1840 2649 1896 te

511 1931 708 2004 aliud
756 1930 1141 2030 impediet,
1198 1929 1379 1999 mihi
1422 1942 1675 2027 optato
1723 1929 2027 2000 veneriS.
2073 1930 2307 2002 Nicias
2354 1956 2396 2001 a
2430 1933 2646 2006 Dola·

506 2041 699 2116 bella
734 2065 1000 2137 magno
1045 2063 1265 2138 opere
1302 2041 1684 2110 arcessitus
1716 2037 1884 2135 (legi
1915 2041 2109 2109 enim
2139 2038 2467 2138 literas),
2514 2048 2647 2116 etsi

508 2155 737 2224 invito
774 2175 929 2234 me,
981 2157 1225 2222 tmen
1274 2147 1532 2221 eodem
1588 2173 1705 2220 me
1756 2163 2052 2220 auctore
2097 2145 2471 2247 profectus
2515 2169 2643 2226 est.

514 2269 671 2334 Hoc
701 2287 929 2333 manu
964 2284 1145 2332 mea.
2589 2264 2596 2275 '

586 2430 641 2484 5.
684 2430 949 2481 Aristoteli.
1004 2432 1087 2479 Sic
1143 2430 1287 2479 MSS.
1338 2429 1501 2495 Vulgo
1519 2464 1536 2491 ‚
1624 2428 1974 2493 inscriptione,
2009 2430 2119 2477 Deo
2157 2428 2402 2483 invicto...
2428 2433 2648 2498 Ideoque

514 2533 540 2553 α
558 2510 890 2561 Aristotelis».
910 2508 1037 2559 J.v.
1056 2510 1112 2556 1..
1624 2526 1734 2557 eum
1757 2508 1970 2574 appellnt
2007 2510 2180 2558 Cicero
2209 2532 2232 2553 α
2248 2512 2442 2574 Quirini
2469 2525 2647 2563 contu-

582 2591 637 2639 6.
674 2588 815 2635 Hune
835 2584 897 2635 de
913 2602 1116 2651 pompa.
1146 2586 1260 2646 Dio,
1286 2586 1532 2647 szm:
1624 2590 1868 2651 bernalem
1885 2610 1907 2632 ι
1932 2600 2020 2639 :nt
2044 2606 2155 2655 sup.
2178 2592 2304 2651 x11,
2328 2602 2410 2651 44.
2441 2596 2588 2643 Mu«.

510 2670 902 2725 ..Dect-everunt,
918 2674 976 2714 ot
994 2664 1203 2713 eburnea
1224 2666 1425 2715 Caesaris
1439 2677 1538 2715 ste·
1699 2688 1745 2731 7.
1765 2663 2023 2736 npo'exnpa
2036 2654 2372 2737 Ᾰρχιμῆὃειον.
2383 2674 2648 2739 Rescripsit

513 2758 597 2795 tua
612 2782 629 2807 ,
658 2758 709 2794 et
732 2760 903 2795 currus
922 2746 1065 2793 etiam
1092 2744 1280 2793 solidus
1294 2780 1310 2805 ‚
1336 2761 1440 2809 que
1457 2745 1538 2794 die
1625 2764 1736 2814 qnae
1758 2749 2018 2812 scripserat
2037 2750 2162 2810 111,
2193 2758 2244 2807 4.

512 2841 681 2873 cursus
706 2838 941 2889 equorum
959 2858 974 2883 ,
998 2824 1050 2871 in
1076 2822 1208 2871 circo
1229 2834 1501 2893 spectantes
1517 2856 1536 2885 ,
1697 2831 1746 2877 8.
1775 2830 1854 2877 Sic
1879 2840 2010 2878 reete
2025 2830 2138 2879 edd.
2167 2848 2246 2895 pr.
2271 2832 2398 2881 Nam
2421 2844 2472 2881 et
2487 2830 2650 2897 sequi-

511 2904 641 2952 inter
668 2904 867 2952 deorum
904 2903 1133 2967 imagines
1166 2904 1218 2951 in
1244 2918 1425 2969 pompa
1452 2920 1536 2969 ge·
1625 2916 1706 2955 tur
1727 2928 1749 2950 ι
1775 2908 1850 2955 vel
1877 2924 2022 2971 quem
2047 2908 2275 2959 libebit».
2315 2912 2446 2959 Male
2483 2928 2649 2960 reeen-

513 2992 748 3045 staretnr3
774 2994 825 3031 et
850 2994 907 3033 ut
926 2984 1017 3033 elia
1049 2995 1279 3049 preterea
1296 2996 1451 3034 statua
1483 2987 1534 3032 in
1625 2990 1771 3037 tiores
1797 3006 1977 3053 quam,
2003 2990 2262 3039 reserentes
2278 2991 2342 3040 ad
2369 2991 2538 3058 magis.
2559 2994 2650 3040 Er·

511 3062 706 3124 Quirini
742 3063 926 3127 templo
961 3074 1251 3129 poneretur,
1297 3080 1409 3113 cnm
1443 3066 1536 3114 hae
1626 3080 1748 3118 nest.
1770 3070 1820 3117 J.
1843 3070 1907 3116 V.
1926 3072 1984 3120 1..

512 3244 882 3263 mmm
885 3244 1247 3264 mmmm
1252 3246 1343 3265 w·

1621 3247 1800 3267 mm
1805 3248 2267 3270 mmmm
2271 3250 2638 3271 mm

1078 3432 1690 3513 EPISTOLA
1757 3436 2090 3515 XXIX.

506 3610 687 3669 Niciae
722 3610 797 3667 de
824 3614 857 3669 J
862 3610 1097 3669 aventio
1124 3609 1307 3668 Talna
1342 3608 1632 3687 judicium
1663 3612 1866 3685 refert3
1908 3610 1982 3670 de
2008 3612 2196 3671 hortis
2222 3612 2483 3673 emendis
2507 3614 2649 3692 quid

592 3706 719 3764 fieri
758 3705 934 3778 velit,
982 3704 1241 3783 exponit.
1278 3704 1391 3783 (In
1419 3706 1783 3780 Tusculano,
1831 3726 1984 3766 anno
2023 3712 2101 3769 U.
2145 3712 2230 3769 C.·
2261 3710 2410 3782 708,
2455 3728 2650 3769 mense

474 3839 479 3853 ·
586 3802 771 3879 junio,
799 3802 822 3879 )

1166 3934 1483 3998 CICERO
1531 3936 1851 4000 ATTICO
1895 3936 1959 4001 S.

602 4090 829 4179 Quum
886 4087 1092 4185 quasi
1140 4086 1311 4159 alias
1379 4111 1495 4161 res
1557 4112 1959 4187 quaererem
2013 4088 2106 4162 de
2165 4092 2553 4191 philologis
2607 4118 2648 4163 e
