3019 4681
602 395 1149 488 EPISTOLAE·
1192 398 1331 468 AD
1380 399 1880 486 ATTICUM,
1914 401 2013 484 X,
2064 422 2172 494 17.
2243 391 2251 398 ’
2320 398 2462 496 169

311 510 423 580 rit.
460 512 625 606 Ego
662 525 949 599 autem,
989 514 1160 608 quia
1202 513 1624 612 scripseraS,
1658 529 1732 584 te
1761 509 2124 611 proficisci
2154 513 2466 610 cogitare

314 619 643 714 (etenim
670 619 1041 692 audieram
1062 675 1081 709 ,
1116 624 1393 692 nemini
1420 624 1628 694 aliter
1655 623 1952 718 licere);
1985 647 2074 693 eo
2104 636 2174 692 te
2197 621 2470 692 habere

314 727 747 820 censebam,
790 745 865 802 et
898 733 1069 829 quia
1104 736 1348 830 pueris
1393 732 1712 833 diploma
1752 757 2185 830 sumpseras.
2231 731 2471 803 Habes

314 863 603 912 causam
660 843 1037 940 opinionis
1073 867 1319 915 meae‘:
1366 859 1440 916 et
1486 859 1730 916 tamen
1777 843 1993 914 velim
2035 846 2250 934 scire,
2291 840 2474 940 quid

314 953 622 1046 cogites,
678 953 763 1021 in
817 953 1257 1049 primisque,
1302 955 1361 1024 si
1401 953 1585 1053 quid
1629 956 1848 1025 etiam
1895 979 2096 1024 nunc
2131 954 2300 1025 novi
2337 966 2466 1024 est.

314 1083 461 1130 xvn
495 1059 647 1131 kal.
686 1061 849 1158 jun.
904 1052 909 1068 '

314 1254 590 1274 mm

1531 1257 2453 1279 mmm-„mmmmm

890 1421 1499 1502 EPISTOLA
1551 1425 1924 1504 'XVIIL

323 1573 406 1638 De
442 1580 663 1640 Tulliae
700 1561 913 1659 partu3
953 1581 1027 1639 de
1057 1582 1265 1643 itinere
1306 1605 1445 1654 suo;
1493 1586 1568 1644 de
1597 1585 1777 1646 Balbi
1809 1603 2075 1645 sermone
2118 1605 2248 1646 cum
2282 1587 2478 1644 Attico

616 1678 848 1739 habim.
880 1678 1142 1760 (Cumis,
1168 1702 1321 1741 anno
1354 1688 1429 1744 U.
1454 1687 1519 1742 C.
1553 1693 1668 1756 704
1687 1727 1705 1758 ,
1753 1703 1948 1743 mense
1977 1682 2188 1762 mai0.)

997 1845 1314 1914 CICERO
1360 1851 1686 1916 ATTICO
1731 1853 1796 1917 S.

416 2007 705 2078 Tuum
742 2028 903 2076 mea
941 2007 1225 2103 peperit
1255 2033 1417 2079 xuu
1458 2009 1596 2080 kal.
1637 2009 1792 2105 jun.
1833 2032 2148 2108 puerum
2191 2017 2473 2106 ἑπταμη-

333 2135 511 2195 νιαῖον
536 2136 590 2198 ¹.
659 2127 879 2217 Quod
921 2130 1256 2209 ηὗτόκησεν
1290 2139 1345 2216 ²,
1395 2128 1798 2226 gaudebam
1830 2123 1860 2170 ³
1896 2153 1911 2195 :
1946 2125 2146 2223 quod
2182 2125 2480 2223 quidem

336 2249 439 2304 est
482 2253 780 2328 natum,
832 2237 1411 2338 perimbecillum
1456 2253 1581 2310 est.
1623 2242 1743 2308 Me
1787 2234 2089 2308 mirifice
2134 2233 2485 2332 tranquil-

338 2343 565 2421 litates
590 2354 625 2403 4
669 2350 909 2423 adhuc
943 2364 1379 2440 tenuerunt,
1406 2364 1626 2447 atque
1652 2352 1926 2444 majore
1952 2345 2479 2445 impedimento

339 2452 672 2546 fuerunt,
736 2486 956 2558 quam
1001 2460 1383 2548 custodiae,
1434 2461 1704 2557 quibus
1747 2483 2096 2531 asservor.
2137 2460 2316 2528 Nam
2357 2455 2482 2525 illa

340 2570 812 2644 Hortensiana
854 2573 1097 2643 omnia
1145 2570 1349 2642 fuere
1390 2569 1710 2643 infantia.
1763 2574 1872 2641 Ita
1919 2567 2046 2639 fiet
2095 2568 2318 2638 homo
2357 2591 2483 2636 ne-

343 2681 747 2773 quissimus.
810 2683 1163 2753 A Saivio
1216 2681 1479 2755 liberto
1540 2681 1974 2777 depravatus
2035 2692 2164 2749 est.
2227 2682 2482 2772 Itaque

342 2789 641 2881 posthac
676 2817 833 2862 non
879 2792 1189 2863 scribam
1234 2791 1326 2862 ad
1378 2808 1447 2863 te
1472 2848 1491 2881 ,
1537 2791 1718 2889 quid
1771 2789 2092 2861 facturus
2137 2788 2272 2859 sim
2292 2841 2311 2874 ,
2359 2785 2485 2858 sed

345 2905 512 2999 quid
544 2906 839 2980 fecerim
871 2938 887 2979 :
919 2934 1173 2981 omnes
1202 2915 1399 2982 enim
1417 2906 1812 3008 Κωρυκαῒοι5
1849 2907 2192 2980 videntur
2220 2906 2486 2978 subau-

346 3018 676 3108 scultare,
716 3045 881 3116 quae
903 3020 1192 3117 loquor.
1226 3027 1337 3093 Tu
1368 3037 1609 3094 tamen
1629 3076 1648 3111 ‚
1687 3019 1949 3119 siquid
1979 3019 2068 3092 de
2094 3019 2484 3116 Hispaniis,

416 3198 461 3229 1.
488 3172 865 3251 Ἑπταμηνιαῖον.
892 3186 1271 3252 Septimestrem.

414 3278 463 3313 2.
490 3260 787 3317 Ηὺτόκησεν.
820 3265 959 3314 Salva
986 3266 1191 3330 peperit.

413 3342 462 3391 3.
486 3343 618 3392 Cod.
646 3344 813 3392 Ursini
830 3380 845 3407 ,
866 3344 1080 3411 gaudeo.
1107 3346 1156 3393 J.
1175 3347 1243 3393 V.
1272 3346 1328 3393 L.

414 3427 465 3475 4.
522 3422 936 3487 :tranquillitatem
989 3426 1155 3487 Quum
1194 3436 1366 3473 eontra

351 3498 482 3547 nobis
499 3512 649 3549 vento
668 3502 735 3550 uit
758 3518 896 3567 opus.
922 3504 1083 3553 Coun.

418 3580 463 3628 5.
515 3580 811 3648 Κωρυκαῖοι.
864 3582 1096 3645 Coryna-i.
1153 3587 1368 3631 Fuerunt

352 3660 513 3722 populi
536 3662 863 3728 Pamphyliae,
894 3661 1011 3709 dicti
1030 3679 1055 3710 a
1079 3674 1365 3727 promonto-

354 3738 421 3783 rio
456 3740 607 3788 Ionia
647 3742 870 3805 Coryco,
909 3742 990 3789 Ad
1024 3741 1077 3789 id
1104 3758 1253 3805 quum
1281 3759 1367 3806 ap-

354 3816 576 3877 puliuent
617 3820 788 3884 piratae
808 3856 823 3883 ,
869 3838 933 3869 ne
972 3821 1035 3869 ab
1080 3822 1197 3885 ipsis
1242 3822 1367 3869 male

358 3906 696 3957 tractarentur,
720 3901 774 3947 in
803 3912 985 3949 ceteras
1017 3902 1250 3949 stationes
1276 3918 1368 3949 na·

356 3976 479 4023 vium
517 3988 788 4042 portusque
828 3996 879 4026 se
920 3980 1115 4027 mutatis
1156 3979 1369 4028 vestibus

357 4057 682 4116 contulerunt,
710 4070 761 4107 et
781 4075 892 4123 quae
917 4058 985 4107 ibi
1006 4058 1283 4119 audierant,
1308 4060 1371 4107 ad

358 4134 525 4196 piratas
542 4138 812 4187 retulerunt
822 4174 838 4199 ,
854 4150 911 4189 ut
926 4140 1125 4188 nomina
1148 4140 1374 4203 navigan-

1458 3186 1581 3234 tium
1607 3196 1654 3233 et
1681 3201 1914 3250 quorsum
1936 3186 2162 3248 navigare
2199 3182 2486 3231 constituis-

1458 3278 1592 3325 sent,
1619 3266 1829 3325 seiren13
1864 3265 1980 3313 hinc
2016 3261 2338 3328 proverbium
2367 3262 2486 3322 (τοῦ

1460 3337 1507 3393 δ’*
1538 3343 1639 3395 ἂνὸ
1669 3345 1944 3412 Κωρυκαῖος
1984 3338 2242 3410 inposite-:o
2261 3376 2276 3400 ,
2318 3352 2368 3388 et
2392 3340 2490 3387 hoe

1457 3426 1722 3489 Cotycaens
1756 3421 2138 3486 auscultaverit)
2181 3422 2236 3468 in
2277 3434 2363 3468 eos
2399 3417 2494 3467 du-

1458 3515 1593 3552 ctum
1606 3540 1622 3564 ,
1649 3504 1734 3568 qui
1761 3501 2153 3559 subauscultant,
2174 3516 2282 3565 quae
2307 3500 2486 3547 dicun-

1458 3594 1554 3641 tur,
1579 3594 1634 3631 ut
1659 3601 1712 3631 ea
1736 3584 1800 3631 ad
1823 3584 1948 3630 ulios
1972 3582 2206 3630 deferant.
2237 3580 2412 3628 Suidas
2437 3581 2492 3627 in

1456 3661 1755 3728 Κωρυκαῖος.
1799 3666 2016 3711 Ειπιπ.
2060 3685 2131 3695 -
2167 3658 2368 3716 Strabo,
2404 3658 2493 3707 lib.

1455 3744 1599 3800 xlv,
1651 3740 1820 3805 paullo
1867 3740 2004 3787 aliter
2054 3738 2291 3801 originem
2343 3736 2490 3797 hujus

1457 3820 1709 3885 proverbii
1739 3820 1906 3867 refert.
1942 3818 2040 3865 Alii
2071 3818 2169 3865 hoc
2200 3826 2497 3881 promonto-

1458 3901 1586 3946 rium
1620 3900 1872 3963 accipiunt
1904 3914 1996 3963 pro
2025 3896 2120 3944 alio
2150 3895 2367 3957 ejusdem
2392 3908 2490 3941 no-

1458 3980 1604 4027 minis
1618 3979 1671 4027 in
1691 3979 1859 4029 Cilicia
1872 4014 1888 4040 ,
1907 3978 1992 4025 ubi
2011 3976 2144 4039 urbs,
2159 3976 2235 4035 cuj
2243 3991 2297 4021 ns
2315 3974 2331 4020 i
2338 3973 2492 4019 neolae

1461 4060 1582 4108 dicti
1606 4059 1867 4128 Κωρύκιαι,
1893 4058 2121 4122 Corycii,
2135 4055 2211 4103 vel
2231 4056 2489 4119 Κωρυκιῶ-

1460 4154 1576 4199 ται,
1602 4140 1904 4205 Coryciotae.
1935 4139 2032 4187 En.
