3019 4681
657 322 1210 391 EPISTOLAE
1262 320 1405 389 AD
1454 324 1962 407 ATTICUM,
2001 323 2212 406 XIV,
2267 318 2368 389 13.
2471 316 2614 417 395

475 440 681 542 quod
703 456 902 515 certe
930 445 1103 530 erit3
1131 444 1191 512 si
1218 442 1475 515 Sextus
1490 441 1524 498 4
1547 445 1625 513 in
1645 445 1861 515 armis
1886 439 2618 540 permanebit‚·quem

474 576 1029 651 permansurum
1064 576 1219 624 esse
1257 567 1458 624 certo
1498 554 1695 641 scio;
1742 552 1924 651 quid
1957 552 2168 624 nobis
2205 551 2620 625 faciendum

475 678 583 735 est
605 659 679 733 ⁵?
704 667 981 759 ignoro.
1024 667 1279 759 Neque
1321 662 1516 735 enim
1561 662 1710 757 jam
1748 660 1994 735 licebit
2015 716 2036 752 ,
2077 660 2280 759 quod
2327 661 2620 733 caesaris

472 770 669 845 bello
707 772 1220 870 licuit,4ueque
1262 773 1447 860 huc,
1487 798 1732 871 neque
1776 771 2014 846 illuc⁶.
2058 775 2618 870 Quemcumque

473 886 670 955 enim
690 904 695 908 ·
717 882 872 955 haec
918 908 1085 980 pars
1143 884 1594 982 perditorum
1646 886 1964 957 laetatum
2028 896 2264 955 morte
2322 883 2619 955 Caesaris

474 992 757 1089 putabit
790 992 1157 1090 (laetitiam
1188 1008 1431 1065 autern
1466 996 1916 1091 apertissime
1953 994 2250 1067 tulimus
2285 993 2580 1088 omnes)
2600 1046 2620 1081 ‚

472 1102 673 1175 hunc
704 1103 780 1175 in
805 1102 1131 1175 hostium
1162 1129 1473 1177 numero
1509 1102 1811 1177 habebit
1839 1131 1857 1175 z
1886 1130 2046 1202 quae
2076 1129 2195 1177 res
2221 1102 2313 1175 ad
2350 1102 2622 1175 caedem

480 1214 868 1283 maximam
911 1227 1207 1312 spectat.
1253 1218 1538 1303 Restat,
1577 1229 1663 1286 ut
1698 1216 1778 1318 in
1829 1230 2059 1289 castra
2096 1216 2324 1301 Sexti,
2361 1228 2522 1299 aut,
2562 1214 2623 1283 si

472 1318 662 1403 forte
686 1375 707 1406 ‚
760 1326 963 1394 Bruti
1012 1348 1151 1395 nos
1202 1323 1684 1398 conferamus,
1738 1330 1879 1397 Res
1939 1325 2230 1413 odiosa,
2278 1339 2350 1395 et
2393 1324 2624 1395 aliena

473 1432 737 1503 nostris
772 1431 1102 1504 aetatibus
1122 1488 1145 1523 ‚
1182 1447 1257 1505 et
1287 1436 1568 1506 incerto
1597 1436 1798 1507 exitu
1831 1434 2042 1525 helli;
2079 1450 2154 1507 et
2191 1434 2436 1507 nescio
2472 1458 2624 1531 quo

473 1556 687 1639 pacto
720 1542 856 1615 tibi
880 1568 1015 1642 ego
1038 1546 1305 1643 possim
1325 1600 1345 1635 ‚
1382 1545 1564 1617 mihi
1601 1560 1683 1617 tu
1727 1544 1968 1617 dicere
1989 1598 2010 1635 ‚

712 1736 891 1787 Τέκνον
936 1736 1050 1805 ίμὸν
1080 1738 1125 1793 7,
1170 1736 1221 1787 οὔ
1254 1754 1330 1789 τοι
1361 1730 1576 1789 δίδοται
1607 1734 1858 1807 volup-tito.
1882 1736 2038 1805 ἔργα,

709 1820 849 1885 m&
880 1834 991 1903 σύγ·
1026 1822 1287 1903 ἱμερόεντα
1316 1833 1550 1905 perlato
1581 1832 1702 1903 ἱργα.
1727 1832 1904 1903 λόγοιο.

472 1997 611 2069 Sed
648 1997 800 2070 haec
842 1997 994 2071 fors
1026 1999 1315 2087 viderit,
1354 2024 1479 2088 ea,
1518 2024 1680 2097 quae
1720 1997 1986 2071 talibus
2026 1999 2102 2068 in
2154 1997 2374 2069 rebus
2413 1996 2581 2095 plus
2604 2051 2623 2084 ‚

471 2133 692 2206 quam
738 2112 960 2199 ratio,
999 2124 1262 2208 potest.
1297 2114 1448 2183 Nos
1475 2123 1717 2181 autem
1753 2109 1829 2180 id
1863 2107 2270 2194 videamu5‚
2310 2106 2510 2203 quod
2549 2110 2626 2176 in

472 2217 685 2291 nobis
714 2221 883 2316 ipsis
918 2245 1071 2293 esse
1100 2220 1350 2310 debet,
1380 2235 1465 2292 ut
1487 2274 1507 2309 ‚
1540 2219 1898 2318 quidquid
1937 2217 2308 2305 acciderit,
2343 2213 2625 2288 fortiter

472 2342 545 2400 et
580 2330 947 2427 sapienter
992 2328 1351 2422 feramus,
1410 2345 1485 2402 et
1530 2318 1870 2402 accidisse
1909 2326 2329 2400 hominibus
2365 2327 2619 2399 memi-

472 2439 834 2527 nerimus3
873 2465 1159 2539 nosque
1197 2466 1429 2540 quum
1459 2441 1771 2514 multum
1811 2441 2032 2512 literae
2057 2495 2076 2528 ‚
2121 2453 2280 2509 tum
2309 2463 2459 2508 non
2494 2438 2626 2508 mi·-

472 2551 753 2622 nimum
788 2551 951 2623 idus
988 2577 1289 2650 quoque
1323 2568 1530 2624 mart.
1568 2552 2061 2624 consolentur.
2101 2550 2398 2646 Suscipe
2423 2573 2622 2619 nunc

471 2683 703 2732 meam
728 2659 1328 2734 deliberationem
1344 2717 1364 2752 ‚
1383 2688 1531 2760 qua
1550 2663 1928 2734 sollicitor:
1952 2665 2050 2732 ita
2075 2660 2303 2731 multa
2320 2660 2626 2730 veniunt

472 2771 547 2840 in
574 2786 895 2843 mentem
930 2772 1011 2842 in
1030 2786 1420 2868 utramque
1439 2787 1741 2870 partem.
1778 2763 2293 2858 Proficiscor⁸‚
2315 2783 2396 2840 ut
2432 2793 2612 2842 con-

474 2883 888 2968 stitueram,
935 2881 1215 2979 legatus
1252 2883 1346 2952 .in
1398 2881 1798 2952 Graeciam?
1845 2879 2053 2951 caedis
2125 2876 2621 2977 impendentis

473 2991 880 3089 periculum
911 2989 1245 3060 nonnihil
1286 2991 1509 3061 vitare
1553 2987 1843 3078 videor,
1884 2989 2010 3062 sed
2038 3014 2333 3062 casurus
2369 2989 2444 3058 in
2481 2989 2612 3059 ali-

472 3126 695 3199 quam
725 3103 1337 3199 vituperationem
1356 3157 1376 3192 ,
1410 3099 1616 3197 quod
1645 3099 2060 3198 reipublicae
2089 3097 2444 3170 defuerim
2468 3111 2618 3168 tam

474 3212 671 3308 gravi
714 3223 1069 3307 tempore.
1113 3212 1238 3281 Sin
1274 3224 1518 3280 autem
1567 3235 1905 3281 mansero
1928 3265 1946 3299 ,
1981 3206 2137 3280 fore
2168 3233 2284 3278 me
2323 3206 2624 3304 quidem

473 3319 683 3392 video
726 3323 801 3390 in
849 3318 1305 3409 discrimine3
1348 3321 1476 3394 sed
1522 3320 1844 3394 accidere
1889 3345 2099 3418 posse
2138 3319 2500 3415 suspicor,
2547 3333 2628 3388 ut

526 3491 537 3502 Ι

548 3525 597 3572 4.
626 3515 820 3562 Sextus.
843 3515 1123 3580 Pompeius.
1152 3516 1243 3563 Eu.
1593 3515 1700 3564 cidn
1724 3529 2014 3579 persequere
2037 3527 2237 3562 munera
2259 3511 2550 3575 eloquentia
2570 3529 2624 3562 ι.-

548 3596 596 3644 5.
622 3594 823 3644 hum.
851 3607 968 3660 post
986 3595 1089 3644 tere
1116 3610 1320 3654 omues,
1343 3593 1505 3659 -quid
1592 3594 1758 3643 Verba
1775 3605 1891 3642 sunt
1917 3594 2061 3642 Jovis
2096 3591 2160 3640 nd
2183 3595 2448 3650 Venerem,
2481 3592 2624 3642 Iliad.

472 3674 621 3723 nobi·
653 3673 929 3722 faciendum
954 3685 1054 3734 eat,
1080 3674 1260 3740 ignoro
1286 3697 1328 3724 n.
1351 3673 1501 3724 Male.
1594 3675 1662 3734 V,
1681 3674 1780 3730 458
1794 3709 1808 3732 ,
1830 3673 1926 3721 nisi
1939 3673 2074 3737 quod
2089 3687 2184 3736 pro
2203 3668 2630 3741 ffipmosnupu'a-

471 3753 521 3804 J.
541 3755 607 3803 V.
627 3754 681 3801 1..
1595 3770 1729 3812 mm,
1755 3752 1893 3816 quod
1916 3752 2049 3818 apud
2077 3763 2270 3816 poetam
2294 3762 2394 3810 est,
2418 3750 2623 3816 Cicero,

544 3834 597 3882 6.
626 3833 802 3896 Neque
827 3830 923 3880 lme
937 3866 954 3890 ‚
980 3848 1141 3896 neque
1176 3831 1307 3880 illuc.
1334 3833 1505 3896 Neque
1593 3844 1652 3881 ut
1703 3831 1958 3884 inserviret
2008 3831 2152 3880 senili
2196 3845 2420 3896 persona
2433 3863 2452 3892 ,
2501 3829 2632 3880 dixit

467 3916 570 3977 jam
588 3910 762 3961 licebit
782 3923 1004 3960 neum
1020 3923 1211 3976 partem
1224 3910 1379 3975 sequi.
1392 3913 1507 3960 Sca.
1595 3911 1755 3982 λόγοιο
1770 3946 1786 3971 ,
1809 3911 2116 3976 eloquentia.
2132 3913 2276 3960 Mu.

504 4013 513 4020 ·
549 3991 777 4055 7.Τι’κνον
796 3989 927 4058 δμόν.
954 3993 1105 4042 -Non
1126 3989 1235 4050 tihi,
1253 4001 1367 4039 mu
1384 4007 1509 4051 mea,
1670 3995 1718 4042 8.
1735 3995 1855 4040 Haec
1872 3990 2102 4040 videmur
2117 4007 2228 4040 cum
2245 3989 2628 4053 interrogatione

476 4072 586 4122 data
608 4083 723 4122 sunt
746 4087 895 4139 opera
912 4071 1113 4132 bellica,
1138 4085 1305 4119 verum
1328 4081 1383 4120 tn
1400 4070 1507 4136 pla·
1597 4069 1817 4138 legenda.
1839 4073 1952 4122 Jam
1977 4072 2205 4122 innuant
2223 4069 2413 4120 Rosius.
2425 4071 2458 4119 J
2461 4072 2548 4119 ,ἶ
2576 4069 2629 4116 1..
