3019 4681
581 413 724 458 nm
1229 381 1326 453 Μ.
1367 381 1450 454 Τ.
1500 381 2061 456 CICERONIS

575 535 700 582 me
735 507 906 579 hinc
945 503 1284 604 expedias
1332 533 1348 576 ε
1397 503 1709 603 quodvis
1752 506 1946 577 enim
1990 499 2433 603 supplicium
2481 504 2691 576 levius

581 636 689 692 est
715 619 850 691 hac
873 617 1400 716 permansione.
1419 621 1568 687 Hac
1596 614 1685 686 de
1699 639 1781 686 re
1810 628 1884 686 et
1900 615 1989 686 ad
2010 615 2411 686 Antonium
2428 615 2657 711 scripsi
2672 669 2693 700 ,
2796 705 2813 716 .

582 743 657 802 et
689 728 780 799 ad
813 726 1108 798 Balbum
1135 782 1156 815 ,
1200 740 1272 796 et
1315 723 1406 796 ad
1456 727 1800 823 Oppium.
1836 726 2019 796 Sive
2064 726 2259 794 enim
2318 723 2579 795 bellum
2614 726 2696 794 in

586 838 790 910 Italia
831 834 1162 907 futurum
1192 848 1331 922 est,
1394 837 1541 906 sive
1590 831 1938 906 classibus
1996 844 2337 922 utetur²;
2392 833 2509 905 hic
2550 858 2698 905 esse

579 971 728 1036 me,
784 945 1082 1016 minime
1133 945 1470 1015 convenit
1514 971 1531 1014 :
1586 951 1903 1042 quorum'
1956 942 2258 1016 fortasse
2288 959 2697 1046 xutrumque

576 1059 746 1144 erit3
791 1037 1095 1126 alterum
1131 1068 1346 1125 certe.
1404 1054 1736 1126 Intellexi
1795 1053 2097 1126 omnino
2138 1079 2227 1124 ex
2278 1055 2499 1153 Oppii
2546 1077 2691 1125 ser-

575 1189 832 1252 mone,
851 1188 1070 1262 quem
1087 1175 1171 1233 tu
1188 1163 1366 1234 mihi
1395 1166 1770 1261 scripsisti,
1791 1189 1953 1261 quae
1966 1167 2277 1235 istorum
2290 1166 2405 1236 via
2430 1158 2648 1236 esset-³
2668 1191 2687 1233 ε

573 1276 734 1364 sed,
765 1289 846 1346 ut
881 1298 1042 1346 eam
1078 1271 1320 1345 flectas
1346 1327 1366 1362 ,
1410 1288 1480 1346 te
1525 1299 1727 1373 rogo,
1777 1275 1975 1346 Nihil
2030 1276 2333 1346 omnino
2374 1275 2516 1370 jam
2561 1298 2685 1346 ex·

577 1399 868 1484 specte,
938 1385 1078 1454 nisi
1123 1386 1491 1454 miserum.
1554 1383 1696 1456 Sed
1744 1384 1889 1456 hoc
1946 1382 2304 1481 perditius
2328 1437 2349 1471 ,
2410 1387 2485 1453 in
2541 1406 2686 1480 quo

576 1519 776 1586 nunc
813 1518 1008 1581 sum,
1051 1491 1210 1566 fieri
1247 1493 1429 1564 nihil
1468 1509 1730 1593 potest.
1765 1498 2043 1587 Quare,
2081 1509 2155 1565 et
2189 1517 2358 1566 cum
2390 1494 2693 1564 Antonio

576 1606 913 1702 loquare,
947 1602 1200 1689 velim,
1229 1619 1302 1675 et
1336 1628 1504 1676 cum
1540 1606 1735 1692 istis3
1771 1619 1845 1678 et
1883 1629 2077 1692 rem,
2128 1619 2213 1675 ut
2248 1604 2549 1701 poteris,
2584 1628 2701 1676 ex-

573 1713 860 1812 pedias;
902 1727 976 1784 et
999 1712 1180 1783 mihi
1213 1737 1432 1810 quam
1466 1719 1783 1812 primum
1823 1713 1915 1788 de
1951 1713 2295 1786 omnibus
2338 1712 2557 1785 rebus
2600 1739 2699 1785 re-

569 1821 866 1896 scribas.
903 1822 1103 1894 Vale.
1132 1847 1233 1893 ιιι
1256 1823 1395 1894 kal.
1436 1827 1673 1920 quint.
1732 1907 1739 1915 ι

641 2003 692 2036 2.
719 1989 908 2037 Utetur.
929 1987 1120 2036 emar:
1145 2001 1246 2036 non
1268 1999 1554 2053 exspectem
1576 2022 1593 2049 ,
1678 1998 1845 2053 petere
1882 1987 2057 2038 Cicero
2099 1988 2161 2036 ab
2200 1987 2375 2037 Attico
2398 2023 2414 2047 ‚
2452 1999 2507 2037 ut
2546 1987 2701 2036 flectat

567 2079 628 2117 nt
643 2069 696 2115 in
715 2067 904 2116 Italiam
929 2067 1182 2126 trajiciant.
1211 2068 1308 2116 En.
1680 2066 1837 2128 viam,
1858 2083 1921 2116 ne
1948 2069 2106 2131 copiae
2130 2067 2443 2116 Brundisium
2467 2067 2697 2115 veniant:

643 2147 693 2196 3.
723 2149 848 2211 Qua·
867 2146 1068 2195 iscoram
1093 2145 1185 2193 via
1211 2157 1346 2196 esset.
1376 2148 1452 2194 De
1489 2162 1588 2194 me.
1676 2146 1817 2211 quod
1837 2148 2114 2196 necCieero
2132 2147 2376 2212 petiiuet,
2405 2163 2495 2195 nee
2512 2147 2699 2196 Atticm

569 2227 699 2278 Nam
723 2226 764 2274 si
799 2226 863 2275 ad
888 2226 1055 2290 copias
1078 2225 1342 2286 referatur,
1368 2224 1593 2274 videatur
1680 2225 1835 2273 facere
1848 2225 2111 2289 potuisset.
2132 2227 2295 2275 Con..

570 2406 1310 2429 mmmm
1317 2406 1408 2425 m
2328 2408 2418 2427 m
2422 2406 2687 2429 mm

1121 2551 1789 2661 'EPISTOLA
1850 2582 2092 2691 XJX.

571 2763 752 2837 Petit,
781 2773 848 2821 ut
875 2760 1201 2822 crebriores
1228 2763 1500 2841 epistolas
1528 2764 1747 2833 mittat,
1778 2763 1839 2821 in
1868 2762 2072 2843 primis
2099 2764 2147 2823 si
2176 2764 2319 2843 quid
2348 2764 2423 2823 de
2454 2782 2595 2845 pace
2618 2759 2697 2838 agi

824 2862 1025 2941 possit.
1051 2861 1410 2941 (Brundisii,
1434 2882 1589 2921 anno
1612 2866 1688 2923 U.
1714 2864 1779 2921 C.
1806 2864 1921 2936 706
1938 2906 1957 2937 ,
1982 2882 2179 2922 mense
2200 2861 2370 2941 junio
2382 2866 2453 2935 *.)

1231 3026 1553 3092 CICERO
1597 3026 1909 3093 ATTICO
1954 3028 2019 3093 S.

667 3173 896 3263 Quum
955 3170 1099 3241 tuis
1155 3168 1326 3240 dare
1379 3176 1672 3267 possem
1720 3168 2005 3260 literas,
2048 3198 2204 3244 non
2248 3171 2693 3270 praetemisi3

569 3283 704 3357 etsi
746 3279 991 3380 quod¹
1032 3276 1420 3351 scriberem
1441 3326 1464 3367 ,
1516 3286 1669 3349 n'on
1709 3278 2093 3352 habebam.
2138 3285 2251 3351 Tu
2298 3280 2389 3352 ad
2447 3304 2583 3352 nos
2630 3290 2694 3348 et

565 3396 795 3467 rarius
819 3391 1066 3465 scribis
1090 3446 1108 3479 ,
1147 3407 1370 3488 quam
1407 3389 1725 3480 solebas,
1758 3405 1831 3463 et
1863 3391 2156 3464 brevius
2188 3420 2205 3463 z
2236 3391 2459 3465 credo
2483 3447 2505 3482 ,
2540 3391 2695 3489 quia

569 3504 748 3575 nihil
784 3502 1046 3589 habes,
1086 3497 1288 3598 quod
1327 3523 1444 3570 me
1489 3514 1704 3599 putes
1748 3500 2059 3573 libenter
2107 3502 2379 3599 legere,
2420 3516 2549 3573 aut
2580 3512 2693 3571 au-

566 3614 721 3687 dire
755 3636 989 3713 posse.
1029 3616 1553 3684 Verumtamen
1588 3610 1803 3682 velim
1826 3667 1845 3701 ,
1902 3614 1957 3684 si
2013 3612 2191 3709 quid
2244 3613 2413 3701 erit,
2464 3610 2692 3710 quale-

571 3748 889 3821 cumque
927 3722 1101 3810 erit,
1143 3719 1432 3794 scribas,
1455 3724 1582 3792 Est
1610 3735 1851 3791 autem
1885 3745 2150 3806 unum,
2178 3721 2381 3818 quod
2413 3720 2590 3792 mihi
2612 3718 2694 3787 sit

529 3948 540 3953 -
635 3888 662 3913 '
678 3888 845 3939 Iunio.
863 3889 1025 3950 Huius
1035 3889 1150 3937 libri
1162 3899 1390 3937 extremm
1404 3898 1590 3954 septem
1679 3887 1794 3951 galt.
1844 3887 1915 3935 sie
1932 3922 1947 3947 ,
1979 3888 2146 3953 quoad
2189 3899 2468 3953 temporum
2504 3884 2661 3936 sex-iem
2674 3914 2690 3941 o

563 3970 707 4035 epist.
722 3984 830 4017 non
843 3980 980 4017 recto
999 3967 1171 4016 ordine
1183 3967 1383 4017 veniunt
1401 3968 1454 4015 in
1471 3966 1591 4016 edd.
1680 3966 2019 4030 disponendas
2059 3968 2291 4033 putavit:
2331 3967 2430 4030 25,
2480 3968 2540 4018 23
2560 4000 2576 4029 ,
2612 3976 2692 4023 19,

511 4054 520 4064 '
563 4060 614 4099 et
641 4048 765 4098 MSS
793 4062 918 4113 quos
949 4058 1112 4095 umen
1143 4048 1414 4109 sequimur,
1448 4062 1511 4093 ne
1534 4044 1589 4095 in
1680 4054 1747 4103 24
1769 4080 1784 4104 ,
1806 4062 1899 4106 20,
1928 4062 2014 4111 αι,
2040 4062 2126 4097 aa.
2149 4048 2246 4096 En.

557 4128 618 4178 iis
646 4126 851 4177 eitundin
877 4125 1104 4175 confusio
1131 4135 1399 4174 enascatur.
1430 4126 1588 4175 Mon·
1754 4139 1797 4177 1.
1825 4126 1905 4176 Al.
1933 4124 2070 4191 quid.
2098 4128 2149 4177 J.
2168 4126 2233 4175 V.
2258 4127 2313 4173 L.

2876 1973 2878 2008 Ᾱ

2876 2009 2878 2038 1
