3019 4681
572 394 1095 465 EPISTOLAE
1144 396 1282 462 AD
1333 396 1840 481 ATTICUM,
1878 400 2094 484 XVI,
2152 402 2257 483 14.
2366 396 2509 495 509

650 586 2504 613 mmmmmmmmmmmmm

989 761 1599 843 EPISTOLA
1656 712 1914 843 xus.

376 933 591 993 Tribus
627 934 806 993 Attici
831 933 1090 1012 epistolis
1119 933 1448 1013 respondet.
1514 934 1535 1014 (
1552 936 1622 995 In
1650 922 1954 1014 Arpinati,
1984 956 2136 995 anno
2171 944 2241 997 U.
2269 944 2330 997 C.
2364 942 2511 1013 708,

1147 1050 1341 1089 mense
1395 1030 1743 1109 novembri.)

1057 1209 1368 1274 CICERO
1412 1210 1735 1276 ATTICO
1781 1212 1847 1277 S.

373 1367 378 1371 ’
417 1442 428 1452 ,
475 1370 690 1439 Num.
731 1379 886 1437 erat
921 1363 1160 1463 plane,
1199 1366 1398 1462 quod
1429 1366 1848 1439 scriberem.
1885 1372 2067 1441 Nam
2108 1394 2339 1467 quum
2370 1376 2512 1445 Pu-

377 1477 586 1549 teolis
643 1498 873 1547 essem
909 1530 930 1561 ‚
997 1473 1324 1572 quotidie
1387 1476 1661 1574 aliquid
1716 1479 1891 1548 novi
1931 1478 2022 1549 de
2083 1483 2517 1571 octaviane,

377 1588 602 1659 multa
634 1588 848 1658 etiam
876 1584 1048 1657 falsa
1084 1584 1175 1657 de
1211 1588 1550 1657 Antonio,
1577 1584 1689 1656 Ad
1719 1611 1799 1657 ea
1828 1600 2069 1659 autem
2102 1642 2120 1673 ‚
2157 1614 2319 1686 quae
2348 1596 2515 1663 scri-

375 1702 576 1795 psisti
611 1697 808 1793 (tres
843 1697 1038 1767 enim
1078 1720 1492 1793 acceperam
1549 1720 1631 1766 111
1678 1697 1841 1767 idus
1883 1721 1924 1768 a
1962 1710 2033 1769 te
2089 1698 2467 1796 epistolas)
2497 1756 2516 1786 ‚

373 1808 583 1881 valde
636 1807 770 1880 tibi
829 1807 1181 1879 assentior
1234 1831 1250 1873 ε
1303 1808 1360 1878 si
1409 1806 1723 1877 multum
1772 1811 2001 1903 possit
2045 1810 2514 1899 OctavianuS‚

374 1918 607 1991 multo
631 1916 910 1989 firmius
941 1930 1098 1989 acta
1122 1917 1414 2013 tyranni
1436 1914 1994 2013 comprobatum
2024 1919 2144 2005 iri,
2182 1943 2401 2015 quam
2437 1923 2514 1991 in

371 2027 678 2099 Telluris
701 2036 725 2071 ¹
749 2081 770 2114 ‚
823 2040 1044 2123 atque
1079 2023 1152 2095 id
1198 2040 1449 2095 contra
1484 2030 1787 2095 Brutum
1834 2024 1991 2111 fore
2044 2054 2060 2096 ε
2103 2028 2215 2098 sin
2272 2041 2513 2099 autem

371 2141 720 2224 vincitur,
765 2136 966 2207 vides
1030 2135 1561 2208 intolerabilem
1618 2138 2062 2223 Antonium3
2108 2151 2191 2205 ut
2224 2191 2245 2225 ,
2292 2162 2513 2235 quem

371 2249 578 2337 velis,
595 2248 890 2318 nescias.
925 2250 989 2316 O
1008 2248 1228 2317 Sextii
1253 2245 1707 2318 tabellarium
1723 2300 1743 2331 ‚
1768 2246 2140 2317 hominem
2160 2247 2507 2346 nequam!

371 2357 721 2458 postridie
736 2357 1052 2429 Puteolis
1074 2361 1320 2428 Romae
1345 2382 1422 2428 se
1451 2357 1633 2428 dixit
1651 2356 1828 2428 fore.
1851 2356 2069 2448 Quod
2092 2383 2211 2429 me
2224 2383 2511 2450 mone5‚

369 2485 451 2539 ut
493 2466 1028 2566 pedetentim²;
1066 2468 1419 2538 assentior
1451 2496 1467 2536 z
1503 2469 1637 2539 etsi
1666 2467 1873 2538 aliter
1900 2467 2324 2567 cogitabam.
2360 2473 2511 2543 Nec

367 2604 484 2648 me
522 2573 984 2676 Philippus-³³,
1027 2591 1154 2647 aut
1190 2577 1572 2650 Marcellus
1614 2592 1860 2650 movet
1912 2605 1927 2647 ε
1968 2579 2106 2650 alia
2151 2581 2347 2650 enim
2385 2605 2508 2653 eo-

366 2713 532 2759 rum
569 2689 750 2760 ratio
783 2713 802 2774 3
837 2700 944 2774 et,
984 2689 1044 2758 si
1079 2712 1232 2758 non
1264 2701 1413 2775 est,
1447 2703 1693 2760 tamen
1724 2687 2023 2758 videtur.
2071 2687 2209 2760 Sed
2250 2692 2324 2759 in
2368 2693 2506 2761 isto

361 2800 711 2894 juvene4‚
763 2820 1203 2895 quamquam
1253 2799 1477 2866 animi
1508 2800 1718 2883 satiS‚
1764 2799 2208 2868 auctoritatis
2250 2823 2504 2896 parum

367 2924 498 2981 est.
540 2913 808 2980 Tamen
839 2905 1000 2978 vide
1023 2961 1042 2992 ‚
1075 2908 1135 2978 si
1169 2903 1356 2978 forte
1393 2908 1464 2976 iu
1493 2905 1900 2978 Tusculano
1926 2921 2123 2977 recte
2153 2931 2307 2978 esse
2342 2933 2505 3005 pos-

366 3043 528 3088 sum
545 3014 611 3105 ⁵,
638 3043 730 3088 ne
758 3015 831 3087 id
861 3015 1116 3086 melius
1144 3017 1233 3085 sit
1255 3018 1283 3113 (
1304 3041 1430 3087 ero
1458 3015 1803 3087 libentius
1828 3043 1847 3103 ;
1875 3015 2055 3086 nihil
2084 3017 2277 3086 enim
2307 3018 2507 3113 igno-

365 3128 625 3224 rabo),
653 3151 745 3198 an
767 3122 956 3197 hoc⁶
976 3179 995 3213 ‚
1031 3150 1256 3222 quum
1289 3130 1645 3196 Antonius
1678 3127 1967 3196 venerit.
1999 3127 2133 3197 Sed
2154 3179 2173 3212 ‚
2203 3141 2286 3195 ut
2311 3127 2503 3198 aliud

1469 3331 1688 3389 Atticus,
1716 3343 1772 3379 ut
1804 3331 2085 3396 Philippum
2118 3342 2168 3379 et
2202 3329 2503 3380 Marcellum.

1469 3410 1757 3472 imitaretur,
1782 3407 1906 3457 nihil
1933 3425 2137 3473 propere
2162 3419 2373 3472 agentes.
2394 3413 2491 3460 Ha-

439 3353 460 3383 ι
470 3371 487 3385 .
503 3337 566 3384 ln
590 3331 806 3384 Telluris.
825 3331 1048 3396 Templo.
1063 3333 1177 3394 Quo
1192 3333 1248 3379 in
1263 3332 1380 3380 loco

364 3415 610 3464 decretum
631 3423 704 3462 eet
717 3447 736 3475 ,
756 3421 812 3460 ut
828 3445 844 3472 ,
873 3427 982 3475 qum
1005 3413 1168 3462 (Ζωι-
1190 3411 1380 3459 statuis-

362 3507 435 3545 set
449 3530 466 3555 ,
498 3493 816 3552 decrevisset,
840 3491 1016 3554 egisset
1029 3525 1044 3552 ,
1079 3501 1180 3538 rata
1215 3504 1382 3537 mane-

363 3584 484 3622 rent.
513 3573 654 3621 Mur.

433 3670 486 3700 2.
527 3653 590 3698 Ut
613 3647 929 3714 pedetentim.
979 3647 1052 3695 Ut
1085 3646 1136 3693 in
1173 3646 1382 3695 consilio

365 3731 602 3797 capiendo
623 3746 686 3778 ne
709 3744 988 3794 properem.
1012 3728 1076 3774 Et
1097 3726 1196 3775 hoc
1215 3741 1382 3774 mone-

363 3809 446 3858 bat
483 3811 708 3868 Atticus,
749 3808 864 3872 quie
910 3803 1086 3856 Cicero
1122 3807 1224 3866 jam
1258 3803 1384 3852 illud

361 3889 532 3938 iterum
549 3897 828 3953 rogaverat,
846 3884 966 3950 quid
985 3883 1077 3933 sibi
1097 3895 1224 3933 esset
1241 3899 1386 3948 agen-

365 3967 478 4017 dum
498 3982 512 4018 :
536 3965 831 4016 mnnemlum
858 3965 1067 4028 Arpini,
1093 3980 1154 4011 en
1175 3965 1382 4028 propius

365 4046 716 4104 accedendum,
737 4061 804 4094 an
817 4043 1032 4092 eundum
1053 4045 1275 4092 Romam.
1303 4045 1381 4091 In.

437 4129 480 4176 3.
511 4123 777 4191 Philippus.
807 4125 1068 4171 Monueret
1100 4123 1382 4172 Ciceronem

1467 3489 1615 3538 bebat
1634 3501 1795 3538 autem
1812 3490 1870 3537 L.
1892 3489 2145 3553 Philippus
2165 3489 2219 3535 in
2240 3489 2489 3537 matrimo-

1470 3569 1556 3615 nio
1574 3570 1753 3624 Atiam,
1776 3568 2030 3616 Octaviani
2051 3577 2272 3630 matrem,
2288 3568 2348 3617 C.
2370 3569 2496 3617 Mar.

1470 3647 1621 3696 cellas
1645 3648 1775 3695 Atiae
1790 3645 1939 3695 filiam
1950 3683 1966 3708 ‚
1987 3645 2241 3695 Octaviani
2259 3662 2480 3696 sororem

1470 3726 1705 3774 Oratione
1722 3726 1799 3774 111
1822 3727 1877 3774 in
1896 3725 2189 3776 Antonium.
2212 3728 2361 3774 Innx.

1545 3813 1595 3860 4.
1624 3808 1820 3854 Juvene.
1845 3803 2138 3853 Octaviano.
2167 3805 2328 3854 Con.

1547 3883 1594 3931 5.
1621 3883 1705 3932 Al.
1727 3883 1927 3947 possim.
1953 3885 2001 3932 J.
2018 3886 2085 3933 V.
2108 3885 2163 3930 L.

1546 3963 1596 4009 6.
1610 3965 1689 4010 An
1710 3961 1817 4011 hoc.
1841 3962 2132 4012 Faciendum
2146 3961 2492 4026 erin—Quum

1473 4041 1715 4089 Antonius
1730 4041 1949 4100 venerit,
1976 4041 2240 4090 Brundisio
2266 4044 2488 4090 Romam.

1471 4123 1619 4172 ΜΑιτ.

2674 2437 2685 2468 1
