3019 4681
612 378 1138 450 EPISTOLAE
1187 380 1321 447 AD
1371 380 1461 467 Q.
1511 380 2170 463 FRATREM‚11‚
2206 363 2274 461 4'.
2380 372 2519 446 583

391 506 590 575 nium
608 552 628 586 ,
661 528 704 573 a
746 523 902 598 qno
950 499 1182 597 palam
1233 496 1828 596 oppugnabatur,
1872 496 2224 569 arbitratu
2268 509 2521 566 nostro

391 612 838 687 concidimus
861 665 880 697 ,
906 610 1076 698 diis,
1110 607 1677 707 hominibusque
1710 604 2291 706 plaudentibus&
2322 608 2519 695 Quin

391 724 609 823 etiam
657 720 948 793 Paullus
993 734 1240 791 noster
1280 743 1513 819 quum
1548 721 1750 791 testis
1795 717 2191 816 productus
2227 729 2412 787 esset
2446 716 2521 784 in

390 838 746 919 Sextium,
787 830 1282 920 confirmavit,
1323 856 1400 903 se
1451 856 1725 903 nomen
1761 829 2027 901 Vatinii
2074 827 2521 909 delaturum,

391 946 448 1016 si
471 948 714 1015 Macer
740 943 1058 1015 Licinius
1077 940 1110 997 ⁴
1134 956 1639 1029 cunctaretur,
1674 956 1745 1013 et
1770 944 2015 1011 Macer
2038 963 2079 1010 a
2105 938 2325 1009 Sextii
2352 934 2521 1007 sub-

389 1055 606 1127 selliis
652 1058 1003 1144 surrexit,
1055 1076 1138 1123 ac
1191 1077 1267 1124 se
1317 1050 1421 1123 illi
1461 1076 1613 1123 non
1658 1048 2082 1123 defuturum
2126 1046 2524 1119 affirmavit.

389 1163 586 1253 Quid
616 1162 922 1262 quaeris?
959 1161 1182 1233 homo
1211 1162 1543 1259 petulans
1568 1176 1639 1233 et
1668 1159 1938 1249 audax,
1968 1158 2295 1229 Vatinius
2316 1154 2525 1227 valde

389 1272 856 1371 perturbatus
914 1268 1474 1367 debilitatusque
1540 1268 1885 1341 discessit.
1941 1270 2261 1358 Quintus
2310 1281 2481 1338 tuus
2509 1312 2529 1347 ,

389 1407 574 1480 puer
611 1383 932 1479 optimus
951 1434 974 1469 ,
1011 1378 1340 1451 eruditur
1383 1382 1687 1477 egregie.
1716 1385 1871 1451 Hoc
1896 1403 2095 1449 nunc
2122 1379 2347 1473 magis
2374 1378 2525 1451 ani-

391 1490 802 1580 madverto,
843 1490 1040 1587 quod
1086 1486 1493 1585 Tyrannio⁵
1536 1488 1750 1559 docet
1788 1487 1979 1587 apud
2024 1484 2199 1559 me⁶.
2243 1491 2523 1557 Domus

391 1602 768 1697 utriusque
797 1614 1126 1671 nostrum
1146 1594 1539 1669 aedificatur
1562 1612 1876 1669 strenue.
1898 1596 2367 1695 Redemptori
2392 1612 2524 1667 tuo

391 1708 770 1779 dimidium
829 1711 1152 1807 pecuniae
1207 1708 1469 1779 curavi.
1526 1714 1753 1805 Spero
1802 1732 1962 1780 nos·
1989 1722 2157 1777 ante
2206 1705 2519 1776 hiemem

392 1818 986 1895 contubernales⁷
1025 1817 1202 1890 fore.
1238 1823 1350 1890 De
1381 1833 1626 1889 nostra
1660 1818 1890 1889 Tullia
1912 1872 1931 1905 ‚
1968 1819 2072 1888 tui
2111 1815 2527 1890 mehercule

391 1930 873 2001 amantissima
897 1985 917 2018 ,
977 1955 1191 2028 spero
1241 1953 1408 2001 cum
1460 1928 1881 2027 Crassipede
1933 1952 2068 1997 nos
2105 1924 2517 1998 confecisse.

391 2040 561 2111 Dies
597 2038 834 2111 erant⁸
877 2038 1057 2127 duc,
1080 2041 1209 2137 qui
1247 2053 1415 2138 post
1451 2041 1739 2113 Latinas
1780 2037 2142 2127 habentur
2174 2036 2525 2133 religiosi;

465 2262 513 2312 ³.
565 2262 934 2313 Plaudentibus.
1019 2265 1229 2315 Pessime
1281 2266 1410 2313 enim

393 2345 646 2394 Vatinium
668 2361 834 2394 omnes
869 2363 1009 2410 poene
1035 2347 1258 2396 homines
1292 2345 1410 2394 ode-

391 2435 516 2474 rant.
549 2427 622 2474 Ex
652 2442 752 2490 quo
787 2426 1039 2489 catullus,
1061 2425 1330 2476 -Odissem
1361 2437 1408 2473 te

391 2504 512 2554 odio
536 2504 800 2554 Vatinisno
813 2527 837 2547 n
857 2521 873 2566 ς
907 2505 1188 2554 Macrobius
1203 2539 1219 2564 ,
1239 2504 1326 2553 lib.
1357 2507 1408 2554 11

392 2584 591 2632 Saturn.
621 2585 882 2648 Lapidatns
898 2602 927 2633 a
947 2586 1138 2651 populo
1157 2586 1410 2644 Vatinius,

387 2679 542 2728 quum
570 2663 906 2726 gladiatorium
931 2681 1106 2714 munus
1125 2665 1304 2723 ederet,
1326 2664 1416 2712 ob·

391 2743 604 2790 tinuerat
625 2754 684 2792 nt
711 2745 876 2793 nedum
899 2745 1180 2805 edicerent,
1219 2760 1281 2791 ne
1303 2745 1414 2808 quis

391 2821 444 2866 in
464 2837 655 2868 arenam
673 2822 768 2869 nisi
800 2838 1000 2887 pomum
1037 2823 1222 2870 misisse
1243 2821 1408 2870 vellet.

392 2901 537 2945 Forte
571 2899 632 2945 iis
670 2899 842 2948 diebus
885 2899 1118 2948 Casellins
1150 2899 1412 2960 juriscons,

393 2977 650 3024 consultus
673 2993 702 3024 a
730 2979 944 3042 quodam
961 3013 975 3037 ,
1003 2995 1121 3027 num
1145 2995 1250 3028 nux
1268 2980 1416 3044 pinea

393 3071 598 3118 pomum
623 3068 749 3106 esset
774 3071 788 3105 ε
819 3079 842 3100 ι
867 3059 918 3106 Si
943 3059 994 3106 in
1021 3061 1274 3108 Vatinium
1299 3059 1416 3108 mis·

394 3151 536 3182 surus
556 3150 606 3182 es
623 3169 638 3193 ,
660 3135 847 3200 inquit,
879 3152 1082 3202 pomum
1108 3149 1182 3187 est
1196 3160 1244 3187 ι.
1271 3139 1417 3188 Man.

467 3221 516 3269 4.
543 3215 715 3260 Macer
739 3215 968 3264 Licinius.
1013 3215 1155 3264 Unus
1183 3215 1244 3265 de
1269 3215 1420 3264 Sextii

395 3294 617 3356 patronis
632 3329 648 3354 ‚
667 3303 718 3342 et
735 3294 862 3342 sorte
887 3293 1104 3342 Licinius
1119 3295 1204 3344 ille
1223 3295 1417 3352 Calvus,

394 3371 686 3436 eloquentia
721 3371 866 3422 lande
901 3373 1106 3437 insignis
1123 3407 1142 3435 ,
1184 3371 1316 3424 filins
1359 3375 1416 3429 C.

395 3453 550 3499 Macri
573 3487 590 3513 ,
611 3453 697 3515 qni
723 3468 834 3500 reus
858 3452 1096 3502 Cicerone
1117 3463 1330 3519 pretore
1352 3453 1414 3501 de

394 3529 676 3594 repetundis
692 3531 868 3592 faetus,
887 3547 1039 3595 quum
1067 3547 1117 3580 se
1137 3532 1414 3581 damnatum

395 3611 458 3658 iri
499 3608 686 3658 videret
702 3643 719 3672 ,
758 3611 1032 3660 voluntaris
1067 3623 1228 3660 morte
1259 3612 1420 3674 iactu-

396 3705 499 3738 ram
540 3688 611 3736 rei
648 3689 894 3738 familiaris
919 3691 1108 3755 effugit.
1149 3691 1250 3755 Qui
1287 3691 1416 3739 enim

398 3769 448 3818 in
494 3777 634 3814 reatu
659 3804 674 3829 ,
735 3779 791 3816 nt
833 3767 1169 3831 jurisconsulti
1219 3768 1426 3818 verbnm

396 3861 711 3910 usurpemus,
738 3847 1066 3910 obierae,eius
1088 3849 1218 3898 bons
1247 3849 1428 3911 subjici

396 3929 546 3975 hastae
568 3925 698 3990 leges
720 3928 960 3976 vetabant.
988 3927 1304 3988 Plutarchus,
1325 3930 1426 3978 Va-

397 4007 563 4055 lerius.
603 4003 760 4056 Inus.

474 4087 522 4134 5.
565 4087 823 4148 Ἰγναπηὶο.
866 4089 992 4138 Sati·
1017 4087 1248 4136 usitatum
1267 4104 1424 4153 gram-

1499 2266 1688 2313 maticis
1705 2278 1905 2313 nomen.
1928 2264 2053 2313 Nam
2074 2273 2122 2310 et
2141 2263 2181 2309 is
2196 2295 2210 2319 ,
2229 2260 2317 2325 qui
2336 2261 2529 2309 Aristo-

1496 2346 1607 2394 telis
1618 2345 2038 2409 Theophrastique
2064 2338 2312 2392 volumina
2328 2377 2341 2400 ,
2362 2340 2521 2389 dicta-

1495 2435 1603 2474 tore
1642 2425 1777 2474 Sulla
1814 2425 2021 2472 Athenis
2050 2433 2267 2486 reperta,
2292 2419 2495 2484 digessit
2514 2465 2529 2490 ‚

1499 2505 1753 2568 Tyrannio
1779 2503 1939 2552 dictus
1963 2513 2051 2550 est.
2071 2504 2223 2550 lusu.

1574 2585 1627 2632 6.
1658 2583 1811 2648 Apud
1826 2595 1920 2632 me.
1959 2580 2105 2628 Domi
2139 2594 2259 2627 meae
2278 2614 2293 2639 ,
2318 2595 2445 2640 non,
2473 2589 2527 2627 ut

1503 2673 1643 2721 ante,
1671 2663 1807 2710 domi
1831 2675 1943 2709 moe.
1970 2663 2123 2708 Inus.

1578 2759 1625 2804 7.
1660 2741 2059 2792 Combemales.
2100 2743 2159 2788 In
2184 2739 2285 2788 suis
2312 2749 2522 2801 uterque

1501 2821 1722 2882 aedibus,
1761 2820 1848 2869 sed
1882 2821 1949 2868 ita
1976 2831 2030 2870 ut
2060 2818 2234 2867 domus
2274 2819 2529 2882 utriusque

1500 2901 1641 2949 nullo
1660 2901 1915 2962 interjecto
1933 2899 2093 2964 spatio
2114 2897 2526 2960 disjungeremur.

1502 2985 1651 3031 lusu.

1578 3061 1631 3108 8.
1654 3057 1771 3106 Dies
1801 3067 2007 3104 erant...
2042 3055 2232 3103 Latiar.
2268 3051 2526 3118 Significat

1506 3138 1682 3186 Cicero
1716 3137 1947 3200 scriptam
1982 3151 2084 3182 esse
2118 3133 2244 3181 hanc
2272 3132 2529 3196 epistolam

1508 3215 1599 3264 sub
1628 3229 1873 3278 vesperam
1898 3213 2029 3260 illius
2058 3211 2181 3270 diei,
2218 3210 2295 3258 vel
2324 3219 2532 3257 exeunte

1504 3307 1557 3344 et
1576 3293 1853 3344 discedente
1872 3291 1961 3340 illo
1988 3291 2095 3351 die,
2126 3305 2229 3355 qno
2258 3289 2441 3338 latina
2464 3289 2531 3336 fe·

1502 3376 1589 3422 τῖε
1613 3383 1751 3422 erant
1776 3372 2031 3422 confectae.
2051 3372 2133 3418 Im
2150 3369 2271 3427 dies,
2298 3378 2347 3416 et
2370 3367 2527 3426 abite,

1505 3465 1555 3503 et
1578 3453 1716 3502 exire
1746 3452 1861 3500 satis
1890 3451 2145 3517 perspicue
2173 3447 2370 3510 dicitur,
2398 3457 2453 3494 nt
2481 3451 2529 3494 et

1502 3533 1653 3580 «anni
1688 3531 1847 3579 exitus
1865 3553 1910 3579 a.
1953 3531 2123 3594 Quum
2160 3525 2300 3585 haec,
2338 3527 2535 3589 inquito

1503 3611 1782 3669 scriberem,
1801 3611 1855 3658 in
1881 3611 2017 3658 exitu
2045 3619 2152 3657 erat
2174 3608 2218 3654 is
2246 3607 2375 3664 dies,
2402 3625 2425 3650 ι
2445 3603 2533 3670 qui

1505 3691 1783 3740 confectum
1801 3700 1903 3738 etat
1921 3689 2083 3737 Latiar
2096 3709 2122 3729 ‚-
2138 3721 2152 3747 ‚
2167 3702 2266 3752 qno
2284 3696 2535 3751 peractum

1505 3780 1610 3820 erat
1647 3769 1875 3818 foliarum
1907 3766 2185 3816 Latinarum
2220 3763 2423 3814 solenne
2456 3763 2537 3812 vel

1505 3847 1797 3898 saci-ilicium
1833 3848 1887 3896 in
1922 3845 2119 3896 Albano
2155 3856 2322 3894 monte
2354 3841 2533 3892 Latiari

1505 3929 1644 3979 Jovi.
1664 3931 1916 3984 Lucanus,
1950 3931 2004 3985 1,
2050 3927 2181 3984 150,
2227 3937 2277 3975 et
2294 3926 2360 3982 V,
2391 3931 2493 3978 4⁰2
2516 3955 2531 3979 ,

1509 4007 1639 4057 dixit
1664 4007 1943 4056 «confectas
1962 4005 2155 4056 Latin·-
2170 4027 2211 4052 ι.
2242 4001 2413 4050 videri
2432 4000 2537 4048 cni·

1509 4087 1640 4152 piam
1654 4095 1843 4150 potest,
1860 4085 2119 4151 legendnm
2136 4101 2239 4134 esse
2258 4102 2281 4127 ι
2294 4097 2394 4146 quo
2410 4095 2533 4128 eon·
