3019 4681
599 364 1138 436 EPISTOLAE
1185 366 1318 435 AD
1367 367 1454 455 Q.
1509 364 2025 453 FRATREM,
2066 368 2178 454 11,
2230 391 2286 436 1.
2394 364 2531 464 573

411 487 744 561 Lentulo,
792 491 1046 558 Postea
1097 486 1433 559 Racillius
1492 487 1583 559 de
1624 490 2000 588 privatis¹9
2044 512 2162 561 me
2218 489 2533 587 primum

411 597 844 670 sententiam
889 598 1187 694 rogavit.
1239 597 1468 668 Multa
1494 595 1637 670 feci
1672 596 1891 669 verba
1935 594 2026 668 de
2064 611 2219 668 toto
2255 596 2541 686 furore,

413 708 936 805 latrocinioque
972 709 1047 775 P.
1095 705 1362 792 Clodii;
1413 730 1579 778 eum
1604 761 1624 794 ‚
1655 721 2026 807 tamquam
2060 730 2265 777 reum
2288 761 2308 794 ‚
2336 730 2541 778 accu-

411 819 556 889 savi
577 872 597 905 ‚
653 817 899 889 multis
955 830 1028 887 et
1077 815 1414 887 secundis
1467 814 2253 888 admurmurationibus
2299 815 2543 888 cuncti

413 941 724 999 senatus.
757 928 1178 1009 Orationem
1207 950 1440 997 meam
1477 925 1907 998 collaudavit
1928 926 2099 997 satis
2116 925 2361 1011 multis
2386 950 2539 997 ver-

413 1035 526 1106 bis
556 1089 578 1124 ,
643 1057 798 1106 non
841 1034 1256 1106 mehercule
1303 1035 1688 1124 indiserte,
1729 1041 2031 1107 Severus
2051 1046 2117 1106 ?¹⁰
2153 1036 2541 1125 Antistius;

413 1148 620 1242 isque
647 1141 1086 1240 judiciorum
1109 1168 1392 1216 causam
1435 1149 1750 1244 suscepit
1769 1200 1789 1235 ,
1820 1145 2549 1243 antiquissimamque

415 1280 493 1327 se
529 1254 952 1326 habiturum
999 1253 1198 1325 dixit.
1253 1254 1506 1327 Ibatur
1543 1259 1619 1327 in
1656 1280 1815 1328 eam
1858 1258 2308 1328 sententiam.
2360 1260 2545 1327 Tum

412 1363 709 1437 Clodius
744 1378 1066 1460 rogatu5‚
1110 1363 1301 1435 diem
1333 1364 1644 1437 dicendo
1684 1368 2001 1438 eximere
2016 1374 2077 1410 ²¹
2125 1366 2368 1463 coepit.
2403 1372 2544 1437 Fu-

413 1471 619 1544 rebat
640 1527 661 1560 ‚
701 1497 740 1544 a
768 1471 1062 1544 Racillio
1093 1496 1168 1544 se
1209 1477 1732 1547 contumaciter
1772 1473 2199 1572 urbaneque
2216 1485 2281 1519 ²²
2326 1499 2549 1547 vexa-

417 1598 594 1653 tum.
654 1580 934 1654 Deinde
980 1581 1137 1677 ejus
1186 1606 1424 1681 operae
1469 1599 1769 1682 repente
1823 1607 1863 1655 a
1919 1584 2342 1655 Graecostasi
2361 1578 2425 1625 ²³
2473 1597 2547 1654 et

418 1688 760 1788 gradibus
786 1688 853 1745 ²4
891 1689 1282 1763 clamorem
1306 1695 1474 1764 satis
1495 1716 1841 1791 magnum
1869 1692 2315 1765 sustulerunt
2335 1746 2355 1781 ,
2389 1694 2547 1790 opi-

417 1826 556 1872 nor
602 1801 676 1871 in
727 1802 817 1892 Q.
878 1799 1251 1872 Sextilium
1294 1816 1369 1873 et
1415 1806 1681 1875 amicos
1718 1803 2010 1875 Milonis
2056 1801 2386 1875 incitatae.
2438 1806 2549 1875 Εσ

351 1922 362 1933 ·
418 1924 616 1982 metu
655 1910 960 2007 injecto,
997 1926 1294 2009 repente
1319 1966 1338 2000 ‚
1389 1936 1647 2011 magna
1683 1914 2139 2010 querimonia
2174 1914 2543 1999 omnium,

421 2019 889 2093 discessimus.
932 2018 1170 2092 Habes
1202 2035 1360 2094 acta
1403 2023 1621 2093 unius
1663 2020 1828 2094 diei.
1870 2022 2201 2121 Reliqua,
2228 2037 2311 2094 ut
2352 2022 2545 2094 arbi-

423 2143 610 2216 tror,
651 2132 722 2200 in
763 2154 1084 2201 mensem
1130 2128 1539 2223 januarium
1586 2132 2025 2228 rejicientur.
2072 2138 2183 2205 De
2233 2130 2549 2204 tribunis

423 2237 664 2336 plebis·
703 2238 917 2336 longe
977 2246 1332 2337 optimum
1386 2232 1785 2313 Racillium³
1808 2239 2179 2313 habemus,
2240 2242 2547 2314 Videtur

423 2351 638 2419 etiam
676 2351 1022 2422 Antistius
1055 2355 1326 2424 amicus
1345 2351 1557 2424 nobis
1579 2352 1758 2424 fore.
1784 2357 1967 2424 Nam
2000 2353 2329 2426 Plancius
2350 2369 2546 2427 totus

423 2475 668 2530 noster
691 2473 815 2532 est.
852 2463 1021 2548 Fac,
1056 2464 1114 2531 si
1147 2485 1262 2532 me
1291 2485 1519 2550 amas,
1546 2477 1627 2532 ut
1650 2461 2097 2534 considerate
2132 2461 2545 2562 diligenter·

423 2593 568 2666 que
606 2573 894 2670 naviges
933 2571 1024 2642 de
1067 2597 1314 2644 mense
1333 2569 1398 2617 ²⁵
1437 2571 1825 2645 decembri.

1530 2749 1699 2788 senatu
1726 2749 1896 2786 eontra
1922 2737 2225 2786 voluntatem
2256 2753 2425 2786 eorum
2456 2739 2544 2788 de-

1532 2829 1819 2866 cerneretur.
1848 2817 1999 2882 Epist.
2029 2819 2058 2864 3
2080 2849 2095 2876 ,
2126 2815 2216 2866 lib.
2232 2819 2320 2874 IV,
2351 2818 2417 2867 ad
2436 2819 2543 2867 Διὶ.

1528 2905 1579 2943 et
1599 2895 1786 2944 Gellius
1810 2895 1897 2943 lib.
1919 2897 2011 2958 IV,
2036 2911 2144 2959 cap.
2165 2910 2247 2946 xo.
2264 2897 2403 2944 Mun.

1604 2987 1690 3022 αα.
1722 2975 1933 3022 Urbane.
1963 2974 2128 3022 Faerni
2154 2973 2301 3034 liber,
2345 2973 2547 3022 ἰηευύα-

1531 3068 1687 3117 neque
1704 3086 1720 3112 ,
1738 3052 1874 3116 quod
1891 3063 1939 3100 et
1957 3053 2187 3102 Manutio
2203 3052 2380 3116 placet.

1606 3131 1687 3179 23.
1709 3129 2018 3178 Groeeostasi·
2038 3131 2198 3202 Locus
2224 3129 2317 3179 fuit
2337 3127 2449 3179 ante
2470 3145 2551 3178 cu-

1529 3208 1650 3257 riam
1668 3242 1684 3269 ‚
1708 3208 1769 3257 de
1794 3223 1895 3272 quo
1916 3211 2089 3256 Van-o.
2118 3210 2263 3257 Mu.

423 2751 516 2798 pus
529 2770 546 2794 ‚
576 2737 798 2795 Octavii,
829 2737 912 2785 cui
926 2739 1150 2802 Augusto
1166 2748 1336 2802 postea
1359 2753 1444 2786 co-

426 2829 638 2875 gnomen
654 2815 766 2878 fuit,
783 2817 1012 2864 vitricus:
1033 2816 1306 2880 designatus
1323 2833 1440 2864 oon-

427 2893 504 2939 sul
519 2909 627 2940 cum
644 2893 852 2942 Lentulo
870 2893 1174 2942 Marcellino.

504 2987 584 3034 19-
617 2973 690 3020 De
704 2973 925 3036 privatis.
955 2975 1086 3038 Ergo
1123 2985 1234 3038 post
1273 2989 1444 3022 onmes

428 3049 742 3112 magistratus.

502 3141 585 3175 ao.
615 3125 778 3176 Veia-5.
809 3127 906 3189 Qui
939 3128 1218 3176 nominatur
1248 3130 1302 3176 iu
1337 3125 1442 3194 e'pi·

431 3205 572 3254 stolis
619 3205 684 3253 nd
736 3207 956 3254 Brutum.
1001 3205 1104 3254 Alii
1151 3206 1232 3254 hie
1278 3208 1446 3272 legunt

431 3287 652 3344 Severus,
683 3301 746 3332 ex
775 3300 876 3348 quo
909 3285 1162 3334 Manutius
1185 3286 1302 3334 fecit
1326 3287 1442 3336 Sex.

442 3366 602 3412 Vetus.
1005 3419 1020 3436 ι

505 3458 532 3488 2
544 3457 588 3491 1.
610 3442 753 3490 Diem
771 3443 978 3492 dicendo
1004 3443 1234 3491 eximere.
1252 3441 1450 3494 Licebat

433 3523 562 3570 enim
585 3523 827 3582 senatori,
845 3533 892 3570 et
916 3539 1013 3588 qua
1039 3522 1100 3571 de
1127 3539 1178 3571 re
1206 3521 1377 3582 vellet,
1399 3534 1448 3570 et

435 3602 665 3666 quamdiu
693 3601 834 3651 vellet
863 3602 1040 3651 dicere.
1071 3603 1181 3665 Qua
1204 3611 1447 3666 potestate

433 3679 756 3730 abutebantur
806 3681 979 3742 multi3
1029 3696 1182 3746 quum
1227 3679 1447 3728 oratione

435 3759 578 3824 longa
610 3759 738 3808 diem
763 3771 1130 3820 consumerent,
1167 3777 1228 3808 ne
1251 3757 1373 3823 quid
1393 3759 1447 3807 in

1602 3295 1687 3342 24.
1720 3284 1985 3333 Grade‘bus.
2025 3283 2217 3348 Quibus
2248 3285 2314 3334 ed
2364 3285 2547 3336 curiam

1530 3364 1893 3414 ascendebatur.

1609 3441 1693 3494 25.
1730 3445 1805 3490 De
1856 3457 2031 3491 mense.
2084 3442 2269 3490 Usitatu
2312 3443 2553 3493 venei-ibus

1535 3523 1746 3582 locutio,
1770 3537 1863 3587 pro
1896 3537 2068 3570 mense.
2097 3521 2271 3584 Qualia
2292 3533 2405 3571 sunt
2418 3559 2431 3579 ‚
2449 3546 2473 3566 .-
2490 3523 2551 3575 de

1538 3611 1713 3662 nocte,
1733 3599 1793 3648 de
1816 3601 1896 3648 die
1913 3622 1967 3659 w,
2001 3610 2051 3648 et
2078 3600 2268 3649 similia.
2304 3602 2555 3663 Catullus,

1539 3702 1565 3723 a
1584 3680 1691 3728 Vos
1715 3678 1935 3727 convivia
1972 3680 2329 3745 sumptuosiora
2362 3679 2435 3730 De
2471 3682 2555 3731 die

1536 3757 1695 3806 fecitis
1717 3779 1761 3808 ι».
1787 3758 1928 3806 Mu.

1059 3973 1949 4006 w
