3019 4681
1114 378 1767 461 FRAGMENTA.
2331 334 2505 484 ⁰713

472 513 761 607 Opim‘o.
783 510 951 580 Erat
973 509 1226 607 opinio
1249 508 1447 582 bona
1464 510 1556 583 de
1571 511 1840 582 Planco
1853 507 2080 598 ‚bona
2095 507 2185 581 de
2203 509 2503 607 Lepido.

476 624 927 717 Comparare.
972 620 1349 693 Neminem
1406 619 1543 692 tibi
1603 619 1932 719 profecto
1989 618 2369 693 hominem
2413 645 2507 692 ex

371 752 493 799 om
501 727 717 800 nibus
742 742 868 800 aut
892 730 1455 827 anteposuissem
1484 754 1836 829 umquam
1853 784 1874 819 ,
1908 744 2036 801 aut
2061 731 2290 803 etiam
2305 754 2504 803 com-

373 862 757 937 parassem.
1046 906 1055 915 .

466 948 861 1046 Expedit-e.
914 950 1025 1019 Ex
1068 951 1327 1021 ceteris
1362 964 1609 1022 autem
1647 950 2034 1051 generibus
2067 962 2248 1021 tunc
2287 972 2505 1049 pecu·

382 1060 505 1129 nia
527 1056 971 1157 expedietur,
983 1082 1213 1156 quum
1237 1059 1650 1159 legionibus
1675 1058 2086 1135 victricibus
2100 1075 2505 1159 erunt‚quae

372 1169 934 1268 spopondimu3‚
970 1169 1469 1268 persolvenda.

471 1282 910 1370 Cotffectum.
952 1283 1039 1350 In
1081 1280 1403 1378 singulas·
1431 1281 1710 1379 tegulas
1734 1280 2090 1379 impositis
2115 1280 2469 1351 sexcentis
2485 1332 2506 1365 ,

369 1388 769 1459 sexcenties
796 1386 1059 1460 confici
1085 1412 1320 1486 posse.

464 1502 765 1570 Ducere.
821 1502 933 1571 Ne
986 1522 1105 1570 res
1156 1498 1571 1588 duceretur,
1619 1496 1924 1571 fecimus
1946 1553 1968 1587 ‚
2009 1513 2110 1577 ,ut
2158 1498 2504 1573 Hercules

366 1609 719 1680 Antianus
754 1609 832 1678 in
868 1608 1090 1679 alium
1128 1608 1375 1681 locum
1410 1606 1948 1681 transferretur.

460 1718 842 1791 Involvere.
880 1717 1023 1791 Sed
1063 1719 1265 1817 quod
1305 1720 1588 1792 videret
1606 1721 1635 1770 ⁴
1680 1720 1977 1791 nomine
2003 1720 2200 1818 pacis
2224 1715 2500 1789 bellum

364 1828 777 1901 involutum
814 1826 993 1902 fore.
1917 1896 1926 1901 .

457 1946 845 2034 Ignoscere
860 1995 880 2027 ‚
928 1963 1010 2012 ac
1060 1939 1475 2015 Concedere.
1530 1938 1750 2033 Quod
1805 1937 1996 2010 mihi-
2038 1951 2114 2013 et
2160 1936 2496 2033 Philippo

360 2050 811 2122 vacationem
853 2049 1012 2138 das,
1056 2050 1171 2123 bis
1208 2050 1514 2149 gaudeo.
1550 2054 1733 2124 Nam
1769 2064 1844 2121 et
1879 2048 2260 2148 praeteritis
2293 2048 2500 2144 igno·-

363 2160 535 2249 scis,
576 2174 650 2231 et
690 2160 1028 2232 concedis
1064 2157 1331 2232 futura.

462 2274 725 2344 Ferox.
776 2275 1033 2369 Itaque
1080 2294 1365 2360 vereor,
1412 2294 1511 2342 ne
1559 2267 1989 2343 ferociorem
2025 2291 2196 2342 eum
2231 2263 2494 2337 faciant

360 2394 487 2454 tua
516 2395 666 2455 tam
701 2383 1041 2483 praeclara
1072 2381 1167 2454 de
1206 2407 1297 2455 eo
1329 2380 1623 2479 judicia.

432 2547 483 2596 4,.
506 2538 717 2589 Vidaee.
736 2537 999 2600 Nonnulli,
1021 2539 1258 2590 viderem.

862 2713 989 2782 AD
1038 2713 1449 2783 EUMDEM
1468 2762 1487 2799 ,
1513 2735 1624 2808 ,¹²⁴¹
1649 2732 1878 2814 ’mmm
1916 2710 2006 2778 Π.

463 2908 727 2977 Omnia
768 2929 867 2976 ea:
897 2908 1216 2977 NOMO.
1257 2903 1648 2977 Insubrum.
1687 2902 1830 2976 Sed
1865 2906 1966 2974 ita
1994 2902 2347 3000 loquutus
2377 2902 2493 2972 in-

356 3014 549 3088 sulse
576 3031 715 3103 est,
742 3030 827 3086 ut
849 3018 1114 3086 mirum
1141 3030 1433 3087 senatus
1457 3015 1864 3087 convicium
1898 3013 2287 3109 exceperit.

450 3132 805 3223 Ignavum
847 3141 918 3196 et
957 3149 1191 3222 segne.
1231 3129 1315 3196 In
1359 3150 1512 3224 quo
1553 3141 1681 3197 tua
1722 3148 1841 3195 me
1878 3121 2298 3221 provocavit
2337 3144 2493 3192 ora-

358 3235 500 3323 tio,
543 3260 659 3307 me
699 3248 1151 3332 consequuta
1189 3251 1298 3307 est
1335 3239 1597 3334 segnis.

457 3347 892 3437 Confectum.
920 3345 1197 3417 Bellum
1216 3399 1235 3430 ‚
1254 3361 1337 3416 ut
1362 3347 1616 3444 opinio
1632 3367 1793 3418 mea
1809 3339 1984 3433 fert,
2011 3365 2102 3412 ex
2128 3361 2490 3413 consensu

356 3454 659 3529 civitatis
687 3452 1098 3526 confectum
1118 3455 1269 3550 jam
1294 3453 1752 3527 haberemus.

460 3565 771 3634 Constat.
816 3567 1063 3656 Quum
1107 3578 1389 3636 constet
1408 3619 1429 3654 ‚
1468 3570 1816 3638 Caesarem
1847 3563 2228 3661 Lupercis¹
2263 3559 2340 3632 id
2363 3585 2489 3632 ve-

358 3671 569 3770 ctigal
602 3671 883 3746 dedisse
902 3729 921 3761 ,
958 3675 1285 3773 quiante
1310 3689 1595 3773 poterat
1625 3672 1700 3745 id
1731 3671 2110 3746 constare?

429 3877 479 3913 ι.
512 3865 673 3929 Quum
690 3875 902 3922 constet,
926 3863 1165 3914 casarum
1186 3867 1369 3930 Lupaer-
1458 3874 1507 3914 et
1539 3867 1594 3918 in
1631 3863 1841 3930 epistola
1875 3862 1939 3912 ad
1973 3865 2212 3913 Cant-em
2225 3894 2242 3922 ‚
2283 3871 2334 3908 et
2375 3861 2486 3910 Hir·

353 3942 441 3992 cis.
470 3945 582 3992 Boc
609 3955 682 3992 ost
706 3945 787 4003 id,
826 3944 889 3993 de
915 3959 1016 4007 qno
1040 3945 1275 4010 scriptum
1298 3954 1373 3993 ost
1458 3947 1584 3994 tium
1612 3946 1858 3995 Antonius
1891 3945 1989 3992 hoc
2025 3942 2273 3991 decretum
2303 3955 2488 3989 memo·

352 4025 404 4071 in
426 4023 698 4089 Philippico
733 4025 935 4090 septima
970 4025 1022 4072 in
1054 4025 1325 4074 Antonium
1353 4040 1367 4074 ε
1458 4041 1571 4072 ram
1617 4023 1815 4089 scripsit
1844 4038 1858 4072 :
1915 4043 1938 4066 ι
1970 4020 2240 4084 Vectigalia
2284 4017 2482 4069 Julian-‘¹

355 4127 381 4144 -
399 4105 473 4150 De
493 4104 723 4168 Lupercis
741 4103 964 4152 tribunus
980 4105 1139 4170 plebis
1155 4105 1301 4154 refert
1314 4123 1369 4168 »3
1460 4105 1692 4168 Lupercis
1714 4101 1959 4152 ademistis
1972 4123 2015 4150 a.
2049 4099 2232 4148 Smon.
