3019 4681
560 392 698 466 270
1181 367 1282 436 M.
1335 365 1410 435 T.
1466 363 2050 436 CICERONIS

555 495 832 588 aptius;
873 503 948 562 et
995 486 1085 558 de
1131 486 1268 558 hac
1313 509 1393 556 re
1441 481 1620 582 quid
1666 484 1773 554 tui
1816 483 2094 554 consilii
2144 485 2274 570 sit,
2314 483 2481 554 mihi
2514 509 2671 583 per-

558 623 846 674 suasum
911 611 1060 684 est,
1109 611 1184 669 et
1235 619 1324 672 eo
1377 594 1645 690 magis,
1697 592 1895 690 quod
1952 590 2140 664 idem
2194 592 2505 664 intellexi
2540 594 2673 666 tibi

559 710 824 797 videri,
867 733 982 780 me
1028 707 1118 778 ab
1153 707 1397 803 Oppio
1441 719 1515 774 et
1550 702 1775 774 Balbo
1810 700 2015 773 valde
2050 702 2250 799 diligi
2270 699 2319 774 ⁵.
2368 706 2545 774 Cum
2592 705 2675 774 iis

557 819 1082 900 communiam,
1122 828 1399 913 quanto
1436 836 1694 910 opere,
1746 827 1820 884 et
1867 837 2093 908 quare
2134 812 2351 884 velim
2386 813 2673 898 hortos3

557 931 684 1002 sed
719 931 818 1000 ita
853 950 1063 1025 posse
1085 979 1103 1014 ‚
1142 929 1196 995 si
1238 922 1661 1021 expediatur
1696 920 1873 994 illud
1902 921 2414 1011 Faberianum3
2442 925 2675 994 sintne

555 1041 775 1140 igitur
809 1029 1185 1109 auctores⁶
1212 1031 1472 1118 futuri,
1521 1032 1582 1102 si
1622 1056 1766 1127 qua
1808 1033 2019 1100 etiam
2042 1031 2321 1126 jactura
2358 1031 2679 1103 facienda

556 1152 746 1223 sitin
775 1143 1394 1246 repraesentandov
1422 1169 1442 1230 ;
1485 1141 1724 1238 quoad
1764 1158 2070 1240 possunt
2106 1141 2402 1232 adduci;
2446 1158 2675 1214 totum

557 1263 751 1330 enim
813 1254 994 1334 illud
1064 1254 1545 1357 desperatum.
1605 1252 1939 1348 Denique
1972 1252 2368 1349 intellig-⁶33,
2422 1253 2675 1350 ecquid

556 1369 902 1443 inclinent
959 1365 1049 1438 ad
1106 1365 1248 1436 hoc
1307 1387 1553 1434 meum
1617 1359 1997 1432 consilium
2053 1361 2557 1458 adjuvandum.
2610 1365 2678 1432 Si

557 1477 736 1578 quid
792 1478 926 1548 erit
955 1532 975 1563 ‚
1037 1499 1379 1578 magnum
1450 1485 1559 1542 est
1620 1467 2161 1565 adjumentum3
2226 1474 2335 1542 sin
2400 1477 2677 1556 minus,

559 1605 1017 1681 quacumque
1081 1583 1362 1650 ratione
1419 1577 1967 1649 contendamus.
2020 1583 2237 1649 Vetus
2287 1577 2465 1649 illud
2516 1584 2683 1676 ἕγγῆ.

557 1719 723 1785 papa
737 1683 794 1774 ⁸,
825 1681 1438 1784 quemadmodum
1467 1683 1847 1780 scripsisti,
1887 1683 1998 1754 vel
2033 1687 2313 1776 ἐντάφιον
2332 1693 2367 1740 9
2396 1698 2674 1781 putato.

551 1803 660 1870 De
689 1797 812 1868 illo
849 1795 1235 1867 Ostiensi¹⁰
1264 1789 1442 1862 nihil
1475 1805 1587 1862 est
1617 1791 2106 1888 cogitandum.
2125 1796 2197 1863 Si
2223 1791 2364 1863 hoc
2392 1819 2543 1863 non
2570 1817 2679 1864 as-

627 1989 676 2038 ⁵.
723 1988 802 2041 Al.
843 2009 872 2032 α
896 1986 1052 2052 diligi.
1073 1985 1183 2047 Sit;
1223 1999 1334 2034 eum
1357 1982 1420 2032 iis
1441 1997 1579 2029 eom·

552 2069 768 2117 manices
789 2087 832 2113 ι.
858 2067 909 2114 J.
935 2068 1003 2113 V.
1031 2066 1084 2112 1..

627 2147 678 2195 6.
704 2148 960 2193 Auctores-
1005 2142 1170 2189 Fuisse
1205 2141 1258 2188 in
1298 2139 1580 2188 nominibus

554 2225 746 2274 Faberii
793 2222 1012 2285 Oppium
1055 2231 1104 2268 et
1147 2217 1351 2266 Balbum
1399 2217 1581 2278 conjici

559 2314 724 2371 potest
749 2318 811 2350 ex
829 2299 1072 2349 hocloco.
1092 2299 1218 2347 Nam
1244 2313 1327 2346 eos
1351 2296 1579 2345 Puberius

557 2384 786 2435 Ciceroni
796 2379 992 2427 volebat
1011 2378 1249 2441 delegere.
1260 2377 1448 2439 Quaerit
1462 2392 1579 2441 ergo

557 2464 762 2518 Cicero,
801 2475 921 2507 num
947 2459 985 2506 ii
1009 2460 1162 2507 futuri
1195 2458 1294 2505 sint
1320 2466 1546 2505 auctores
1562 2488 1577 2513 ,

559 2552 616 2591 nt
641 2542 818 2588 horton
850 2549 1000 2595 emet,
1033 2538 1128 2584 hoe
1156 2548 1254 2595 est,
1298 2552 1414 2584 num
1441 2536 1583 2584 solu-

561 2622 659 2673 turi
681 2620 778 2669 sint
805 2616 992 2665 Faber-ii
1021 2616 1217 2663 nomine
1235 2617 1448 2681 pretium
1465 2613 1583 2661 hor-

566 2711 732 2748 torum
763 2711 776 2745 τ
801 2708 881 2755 et,
906 2696 944 2743 si
967 2694 1220 2759 pecuniam
1239 2703 1581 2757 repraesentare

561 2786 804 2841 nequeunt
823 2809 839 2833 ,
889 2774 1098 2836 ideoque
1131 2788 1256 2837 opus
1298 2773 1362 2820 sit
1385 2770 1583 2819 aliunde

564 2854 788 2916 esmsuh
813 2854 972 2903 usuris
991 2886 1008 2909 ‚
1042 2853 1144 2913 ejus
1184 2853 1254 2901 rei
1281 2867 1426 2903 causa
1444 2886 1460 2908 ,
1500 2867 1581 2900 su·

565 2950 724 2995 inere,
765 2949 912 2998 qnam
933 2933 1172 2995 iacturam
1201 2946 1453 2981 usurarum
1479 2929 1585 2979 iun-

561 3030 670 3063 runs
689 3014 885 3061 nomine
899 3012 1055 3058 facere
1075 3009 1238 3058 veiint.
1263 3010 1389 3059 Nem
1411 3008 1584 3073 despe-

565 3104 720 3145 ratum
747 3104 849 3141 erat
871 3123 886 3154 ,
903 3099 960 3137 ut
982 3104 1176 3140 omnem
1203 3088 1256 3136 in
1275 3102 1326 3135 se
1342 3089 1581 3149 jactui-un

565 3162 1098 3239 susciperentjnoum.

639 3271 684 3316 7.
726 3248 921 3298 Schiitz.
971 3263 1001 3321 e¹
1023 3246 1326 3306 conjectura,
1373 3264 1395 3288 ιι
1416 3244 1581 3308 quoad

561 3340 772 3399 possunt
794 3326 990 3388 adduci,
1013 3324 1247 3373 adducito
1261 3346 1306 3372 n.
1325 3326 1376 3373 J.
1400 3323 1464 3372 V.
1484 3326 1543 3372 L.

635 3414 686 3461 ⁸.
706 3400 1122 3479 ὲγγήρῳαΝίάο
1141 3418 1311 3467 supra,
1326 3403 1468 3467 epist.
1497 3404 1583 3455 25.

565 3492 678 3543 Sch.
705 3488 956 3537 sulutituit
979 3484 1064 3531 vel
1081 3494 1130 3530 tu
1152 3481 1278 3529 illud
1288 3516 1303 3542 ,
1331 3482 1470 3546 quod
1485 3498 1583 3529 ina-

562 3572 637 3634 gis
695 3566 957 3616 eonvenite
1003 3560 1316 3625 sequentibus
1353 3560 1579 3611 affirmat.

566 3646 770 3697 Emendi
795 3654 906 3692 eunt
929 3642 1050 3690 mihi
1075 3641 1236 3699 horti,
1263 3640 1425 3704 inquit
1447 3654 1462 3689 τ
1507 3652 1583 3689 tu·

571 3743 665 3792 qne
699 3723 822 3771 mad
847 3723 966 3769 licet
1009 3719 1084 3768 vei
1126 3716 1410 3788 ἐγγήραμα,
1455 3720 1583 3767 sient

565 3803 818 3875 scripsisti,
843 3802 894 3848 h.
913 3818 959 3850 e.
981 3801 1146 3849 locum
1162 3800 1398 3847 senectuti
1419 3800 1582 3863 quiete

565 3880 909 3945 transigenda,
935 3878 1012 3927 vel
1035 3876 1248 3944 ἐντάφιον
1265 3912 1279 3935 ,
1301 3878 1320 3924 i
1343 3894 1387 3925 e.
1415 3877 1581 3925 locum

563 3960 791 4027 sepulcro
811 3973 918 4007 meo
940 3957 1170 4005 idoneum
1189 3966 1346 4020 putee.
1369 3958 1459 4006 En.

635 4056 686 4103 9.
714 4027 960 4103 ἐντάφιον.
993 4037 1275 4085 Perizonius
1306 4035 1370 4083 nd
1399 4036 1574 4085 AElisn.

1664 1982 2013 2046 quodcumque
2068 1993 2407 2032 ornamentum
2461 1988 2641 2036 mortui
2664 2021 2679 2038 .

1662 2075 1764 2124 quo
1784 2061 1839 2107 in
1861 2061 1985 2108 atrio
2012 2064 2306 2126 exponitur,
2332 2074 2383 2110 et
2403 2063 2636 2127 sepelitur
2665 2082 2679 2110 ε

1660 2140 1794 2188 unde
1822 2137 2109 2206 ἐνταφισίιιν
2130 2142 2313 2190 dicitur
2329 2152 2435 2190 tota
2453 2143 2540 2191 illa
2558 2159 2682 2202 cura,

1662 2235 1773 2283 quae
1796 2220 2043 2280 ornando,
2070 2221 2375 2278 condiendo,
2404 2223 2686 2271 condendo·

1664 2315 1762 2363 que
1786 2310 1985 2348 mortuo
2009 2300 2287 2351 adhibetur.
2310 2302 2426 2350 Hoc
2452 2302 2569 2351 loco
2591 2304 2687 2368 ipse

1663 2379 1712 2426 J.
1740 2382 1792 2429 1².
1834 2379 2115 2427 Gronovius
2150 2380 2498 2444 interpretetur
2530 2382 2687 2446 sepul-

1664 2469 1791 2506 tura.
1830 2459 1977 2506 Horti
2017 2458 2123 2519 illi,
2158 2459 2349 2522 inquit,
2389 2472 2541 2509 erunt
2586 2476 2685 2508 non

1664 2535 1813 2586 modo
1856 2537 2047 2600 requies
2082 2538 2363 2597 senectutis,
2410 2556 2501 2587 eeu
2536 2536 2687 2607 i-flsi-

1666 2631 1801 2683 ραμα
1820 2650 1835 2673 ,
1859 2627 1914 2665 ut
1934 2628 1988 2665 tu
2015 2614 2279 2679 aliquando
2306 2618 2545 2683 scripsisti
2566 2652 2583 2677 ,
2604 2618 2691 2667 sed

1665 2692 1877 2759 ἐντάφιον
1908 2694 2031 2741 adeo
2052 2728 2068 2754 ,
2112 2695 2302 2757 requies
2340 2695 2536 2743 mortui.
2572 2698 2689 2746 Non

1664 2772 1902 2829 absurde,
1930 2790 2025 2837 qua
2048 2788 2241 2821 sensum
2262 2788 2280 2835 3
2314 2775 2467 2823 modo
2484 2776 2691 2825 verbnm

1665 2868 1876 2916 grecum
1895 2868 2005 2901 eum
2026 2863 2291 2917 pateretur.
2312 2854 2544 2913 Con-ut.
2558 2856 2694 2905 (3oeb

1665 2946 1835 2979 corum
1860 2946 1992 2981 more
2022 2947 2127 2979 non
2154 2943 2373 2980 mortuos
2396 2932 2559 2981 solum
2580 2950 2687 2983 ma·

1666 3006 1858 3075 gnificis
1898 3009 2115 3057 vestibns
2151 3021 2351 3058 ornatos
2370 3046 2385 3071 ,
2424 3012 2512 3059 sed
2554 3028 2687 3077 saepe

1664 3090 1810 3137 etiam
1846 3090 2121 3140 nwrieuros.
2166 3090 2299 3137 Hinc
2347 3090 2692 3155 Apollodorus

1664 3169 1874 3222 Socratis
1901 3168 2167 3233 discipulus
2210 3170 2399 3217 Socrati
2445 3170 2691 3221 orteoehat

1664 3246 1968 3314 magnificam
1992 3259 2177 3295 vestem
2197 3282 2211 3305 ,
2248 3264 2345 3311 qus
2384 3247 2565 3297 induta
2614 3250 2696 3299 de-

1664 3344 1799 3376 mum
1829 3326 2037 3375 cicutam
2062 3324 2263 3374 biberet.
2290 3324 2531 3375 Nondum
2563 3330 2695 3377 enim

1664 3418 1885 3457 mortuus
1913 3416 2015 3455 erat
2037 3438 2052 3465 ,
2088 3406 2179 3453 emi
2204 3406 2465 3453 unctiones
2492 3411 2697 3472 proprie

1664 3497 1777 3551 post
1812 3496 2017 3533 mortem
2054 3482 2256 3532 fiebant.
2311 3485 2405 3533 Hic
2462 3487 2597 3550 ergo'
2626 3500 2697 3536 est

1663 3566 1762 3614 loci
1778 3565 1945 3628 hujus,
1960 3578 2063 3611 mea
2090 3564 2349 3624 sententis,
2372 3580 2551 3613 sensus
2566 3582 2583 3615 ε
2599 3590 2626 3609 ιι
2644 3570 2698 3615 In

1662 3644 1741 3692 his
1780 3642 1941 3693 hortis
1980 3658 2075 3706 ego
2118 3658 2221 3690 non
2264 3644 2425 3691 colum
2474 3648 2699 3695 suaviter

1663 3740 1803 3787 agere
1828 3732 2125 3770 senectutem
2146 3757 2162 3781 ,
2197 3721 2285 3769 sed
2310 3722 2455 3771 etism
2482 3722 2697 3774 honeste

1660 3801 1973 3865 iucundeque
1998 3799 2123 3847 mori
2140 3814 2217 3847 me
2238 3816 2383 3863 posse
2420 3802 2641 3853 confido
2658 3826 2698 3851 ι.

1662 3881 1943 3929 Eunu-ns.

1742 3974 1822 4007 xo.
1846 3960 1921 4006 De
1945 3958 2032 4005 illo
2060 3957 2278 4005 Ostiensi.
2296 3959 2418 4008 Seii.
2450 3960 2514 4008 de
2548 3962 2669 4011 villa
2686 3998 2700 4021 ,

1662 4054 1809 4105 quam
1836 4038 1889 4083 in
1916 4037 2127 4084 Ostiensi
2163 4036 2313 4087 habet
2340 4038 2487 4089 Cotta
2508 4075 2525 4098 ,
2570 4041 2699 4091 nihil

567 4117 868 4173 Var.Hist.1
893 4150 908 4175 ,
936 4114 1025 4171 16,
1046 4113 1190 4161 docet
1207 4144 1222 4171 ,
1239 4110 1450 4179 ἕντάφιον
1463 4132 1569 4165 enee
1656 4129 1730 4167 est
1756 4114 2087 4183 cogitandum.
2122 4116 2218 4165 En.
