3019 4681
663 374 1178 446 EP1smLAE
1225 373 1364 442 AD
1411 369 1915 458 AT‘rlctJM,
1962 373 2101 454 lx,
2153 394 2258 440 11.
2436 393 2519 465 9¹

407 502 514 570 uti
549 496 767 584 velle,
805 497 1027 591 gratia
1047 549 1066 582 ,
1109 492 1460 590 dignitate
1479 545 1500 577 ,
1538 515 1679 590 ope
1707 517 1951 564 rerum
1990 494 2341 564 omnium.
2389 497 2535 564 Re·-

405 606 737 706 spondit,
781 628 858 676 se
899 629 1052 676 non
1087 601 1462 690 dubitare,
1499 603 1677 698 quin
1711 617 1783 674 ct
1826 627 2081 700 opem,
2124 618 2197 674 et
2233 605 2531 699 gratiam

408 741 642 788 meam
699 714 818 786 ille
875 712 964 784 ad
1025 711 1591 810 pacificationem
1641 727 2018 808 quaereret.
2067 714 2359 790 Utinam
2404 713 2537 786 ali-

408 818 608 918 quod
659 820 732 890 in
773 819 910 894 hac
947 820 1230 892 miseria
1269 817 1685 915 reipublicae
1732 813 2095 894 πολιτικὸνὸ
2144 843 2331 916 opus
2374 815 2535 896 effi-

407 954 568 1004 cere
611 944 686 1000 et
726 953 988 1002 navare
1043 926 1222 1000 mihi
1279 924 1515 1003 liceat!
1576 929 1843 1004 Matius
1888 925 2183 1024 quidem
2226 941 2299 1000 et
2331 926 2539 1002 illum

407 1040 486 1110 in
525 1041 1008 1112 ea'sententia
1051 1061 1204 1112 esse
1253 1035 1706 1123 confidebat,
1752 1051 1827 1110 et
1860 1062 1937 1114 se
1978 1051 2343 1116 auctorem
2384 1035 2541 1114 fore

409 1147 908 1247 pollicebatur.
955 1148 1191 1220 Pridie
1226 1162 1466 1220 autem
1501 1146 1699 1244 apud
1732 1171 1851 1224 me
1880 1149 2245 1245 Crassipes
2271 1145 2542 1233 fuerat,

408 1259 536 1356 qui
571 1271 658 1328 *se
709 1257 943 1356 pridie
993 1281 1224 1328 nonas
1272 1272 1478 1328 mart.
1528 1257 1909 1328 Brundisio
1953 1255 2398 1356 profectum,
2434 1269 2543 1326 at-

411 1393 557 1467 que
607 1366 708 1438 ibi
754 1369 1175 1466 Pompeium
1229 1367 1604 1467 reliquisse
1658 1365 1985 1458 dicebat3
2038 1367 2237 1466 quod
2290 1369 2544 1462 etiam,

410 1477 540 1576 qui
569 1503 669 1548 111
697 1477 860 1548 idus
888 1477 1084 1547 illinc
1113 1475 1422 1575 profecti
1449 1493 1689 1566 erant,
1717 1479 2191 1552 nuntiabant:
2228 1477 2346 1554 illa
2374 1501 2549 1550 vero

413 1612 712 1675 omnes,
773 1591 852 1658 in
913 1587 1182 1684 quibus
1243 1591 1460 1658 etiam
1505 1592 1873 1686 Crassipes
1934 1589 2114 1689 (qui
2166 1587 2553 1690 prudentia

410 1699 651 1797 potis9
690 1695 1142 1791 attendere),
1181 1721 1551 1770 sermones
1594 1699 1947 1787 minaces»,
1986 1698 2317 1772 inimicos
2355 1699 2546 1794 opti-

411 1811 712 1880 matium
739 1819 826 1894 ¹0,
871 1807 1440 1904 municipiorum
1481 1806 1763 1894 hostes,
1800 1833 2033 1879 meras
2078 1808 2547 1906 proscriptio·-

415 1943 585 2005 nes,
623 1942 863 1989 meros
907 1915 1178 1988 Sullas:
1221 1941 1382 2014 quae
1422 1918 1807 1990 Lucceium
1848 1917 2093 2016 loqui?
2127 1941 2287 2015 quae
2320 1929 2547 1985 totam

413 2029 801 2100 Graeciam?
834 2052 994 2125 quae
1030 2051 1202 2100 vero
1236 2025 1753 2124 Theophanem
1775 2039 1795 2068 ¹
1814 2027 1881 2098 Ῥ
1916 2032 2004 2101 Et
2035 2042 2275 2102 tamen
2308 2026 2547 2100 omnis

415 2165 578 2239 spes
625 2141 870 2211 salutis
930 2140 1007 2208 in
1066 2137 1200 2210 illis
1247 2152 1400 2208 est:
1446 2152 1518 2208 et
1564 2161 1701 2236 ego
1748 2137 2031 2210 excubo
2086 2141 2364 2221 aniam,
2414 2159 2549 2205 nec

417 2263 693 2349 partem
739 2247 954 2320 ullam
1010 2249 1216 2346 capio
1275 2247 1573 2343 quietis;
1624 2263 1734 2334 et,
1784 2265 1867 2322 ut
1904 2247 2032 2322 has
2080 2257 2403 2348 pestes¹²
2452 2243 2553 2316 ef-

417 2359 726 2459 fugiam,
782 2383 946 2430 cum
1013 2356 1496 2430 dissimillimis
1560 2366 1788 2429 nostri
1846 2385 1999 2431 esse
2060 2362 2297 2457 cupi0.
2353 2358 2551 2449 Quid

420 2471 613 2539 enim
667 2482 748 2539 tu
803 2468 945 2539 illic
985 2469 1426 2563 Scipionem,
1471 2466 1655 2564 quid
1690 2476 2071 2557 Faustum,
2108 2467 2286 2567 quid
2329 2466 2553 2538 Libo-

419 2604 588 2651 nem
637 2580 1284 2676 praetermissurum
1331 2576 1617 2649 sceleris
1668 2581 1921 2676 putas?
1965 2604 2280 2677 quorum
2326 2577 2553 2649 credi-

421 2704 616 2760 tores
651 2684 1122 2759 convenire¹³
1162 2687 1524 2759 dicuntur.
1586 2686 1780 2778 Quid
1833 2714 1957 2761 eos
1994 2704 2276 2771 autem,
2320 2709 2551 2783 quum

424 2794 728 2865 vicerint
748 2848 768 2881 ,
804 2796 877 2862 in
911 2794 1100 2865 cives
1123 2791 1554 2864 effecturos?
1579 2796 1818 2884 Quam
1848 2820 2022 2865 vero
2050 2790 2553 2891 μακροψυχίανῐᾶ

425 2906 621 2977 Cnaei
672 2907 896 2974 nostri
962 2902 1172 2975 esse?
1231 2906 1570 2974 nuntiant
1622 2906 2039 3003 AEgyptum,
2096 2919 2167 2975 et
2221 2900 2553 2999 Arabiam

495 3098 545 3143 8.
580 3091 837 3144 Πολιτικόν.
875 3093 1042 3153 civila-
1073 3110 1228 3157 opns,
1285 3094 1447 3159 reipu-

424 3174 564 3222 blicae
589 3173 724 3221 utile.

497 3270 546 3316 9.
593 3252 692 3316 Qui
707 3248 716 3255 ’
725 3250 991 3316 prudentia
1028 3252 1175 3315 potis.
1223 3252 1443 3298 Groevius

427 3348 560 3397 :qm
585 3330 860 3395 prudentia,
895 3331 1025 3395 potis
1041 3352 1081 3378 ιι..
1103 3332 1185 3377 Sc.
1213 3346 1306 3393 qna
1329 3344 1444 3393 pru-

428 3411 586 3459 dentis
607 3412 710 3457 haec
729 3411 912 3469 jactent
931 3410 1102 3473 palam.
1127 3412 1310 3457 Locum
1333 3424 1447 3455 cor-

1534 3096 1726 3163 piornm
1768 3099 1883 3161 quia
1936 3114 1987 3145 se
2032 3096 2164 3145 ultro
2221 3094 2405 3147 cauri
2450 3093 2552 3145 fere

1534 3178 1697 3225 omnia
1718 3174 2021 3225 dediderant.
2051 3176 2172 3223 Caes.
2197 3174 2257 3220 de
2285 3174 2342 3219 B.
2368 3172 2423 3219 C.
2454 3174 2492 3223 Ι.

1612 3272 1631 3303 1
1648 3274 1665 3303 ι
1680 3291 1691 3301 .
1737 3256 2029 3305 Lucceium..
2051 3291 2063 3303 .
2085 3291 2096 3302 .
2121 3286 2134 3299 .
2193 3249 2552 3314 Theophanem.

1534 3335 1649 3383 vid.
1677 3350 1753 3398 ep.
1785 3348 1805 3381 ι
1832 3335 1879 3383 h.
1907 3335 1942 3383 l.
1962 3360 2035 3377 ν-ν
2085 3335 2256 3379 Totam
2286 3328 2551 3375 Graeciam.

1536 3417 1732 3463 Grecos
1770 3412 1989 3479 Pompeii
2022 3411 2223 3461 libertos
2257 3420 2309 3457 et
2344 3408 2547 3464 amieos,

428 3500 624 3553 ruptum
645 3489 714 3536 sic
734 3488 1006 3536 emendavit
1034 3489 1269 3536 Graevius.
1299 3487 1446 3550 Quod
1536 3496 1620 3561 qui
1648 3492 1778 3558 apud
1816 3510 1923 3541 eum
1956 3509 2048 3557 pro
2086 3492 2187 3551 ejus
2216 3488 2450 3552 dignitate
2480 3486 2555 3533 ni-

429 3570 469 3617 si
495 3568 646 3617 'ninii
670 3567 814 3615 verba
839 3582 944 3615 non
971 3567 1120 3615 habes
1134 3602 1148 3623 ,
1178 3578 1229 3614 at
1255 3576 1446 3614 senten-

431 3648 544 3696 tiam
579 3648 726 3697 habes
765 3648 974 3713 aliquam
993 3680 1010 3705 ,
1035 3662 1188 3711 quum
1221 3646 1356 3695 nullu
1384 3662 1450 3692 ex

431 3727 636 3791 vulgatis
665 3728 776 3776 elici
814 3727 982 3790 possit.
1025 3729 1272 3774 Praeeunte
1303 3726 1450 3787 igitur

431 3808 729 3870 Mons-ltin,
741 3807 996 3856 Gravium
1011 3807 1232 3867 sequitur
1251 3808 1282 3853 J
1286 3806 1371 3853 N.
1392 3806 1448 3850 L.

431 3887 484 3933 in
504 3887 721 3934 versione
763 3886 950 3949 gallica.
976 3884 1088 3933 Sch.
1131 3886 1259 3944 conj.
1300 3898 1448 3946 «quae

430 3976 652 4031 portenta
671 3977 812 4029 putas
832 3964 1086 4013 wonder-e
1097 3984 1140 4009 n.
1157 3964 1250 4011 En.

511 4058 588 4092 xo.
643 4044 977 4108 optimatium.
1021 4044 1105 4091 Sc.
1155 4056 1324 4089 eorum
1361 4040 1448 4105 qut

435 4122 720 4186 Pompeium
741 4138 842 4172 non
865 4125 1058 4187 nequ-ii
1075 4131 1206 4171 sut.
1234 4120 1448 4169 Munici-

1536 3575 1685 3620 m’mm
1705 3583 1840 3621 erant
1860 3570 2073 3636 gratiosi.
2098 3572 2190 3617 En.

1608 3668 1695 3703 ιι.
1728 3654 1833 3703 Has
1851 3664 2027 3715 pestes.
2050 3647 2369 3707 Caurium}-
2408 3647 2555 3700 MAN.

1618 3730 1693 3778 13.
1727 3728 2001 3777 convenire.
2028 3730 2087 3775 ln
2113 3726 2232 3774 urbe
2258 3739 2271 3773 τ
2302 3736 2355 3773 ut
2384 3740 2552 3771 eorum

1536 3809 1665 3856 bona
1692 3807 1916 3855 vendant.
1944 3809 2095 3855 Ῑοιι.

1616 3888 1697 3935 ι4.
1725 3872 2080 3940 Μακροψυχῖαν.
2110 3872 2493 3938 Longanimitas,
2512 3871 2553 3917 si

1536 3958 1745 4006 hanam
1779 3954 1979 4003 verbum
2030 3968 2189 4018 greco
2241 3967 2327 4017 par
2372 3948 2553 4013 fingere

1536 4037 1681 4096 veiis,
1706 4034 2016 4100 significat-ur,
2040 4042 2089 4081 et
2112 4031 2301 4081 infinit-
2328 4030 2553 4093 quedam

1536 4128 1585 4166 et
1602 4116 1846 4166 obstinu-
1873 4114 1999 4163 nti·
2016 4110 2305 4163 obsistendi.
2332 4109 2554 4155 vtem.
