3019 4681
740 356 839 422 M.
870 357 948 423 T.
990 357 1159 426 CIC.
1204 357 1476 425 EPIST.
1509 361 1638 428 AD
1665 361 1956 430 ATTIC.
2000 366 2170 450 XII,
2213 388 2273 434 1.
2440 395 2574 467 227

354 564 359 570 q
442 479 897 572 congressuri
940 501 1230 566 sumus,
1274 476 1548 551 scribes
1590 479 1682 552 ad
1721 505 1840 552 me
1863 537 1884 572 ‚
1927 484 1986 554 si
2022 486 2202 581 quid
2247 487 2572 563 habebis.

442 589 692 678 Quum
741 586 1254 685 complicarem
1306 588 1497 662 hanc
1546 592 1924 690 epistolam
1951 649 1972 682 ‚
2024 597 2584 676 noctuabundus

444 694 538 768 ad
582 721 697 770 me
736 702 933 768 venit
968 722 1137 770 cum
1167 701 1489 798 ‘epistola
1529 718 1658 773 tua
1699 702 2153 795 tabellarius3
2197 733 2342 804 qua
2373 711 2586 802 lecta,

444 807 535 878 de
560 809 807 878 Atticae
836 806 1185 880 febricula
1216 811 1485 882 scilicet
1509 809 1541 856 ⁵
1575 812 1779 885 valde
1804 813 2024 885 dolui.
2059 815 2359 914 Reliqua
2377 873 2396 909 ,
2426 847 2588 918 quae

445 915 991 1013 exspectabam,
1030 943 1119 989 ex
1148 923 1289 990 tuis
1316 920 1544 992 literis
1577 927 1887 1019 cognovi
1914 927 2176 996 omnia.
2213 927 2354 1001 Sed
2387 933 2586 1026 quod

447 1022 705 1094 scribis
724 1077 744 1108 ‚
782 1025 1241 1122 «igniculum
1281 1029 1768 1116 matutinum3
1813 1059 1846 1095 v>
1875 1039 2381 1130 γεροντικῶτερον
2403 1033 2436 1080 ⁶
2481 1053 2590 1108 est

446 1132 867 1202 memoriola
894 1133 1243 1205 vacillare.
1286 1139 1438 1232 Ego
1474 1139 1672 1209 enim
1705 1163 1776 1208 iv
1810 1137 1948 1211 kal.
1973 1144 2153 1212 Axio
2173 1141 2512 1216 dederam
2532 1161 2586 1232 7,

446 1239 585 1312 tihi
623 1266 706 1313 111
730 1295 749 1330 ‚
814 1244 1137 1334 Quinte,
1185 1269 1335 1341 quo
1390 1245 1508 1318 die
1559 1251 1956 1336 venissem,
1998 1251 2074 1320 id
2111 1267 2257 1342 est,
2287 1278 2330 1322 v
2369 1250 2588 1327 kam.

448 1355 603 1422 Hoc
642 1353 863 1449 igitur
906 1352 1229 1427 habebis.
1276 1356 1463 1428 Novi
1515 1357 1714 1428 nihil.
1761 1359 1956 1450 Quid
2007 1384 2179 1457 ergo
2215 1387 2404 1460 opus
2440 1382 2592 1437 erat

450 1462 815 1561 epistola?
858 1463 1056 1555 Quid
1088 1517 1107 1553 ,
1160 1489 1389 1561 quum
1446 1491 1691 1538 coram
1745 1493 1995 1540 sumus
2025 1525 2045 1556 ‚
2109 1485 2182 1542 et
2237 1476 2591 1568 garrimus

446 1565 810 1666 quidquid
844 1571 921 1640 in
966 1569 1327 1642 buccam?
1382 1575 1507 1643 Est
1551 1573 1883 1671 profecto
1925 1575 2272 1672 quiddam
2303 1585 2493 1676 λέσχη
2525 1589 2590 1682 9,

443 1678 905 1804 quaedbabess
961 1683 1239 1752 etiamsi
1297 1682 1484 1752 nihil
1532 1682 1784 1757 subest
1821 1740 1841 1773 ‚
1898 1685 2384 1760 collocutione
2439 1693 2592 1788 ipsa

442 1803 887 1864 suavitatem.

512 1925 562 1973 5.
580 1923 662 1973 Al.
682 1923 935 1973 videlieet.
956 1926 987 1973 J
992 1958 1005 1971 .
1023 1925 1088 1972 V.
1112 1925 1166 1972 1..
1557 1919 1830 1984 scripserim
1849 1920 1912 1967 ad
1927 1919 2088 1968 literas
2105 1921 2384 1972 exurendas.
2404 1928 2586 1976 Gnaev.

510 2003 561 2050 6.
580 1999 970 2070 Γεροντυιώτιρον
984 2013 1069 2052 est.
1090 2005 1283 2068 «Magis
1298 2003 1469 2066 senile,
1633 2017 1680 2062 ⁶7.
1703 2000 1964 2048 Dederam.
1989 2003 2148 2066 Supp.
2178 2001 2335 2066 diem,
2357 2014 2415 2052 ut
2440 2007 2584 2072 epist.

438 2081 593 2144 magis
618 2083 754 2144 quasi
780 2082 1029 2147 proprium
1049 2098 1218 2130 senum
1230 2105 1272 2131 n.
1301 2081 1462 2132 Coun,
1557 2077 1714 2126 «diem
1728 2079 2034 2143 Tyrannioni
2047 2081 2443 2133 constituemus».
2461 2087 2584 2134 Sane

446 2159 663 2208 Atticum
690 2159 925 2222 objecisse
947 2159 1173 2209 Ciceroni
1204 2159 1467 2230 γεροντικὸν
1557 2157 1684 2206 diem
1695 2157 1824 2206 Axio
1835 2157 2220 2218 dederat‚utuna
2229 2165 2586 2214 eoemrent.En.

442 2255 546 2286 esse
583 2241 697 2303 igne
730 2239 972 2287 matutino
1000 2241 1073 2286 uti
1098 2239 1193 2286 hoc
1219 2251 1465 2306 tempore,
1633 2239 1681 2286 8.
1722 2233 1778 2284 11
1821 2237 2017 2285 kalend.
2062 2239 2197 2301 quod
2241 2239 2423 2290 habent
2460 2255 2580 2294 vett.

438 2317 889 2383 apparetexverbis
901 2317 1069 2383 paullo
1088 2329 1201 2383 post
1218 2319 1467 2381 subiectis:
1557 2315 1672 2364 edd.
1713 2315 1986 2364 emendatio
2022 2327 2094 2366 est
2133 2319 2377 2381 Manutii,
2406 2322 2516 2383 jure
2553 2342 2580 2373 a

442 2400 583 2447 -Hoc
624 2400 775 2463 igitur
796 2398 1047 2449 habebis».
1088 2400 1203 2460 Quo
1228 2396 1471 2465 signifieat
1555 2396 1722 2445 multis
1743 2395 1982 2443 damnata.
2006 2398 2060 2445 J.
2079 2398 2143 2444 V.
2166 2398 2290 2445 1..—
2303 2400 2486 2449 Multas
2507 2420 2584 2451 ra-

437 2494 489 2525 se
505 2514 520 2538 ‚
547 2492 603 2528 ut
624 2480 763 2528 illum
795 2490 1034 2545 repuugat
1046 2513 1063 2544 ,
1078 2476 1463 2548 γεροντικώτερον
1555 2475 1713 2526 tiones
1729 2474 1867 2522 addit
1901 2475 2198 2539 Mongaltius
2214 2512 2229 2535 ,
2269 2494 2388 2543 quas
2407 2482 2582 2531 referre

436 2558 621 2622 aliquid
647 2560 705 2607 εἷ’
717 2558 1059 2623 exprobrasse,
1082 2558 1327 2605 memoria
1352 2556 1461 2605 scil.
1551 2555 1934 2622 supersedemus.
1957 2556 2045 2603 En.

436 2636 807 2686 vacillationem.
832 2639 959 2687 Nam
979 2637 1107 2685 «hoe
1140 2637 1291 2703 igitur
1310 2634 1461 2684 habe-
1623 2651 1673 2699 9.
1688 2632 1862 2697 Λὲσχη.
1880 2634 2250 2698 Consabedaeio,
2268 2638 2580 2704 colloquium.

437 2714 543 2763 bis»
579 2730 681 2777 εει,
714 2716 812 2765 hoc
848 2716 939 2764 tibi
965 2717 1231 2780 repositum
1249 2716 1338 2773 sit,
1375 2710 1463 2778 qui
1549 2712 1834 2778 Respondet
1872 2713 1918 2758 ei
1952 2712 2246 2773 objectioni,
2281 2732 2424 2779 quam
2473 2721 2578 2784 ipse

436 2794 558 2843 mihi
603 2795 727 2843 vitio
777 2796 968 2844 vertisti
992 2783 1255 2864 γιροντικὸῦ
1299 2793 1423 2841 illud
1440 2826 1455 2849 ,
1549 2792 1644 2841 sibi
1684 2809 1746 2839 ex
1789 2792 1941 2839 Attici
1981 2808 2187 2857 persona
2225 2792 2368 2859 fingit
2398 2809 2413 2846 :
2452 2799 2572 2862 quid

434 2873 572 2939 quod
596 2874 757 2940 ignem
777 2876 1066 2923 matutinum
1084 2891 1162 2922 me
1188 2874 1461 2937 desiderat-9
1551 2871 1772 2938 oportuit
1797 2871 1989 2920 mittere
2013 2874 2180 2922 inanes
2205 2866 2402 2925 literas?
2438 2878 2574 2928 Mu..

714 3010 1265 3033 mm
1268 3008 2374 3033 mmmmm-‘m
2377 3014 2560 3035 mm

1114 3141 1728 3221 EPISTOLA
1787 3140 1899 3218 ΙΙ.

434 3308 522 3361 De
552 3302 885 3362 rumoribus
910 3302 1261 3381 quibusdam
1290 3322 1362 3361 ex
1390 3302 1589 3361 Africa
1607 3344 1624 3373 ,
1645 3313 1704 3360 et
1736 3300 1809 3358 de
1839 3298 1992 3360 ludis
2023 3301 2420 3361 Praenestianis
2445 3306 2572 3382 qui-

512 3399 623 3459 bus
652 3402 959 3460 Caesariani
974 3401 1258 3459 intersint.
1278 3404 1536 3472 (Romae,
1563 3416 1717 3456 anno
1739 3402 1813 3457 U.
1840 3400 1906 3455 C.
1929 3416 2063 3469 707,
2085 3416 2275 3455 mense
2295 3400 2492 3476 maio.)

1100 3540 1413 3605 CICERO
1460 3539 1782 3603 A'ITICO
1827 3538 1891 3601 S.

528 3668 663 3734 Hm
690 3686 1023 3733 rumores
1058 3670 1339 3757 tamen¹
1363 3711 1381 3743 ,
1414 3660 1798 3728 Murcum²
1831 3658 2121 3752 periisse
2154 3656 2566 3756 naufragi03

510 3817 557 3849 1.
592 3802 789 3850 Tamen.
822 3800 991 3848 Utitur
1015 3796 1315 3846 adversativa
1350 3810 1460 3860 par·
1551 3812 1652 3843 non
1680 3810 1782 3841 esse
1801 3793 2186 3854 adversativum,
2203 3807 2258 3845 ut
2277 3797 2334 3847 fit
2353 3798 2574 3865 aliquan-

434 3880 579 3931 tIenla
597 3914 613 3939 ,
638 3891 696 3928 ut
722 3880 937 3928 Atticum
973 3877 1075 3925 faui
1096 3876 1301 3935 doceat,
1340 3874 1459 3923 dum
1550 3874 1636 3923 do.
1659 3872 1740 3921 Ad
1767 3873 1878 3919 Div.
1901 3874 2001 3931 tx,
2030 3890 2092 3937 ¹9
2113 3889 2125 3923 :
2145 3878 2402 3925 «Tenem.
2429 3880 2571 3927 mali-

432 3960 685 4017 scriberet,
712 3976 763 4008 se
778 3970 949 4025 putare
964 3958 1087 4006 nibil
1108 3956 1229 4005 novi
1249 3959 1457 4005 Romam
1547 3956 1613 4005 tin
1635 3968 1740 4001 non
1766 3952 2026 4000 discedis».
2053 3956 2146 4003 En.

435 4040 631 4087 allatum
657 4056 788 4096 esse,
806 4052 983 4102 exquo
1004 4036 1121 4083 inde
1142 4036 1455 4084 discessisset.
1619 4048 1668 4081 α.
1696 4034 1933 4080 Murcum.
1963 4036 2168 4082 Statium
2193 4036 2448 4097 Murcum,
2465 4040 2573 4089 Cae-

435 4120 634 4167 Bosws.
662 4146 729 4156 -
759 4118 851 4166 Sed
877 4118 1033 4181 possit
1074 4131 1272 4181 quoqne
1299 4128 1459 4165 tamen
1550 4115 1667 4162 saris
1688 4113 1930 4179 legatum,
1952 4115 2036 4178 qui
2059 4117 2108 4163 in
2127 4118 2358 4180 Hispania
2386 4136 2496 4166 cnm
2523 4119 2582 4165 ffi-

2281 4201 2383 4269 1¹3.
