3019 4681
743 355 1258 425 EPISTOLAE
1307 357 1499 428 CIC.
1554 359 1681 428 ET
1730 356 2082 440 BRUTI,
2124 353 2195 422 6.
2393 351 2539 423 663

404 478 594 546 nisse
638 478 716 546 in
767 477 1256 574 suspicionem
1279 475 1308 520 ³
1363 481 1729 576 Torquato
1749 477 1781 538 4
1837 477 1929 552 de
1974 490 2209 550 morte
2260 481 2499 548 Pansae
2518 531 2539 560 ‚

405 583 940 682 custodirique,
976 600 1060 656 ut
1101 589 1545 684 parricidam.
1587 587 1780 660 Nihil
1814 591 2058 658 minus
2096 587 2539 659 credendum

405 708 535 765 est.
584 696 764 786 Quis
822 698 1014 767 enim
1069 699 1420 794 majorem
1476 699 1947 780 ,calamitatem
2010 713 2245 769 morte
2298 699 2541 768 Pansae

403 805 733 900 accepit?
767 808 1115 879 Praeterea
1133 822 1242 880 est
1266 807 1641 882 modestus
1670 809 1891 883 homo
1917 863 1938 895 ‚
1964 822 2037 880 et
2060 806 2287 904 frugi;
2319 831 2541 904 quem

404 937 498 984 ne
537 914 804 987 utilitas
846 913 1146 1013 quidem
1185 917 1511 991 videatur
1551 919 1951 1017 impulsura
1985 916 2206 991 fuisse
2238 917 2328 988 ad
2366 915 2539 988 faci-

402 1048 566 1095 nus.
601 1029 804 1122 Rogo
844 1043 951 1114 te,
986 1041 1060 1098 et
1095 1029 1394 1125 quidem
1433 1029 1640 1102 valde
1678 1031 1911 1126 rogo(
1938 1055 2106 1100 nam
2132 1023 2539 1100 Achilleus⁵

403 1148 652 1206 noster
679 1159 830 1205 non
861 1139 1102 1207 minus
1123 1191 1142 1225 ‚
1167 1163 1388 1236 quam
1416 1140 1705 1238 aeqimm
1732 1153 1875 1228 est,
1898 1137 2257 1237 laborat),
2282 1141 2541 1236 eripias

404 1269 572 1315 eum
611 1268 698 1315 ex
752 1245 1077 1316 custodia
1101 1300 1120 1335 ‚
1164 1273 1695 1348 conseryesque
1732 1279 1747 1321 :
1792 1249 1936 1322 hoc
1982 1275 2118 1348 ego
2170 1247 2259 1320 ad
2297 1272 2543 1320 meum

403 1351 728 1426 officium
763 1355 1208 1453 privatarum
1250 1382 1498 1430 rerum
1538 1385 1782 1457 aeque,
1819 1374 2040 1456 atque
2078 1358 2297 1432 ullam
2331 1356 2540 1439 aliam

401 1489 554 1536 rem
591 1467 956 1564 pertinere
992 1465 1325 1540 arbitror.

501 1578 747 1668 Quum
782 1575 912 1648 has
933 1575 1023 1648 ad
1050 1592 1120 1648 te
1155 1576 1543 1648 scriberem
1572 1577 1813 1648 literas
1831 1631 1851 1664 ,
1878 1573 1970 1646 ab
2006 1575 2234 1646 Satrio
2255 1627 2276 1660 ,
2302 1572 2542 1670 legato

403 1688 481 1756 C.
517 1685 901 1774 Trebonii‚
933 1684 1214 1759 reddita
1243 1702 1349 1758 est
1379 1686 1561 1756 mihi
1586 1685 1922 1785 epistola,
1956 1709 1998 1755 a
2024 1679 2279 1754 Tillio⁶
2310 1697 2384 1752 et
2406 1688 2543 1753 De·

399 1795 638 1891 jotaro
686 1795 1132 1869 Dolabellam
1174 1820 1435 1869 caesum
1484 1793 1960 1895 fugatumque
2004 1817 2177 1866 esse.
2217 1795 2539 1863 Graecam

405 1907 782 2004 epistolam
825 1907 957 1979 tibi
1010 1911 1173 1980 misi
1211 1907 1563 2005 Cycherei
1609 1901 2033 2001 cujusdam,
2082 1900 2173 1974 ad
2228 1901 2540 1973 Satrium

404 2016 713 2086 missam.
745 2015 1022 2088 Flavius
1058 2031 1305 2090 noster
1341 2015 1431 2088 de
1473 2015 1993 2100 controversia,
2050 2036 2271 2109 quam
2319 2007 2543 2080 habet

406 2149 576 2196 cum
609 2125 1124 2224 Dyrrhachinis
1158 2126 1702 2214 hereditariam,
1745 2124 2050 2222 sumpsit
2095 2137 2168 2194 te
2197 2119 2535 2217 judicem.

405 2240 612 2333 Rogo
634 2249 745 2323 te,
765 2239 1018 2308 Cicero
1038 2292 1057 2326 ,
1081 2251 1156 2307 et
1175 2236 1455 2308 Flavius
1487 2250 1731 2334 rogat,
1768 2259 1921 2305 rem
1954 2229 2310 2304 conficias».
2343 2226 2535 2319 Quin

407 2346 474 2417 ei
493 2400 512 2432 ‚
535 2348 662 2443 qui
690 2346 1010 2418 Flavium
1026 2346 1194 2443 fecit
1209 2346 1553 2420 heredem
1567 2402 1586 2436 ‚
1612 2346 1992 2445 pecuniam
2024 2342 2357 2415 debuerit
2374 2339 2539 2410 civi-

405 2470 552 2542 taS‚
587 2481 738 2527 non
769 2471 870 2529 est
909 2450 1213 2529 dubium
1250 2484 1265 2527 τ
1305 2482 1546 2556 neque
1578 2452 2057 2553 Dyrrhachini
2095 2449 2540 2533 infitiantur;

406 2566 534 2641 sed
581 2568 718 2640 sibi
757 2568 1111 2641 donatum
1154 2592 1246 2640 aes
1289 2567 1604 2640 alienum
1647 2591 1688 2638 a
1742 2570 2013 2638 Caesare
2060 2562 2333 2633 dicunt.
2374 2558 2541 2631 Noli

403 2680 596 2774 pati,
635 2706 676 2751 a
703 2681 1116 2751 necessariis
1159 2679 1302 2751 tuis
1346 2678 1748 2751 necessario
1795 2700 1957 2747 meo
1990 2674 2328 2771 injuriam
2360 2667 2538 2742 fieri.

405 2810 556 2857 xvn
587 2786 872 2859 kalend.
899 2773 1056 2883 jun.
1091 2792 1200 2861 Ex
1237 2790 1521 2878 castris,
1558 2788 1647 2859 ad
1684 2788 1901 2859 imam
1935 2783 2369 2856 Candaviam
2388 2792 2439 2849 ⁷.

477 2996 530 3044 3.
553 2999 611 3046 In
628 2996 970 3062 suspicionem.
989 3000 1218 3063 Legimus
1235 3008 1285 3047 et
1297 3000 1430 3064 apud
1588 3000 1641 3049 6.
1690 2998 1859 3047 mio.
1886 2996 2057 3045 'ramo
2082 2994 2282 3045 Cimbro
2296 3028 2312 3053 ,
2342 2992 2428 3055 qui
2458 2988 2539 3039 Bi-

405 3076 710 3137 Suetonium,
727 3086 998 3139 suspectam
1027 3078 1194 3125 Pansoe
1221 3089 1430 3127 mortem
1465 3088 1470 3093 “
1519 3076 1740 3141 thyniam
1752 3073 2133 3125 administrabat.
2149 3073 2265 3131 Dio,
2280 3070 2320 3119 l.
2337 3067 2539 3123 va113

405 3154 554 3203 fuisse
567 3190 582 3214 ,
609 3154 946 3218 medicumque
970 3154 1246 3218 Glyconem
1272 3167 1431 3203 custo-
1516 3154 1793 3218 Appianas,
1810 3153 1896 3200 lib.
1918 3154 2018 3209 1113
2040 3147 2282 3198 Plutarch.
2296 3148 2349 3193 in
2368 3148 2538 3194 Bruto.

409 3234 566 3284 ditum
607 3250 735 3292 esse,
775 3234 915 3298 qussi
958 3248 1202 3281 venenum
1236 3234 1430 3283 vulneri
1518 3236 1596 3281 In.
1618 3258 1688 3269 -—
1708 3230 1855 3293 vulg.
1874 3228 2025 3286 male,
2054 3224 2230 3274 Tullio.
2253 3226 2303 3273 J.
2324 3226 2386 3272 V.
2412 3225 2469 3270 L.

407 3315 680 3364 indidisset.
715 3312 864 3378 Quod
891 3322 941 3361 et
970 3312 1167 3360 Tacitus
1191 3311 1281 3363 lib.
1319 3314 1345 3361 1
1363 3313 1430 3360 si·
1590 3328 1645 3372 7.
1676 3307 1991 3366 Candaviam.
2032 3306 2183 3365 Cuius
2202 3312 2390 3351 montes
2408 3304 2541 3365 Dyr-

407 3394 787 3459 gummarus«.
1515 3387 1721 3443 rhachio
1754 3402 1889 3437 uxx
1922 3384 2101 3435 distare
2138 3382 2343 3438 Plinius,
2370 3380 2535 3429 tradit.

479 3484 532 3532 4.
566 3476 824 3537 Torquato.
841 3472 1214 3533 Ciu-Torquato
1233 3468 1428 3536 potissi·
1499 3468 1661 3517 'Mun
1677 3494 1744 3505 -
1764 3464 2107 3516 Macedoniam
2131 3461 2194 3510 ab
2220 3460 2389 3524 Illyri·
2408 3460 2541 3508 Can-

407 3554 580 3603 mun?
607 3552 720 3616 quis
745 3552 912 3600 Panse
933 3560 1148 3615 quator
1174 3550 1428 3609 fuerumt
1515 3546 1657 3595 davia
1684 3543 1955 3609 separabat.
1994 3542 2151 3606 Epist.
2188 3538 2251 3587 ad
2286 3538 2504 3588 Atticum
2521 3569 2539 3597 ‚

407 3648 472 3681 ex
488 3632 716 3696 Appiano
733 3630 1068 3695 eognovimus.
1097 3630 1253 3677 Innn.
1516 3628 1593 3675 111
1612 3659 1628 3685 ,
1662 3641 1711 3687 7.
1755 3626 2011 3684 Lucanus,
2046 3624 2149 3683 vl,
2188 3620 2285 3669 331
2310 3632 2327 3667 :
2369 3640 2397 3661 ιι
2428 3619 2535 3679 Qus

482 3712 530 3759 5.
559 3708 825 3759 Achilleus.
845 3710 940 3755 Pro
955 3706 1169 3757 Achilles
1181 3724 1204 3765 ,-
1227 3706 1291 3755 ad
1309 3721 1431 3771 ςτε-
1519 3718 1679 3755 vastos
1720 3706 1875 3771 sperit
1907 3702 2153 3752 Candavia
2190 3699 2363 3755 ultus,
2397 3697 2536 3746 Con-

409 3804 516 3837 cm
549 3786 830 3837 inflectendi
867 3788 1104 3837 tationem
1125 3822 1142 3849 ,
1183 3797 1239 3835 ut
1273 3800 1426 3850 quun
1517 3786 1626 3850 tigit
1652 3786 1916 3837 Emathiam
1933 3815 1949 3843 ,
1987 3782 2119 3832 bello
2144 3794 2289 3846 qum
2312 3778 2411 3826 tnta
2442 3791 2535 3841 pn-

412 3868 538 3919 dixit
549 3904 566 3933 ,
583 3866 830 3919 Achilleos
845 3866 1018 3915 nostri.
1045 3868 1198 3917 lou.
1516 3864 1691 3914 rabant
1706 3884 1748 3911 ο.
1786 3864 1883 3913 13».

1195 4018 1764 4050 ψ*
