3019 4681
515 367 648 420 100
1148 333 1249 400 M.
1298 329 1379 397 T.
1430 319 1988 404 CICERONIS

508 471 701 542 bam.
762 461 843 534 Id
886 482 1023 556 ego
1070 453 1267 525 volui
1318 449 1499 534 ⁹²⁴3
1553 445 1682 518 sed
1727 443 1958 542 pluris
2002 435 2216 513 est²⁵.
2277 422 2482 509 Istud
2529 429 2632 505 ta-

504 588 677 653 me'n
718 593 1061 671 cuperem
1104 585 1381 636 emeres
1396 555 1505 645 ²⁶,
1545 559 1605 628 si
1639 555 1860 626 ullam
1888 575 2091 652 spem
2123 547 2415 620 fruendi
2441 543 2637 616 vide-

509 713 683 762 rem.
738 689 888 756 Nos
914 735 935 769 ‚
996 699 1159 775 quae
1216 683 1540 742 monstra
1599 663 1925 764 quotidie
1949 718 1970 749 ‚
2021 660 2509 760 intelligamus
2551 678 2640 725 ex

512 801 636 873 illo
688 792 931 867 libello
950 800 1044 874 ²⁷,
1103 785 1231 882 qui
1294 787 1371 852 in
1430 775 1807 876 epistolam
1861 771 2232 867 conjectus
2277 782 2404 838 est.
2455 770 2643 835 Len-

514 908 711 982 tulus
750 915 995 974 noster
1042 890 1361 966 Puteolis
1404 899 1514 957 est
1561 873 1978 978 ἀδεμονῶν’3,
2023 892 2110 949 ut
2161 876 2430 947 Caecius
2473 895 2644 942 nar-

510 1031 621 1088 rat
639 1069 658 1102 ‚
680 1010 858 1110 quid
888 1018 1049 1104 agat
1062 1013 1163 1088 ²⁹3
1202 993 1538 1091 διατροπὴν
1553 988 1618 1034 ³⁰
1643 987 2162 1061 Corfiniensem
2189 975 2644 1063 reformidat3

515 1113 937 1219 Pompei0³¹
986 1133 1185 1183 nunc
1212 1117 1418 1204 putat
1448 1097 1923 1182 satisfactum3
1954 1091 2313 1166 beneficio
2349 1089 2648 1162 Caesaris

518 1245 889 1305 movetur:
920 1223 1044 1295 sed
1084 1235 1324 1292 tamen
1352 1225 1690 1284 movetur
1703 1206 1767 1252 ³²
1801 1207 2025 1303 magis
2056 1217 2433 1304 perspecta
2451 1197 2515 1243 ³³
2545 1223 2648 1268 re.

615 1347 815 1414 Tene
862 1335 1015 1408 haec
1034 1329 1099 1382 34
1152 1349 1365 1426 posse
1418 1321 1656 1394 ferre?
1701 1318 1961 1389 Omnia
2004 1316 2297 1400 misera;
2331 1307 2458 1383 sed
2499 1309 2650 1378 hoc

518 1451 702 1524 nihil
738 1448 1104 1518 miserius:
1134 1435 1522 1533 Pompeius
1541 1433 1629 1502 N.
1655 1431 1970 1526 Magium
1989 1424 2052 1470 ³⁵
2078 1425 2172 1496 de
2206 1447 2378 1522 pace
2412 1422 2652 1504 misit3

521 1577 595 1634 et
644 1575 887 1629 tamen
945 1560 1455 1648 oppugnatur:
1500 1539 1702 1639 quod
1753 1563 1888 1636 ego
1947 1562 2096 1607 non
2116 1532 2182 1578 ³⁶
2226 1531 2655 1617 credebam3

520 1671 648 1744 sed
686 1665 916 1739 habeo
956 1687 999 1732 a
1038 1655 1260 1729 Balbo
1296 1656 1538 1724 literas
1559 1706 1578 1739 ‚
1624 1673 1932 1746 quarum
1981 1647 2069 1718 ad
2118 1659 2190 1715 te
2237 1641 2654 1740 exemplum

524 1781 684 1852 misi
712 1806 727 1847 ε
764 1777 919 1872 lege
939 1827 959 1862 ‚
988 1791 1234 1868 quaeso
1253 1820 1272 1853 ‚
1296 1778 1370 1836 et
1394 1759 1574 1834 illud
1602 1758 1932 1830 infimum
1959 1771 2180 1854 caput
2201 1757 2425 1852 ipsius
2451 1752 2656 1823 Balbi

524 1888 823 1990 optimi,
874 1883 988 1954 cui
1038 1884 1291 1950 Cnaeus
1346 1887 1595 1944 noster
1630 1872 1910 1957 locum,
1957 1866 2088 1938 ubi
2131 1868 2384 1937 hortos
2429 1863 2657 1936 aedifi-

524 2110 793 2176 scripsisset
809 2141 823 2163 ‚
876 2103 1047 2152 Cicero
1099 2098 1223 2148 falso
1277 2093 1550 2144 crediderat

528 2207 629 2241 esse
663 2187 793 2235 illius
832 2182 1097 2240 Troianum
1132 2192 1143 2224 :
1184 2175 1265 2223 eui
1302 2188 1485 2221 nomeu
1520 2187 1549 2218 a

529 2271 707 2331 Troia,
732 2265 847 2311 loeo
868 2263 921 2308 iu
942 2273 1059 2322 agro
1082 2257 1318 2302 Laurente
1341 2250 1550 2298 finitimo

532 2346 745 2403 Antiati,
778 2338 1007 2397 Ardeati,
1042 2333 1330 2383 Lanuvino:
1362 2332 1415 2379 in
1448 2346 1551 2394 quo

530 2429 718 2495 primus
744 2418 964 2471 iu.1talia
982 2419 1155 2465 AEueaa
1172 2428 1285 2460 eum
1308 2410 1408 2459 auis
1431 2426 1552 2457 con-

531 2508 669 2556 stitit.
708 2506 904 2556 Festus,
940 2506 989 2544 et
1016 2496 1142 2545 Cato
1168 2493 1220 2539 in
1250 2490 1337 2537 Ot'
1374 2492 1385 2503 ⁵
1426 2488 1437 2502 ‘
1476 2505 1551 2535 ua.

535 2591 734 2636 Ponu.

608 2672 694 2717 αι..
741 2655 892 2706 rotat
920 2655 981 2700 D.
1018 2636 1311 2714 Qfiingemis
1340 2646 1555 2695 malibus

535 2758 708 2793 emere.
736 2736 865 2786 Vide
890 2749 973 2797 ep.
1000 2732 1049 2777 8.
1071 2730 1213 2777 Mu«.
1239 2754 1309 2764 —
1332 2725 1463 2785 Alii,
1490 2725 1551 2786 Q.

608 2821 687 2869 25.
708 2814 865 2867 Pluris
882 2821 968 2858 ese.
990 2808 1161 2858 carius
1180 2804 1421 2854 venditur.
1440 2804 1558 2851 Esse

536 2917 663 2964 saepe
682 2908 771 2955 est,
794 2891 1009 2941 venalem
1030 2904 1147 2937 eoae.
1182 2889 1361 2935 Ganv.

610 2978 693 3027 26.
715 2977 899 3023 Ernest.
922 2982 1095 3015 emere.
1120 2969 1169 3016 J.
1184 2966 1245 3013 V.
1265 2966 1323 3012 L.

610 3075 693 3118 27.
712 3056 797 3103 Ex
814 3048 899 3099 illo
913 3046 1092 3097 libello.
1112 3045 1375 3107 Intelliges.
1392 3044 1557 3093 Con..

539 3167 607 3178 -
627 3135 837 3184 Videtur
856 3131 943 3178 ista
968 3128 1149 3192 ellipsis
1175 3125 1293 3173 dura
1312 3134 1361 3171 et
1387 3136 1559 3185 parum

540 3220 731 3267 usitata.
754 3214 807 3261 si
824 3206 1143 3271 manuscripti
1161 3212 1429 3252 annuerent
1443 3233 1458 3259 ,
1484 3200 1560 3247 le-

540 3311 703 3361 gerem
748 3292 917 3356 potius
948 3301 962 3335 :
1000 3310 1025 3329 α
1042 3286 1149 3333 Noa
1188 3298 1299 3346 quae
1345 3288 1560 3326 monstra

540 3372 761 3441 quotidie
796 3368 1111 3431 intelligimus
1142 3378 1206 3410 ex
1234 3360 1322 3407 illo
1355 3357 1526 3405 libello
1543 3390 1560 3417 ,

538 3456 626 3520 qui
643 3454 695 3500 iu
708 3448 963 3515 epistolum
978 3445 1228 3504 conjectus
1240 3450 1313 3487 eat
1324 3439 1335 3484 !
1348 3459 1371 3480 ι
1386 3440 1560 3486 Guv.

605 3522 701 3581 38.
720 3518 993 3593 Ᾰᾶιμονῶν.
1012 3519 1231 3571 Maeror-is
1239 3518 1431 3581 plenus.
1444 3517 1567 3563 Len-

546 3613 695 3669 tulus,
714 3606 891 3671 inquit,
910 3600 1127 3652 Puteolis
1146 3598 1275 3647 curia
1290 3608 1339 3644 et
1358 3611 1566 3643 moerore

547 3708 598 3739 ae
624 3691 784 3754 ipsum
810 3684 995 3741 exedit,
1020 3692 1078 3729 ut
1102 3696 1165 3727 ex
1188 3676 1350 3726 Caecio
1376 3674 1563 3723 audivi.

546 3793 570 3811 u
590 3766 724 3831 Quid
742 3776 851 3828 agat
868 3760 1043 3809 miser?
1062 3780 1087 3799 a
1118 3773 1219 3813 non
1245 3754 1392 3803 audet
1410 3754 1479 3802 ire
1502 3752 1566 3801 ad

546 3846 831 3911 Pompeium
850 3879 867 3905 ,
903 3848 1105 3904 propter
1144 3834 1354 3883 dedecus
1368 3867 1385 3890 ,
1429 3831 1568 3896 quod

546 3926 794 3975 deditione
822 3917 1027 3971 corfinii
1048 3914 1279 3978 suscepit.
1300 3906 1455 3960 Ῑῡίιι.

618 4020 703 4067 29.
726 4001 971 4054 Gavius,
989 4018 1015 4038 e
1030 3994 1151 4057 quid
1168 3993 1309 4056 agat?
1324 4012 1348 4033 ιι
1362 3992 1395 4038 J
1401 4026 1412 4037 .
1424 3993 1486 4038 V.
1506 3992 1564 4039 L.

619 4086 699 4134 30.
726 4072 1010 4147 Διατροπτὶν.
1027 4073 1275 4163 Dedecus,
1294 4070 1564 4128 infamiam,

1636 2093 1776 2154 enjus
1786 2091 2055 2156 pudeat.—
2069 2088 2430 2157 Corfiniensem.
2451 2087 2660 2150 Qualem

1638 2171 1846 2222 corfinii
1873 2181 2044 2234 captus
2080 2167 2172 2216 sibi
2209 2167 2405 2215 videtur
2435 2165 2660 2214 subiisse.

1637 2252 1928 2300 Coannms.
2519 2299 2524 2303 ,

1712 2331 1798 2379 31.
1831 2326 2072 2393 Pompeio.
2111 2327 2264 2388 Cujus
2305 2326 2448 2393 milpa
2489 2335 2662 2391 eaptus

1640 2422 1714 2459 est
1727 2445 1742 2470 ,
1766 2408 1986 2473 quamvis
2007 2407 2268 2470 Pompeius
2285 2422 2388 2455 eam
2410 2407 2466 2453 iu
2487 2406 2662 2453 Domi-

1641 2491 1764 2538 tium
1787 2488 2022 2535 conserat.
2048 2488 2139 2550 Ep.
2175 2488 2262 2547 ιδ,
2283 2486 2318 2534 Ι.
2341 2488 2483 2534 vm.
2513 2490 2664 2533 luxu.

1714 2569 1802 2615 32.
1841 2568 2031 2614 Ernest.
2056 2565 2386 2629 nequidquam
2415 2576 2560 2629 putat
2595 2564 2664 2611 le-

1641 2646 1878 2710 gendum,
1903 2646 2179 2694 movebitur.
2201 2648 2249 2693 J.
2273 2647 2334 2693 V.
2352 2645 2409 2693 L.

1675 2742 1684 2751 ·
1716 2726 1799 2773 33.
1841 2727 2102 2788 Per-specta
2133 2742 2202 2772 re.
2241 2726 2353 2772 Hoc
2387 2734 2462 2771 eat
2477 2757 2493 2783 ‚
2534 2734 2668 2787 post-

1643 2818 1789 2869 quam
1817 2804 2053 2869 cognovit
2085 2802 2414 2853 infirmitatem
2452 2804 2666 2867 partium

1645 2884 2067 2948 Pompeianarum.
2092 2884 2266 2931 Guv.

1717 2964 1802 3018 3⁴.
1853 2962 1990 3010 Haec.
2035 2964 2150 3010 Para
2190 2962 2296 3010 haee
2345 2962 2569 3025 epistolae
2609 2980 2671 3013 ex

1647 3040 1900 3088 intervallo
1935 3040 2179 3105 adscripta
2219 3052 2334 3105 post
2377 3054 2606 3106 acceptas
2641 3060 2669 3090 a

1646 3119 1828 3177 Balbo,
1859 3131 1908 3167 et
1939 3136 1966 3167 a
1993 3120 2246 3167 Dolabella
2281 3120 2458 3169 literas.
2501 3124 2668 3184 Quum

1645 3200 1776 3247 enim
1797 3200 2070 3264 oppugnati
2093 3200 2378 3264 Pompeium
2404 3202 2671 3265 cognovis-

1645 3290 1736 3337 set,
1750 3278 1923 3327 dolore
1935 3281 2172 3343 percitus:
2189 3284 2336 3329 Mene
2349 3278 2372 3345 (
2380 3280 2482 3343 alii,
2500 3280 2673 3346 Tene),

1645 3358 1835 3421 inquit,
1875 3360 2018 3407 «haee
2053 3360 2178 3407 ferre
2213 3362 2431 3424 pomeP»
2470 3372 2558 3409 aut
2601 3376 2672 3411 est

1647 3437 1840 3485 initium
1863 3438 2096 3501 epistoloe.
2121 3440 2264 3487 Mu.
2293 3467 2364 3477 —-·
2383 3440 2528 3488 Prior
2548 3442 2673 3489 ratio
2765 3435 2774 3441 ’

1653 3526 1725 3563 est
1737 3518 1916 3565 verior.
1929 3518 2023 3565 En.

1724 3597 1808 3645 35.
1840 3597 1902 3645 N.
1932 3598 2172 3662 Magium.
2199 3596 2312 3646 sch.
2337 3600 2406 3645 M.
2439 3598 2674 3662 Magium.

1655 3675 1776 3734 Alii,
1816 3676 1912 3725 Gn.
1947 3678 2088 3742 Mag.
2111 3678 2275 3726 (ἐι-ων.
2303 3675 2576 3724 Minucium
2603 3682 2673 3725 Μ.

1655 3754 1717 3802 de
1739 3770 1839 3818 quo
1859 3754 1989 3803 Ven.
2015 3756 2196 3803 Patere.
2221 3756 2312 3803 En.

1729 3834 1812 3880 36.
1852 3832 1958 3880 Non
2002 3834 2274 3883 credebam.
2317 3836 2502 3883 Putans
2543 3834 2648 3883 fore
2663 3872 2674 3885 .

1655 3922 1710 3959 ut
1743 3912 1912 3974 potius
1943 3929 2033 3976 per
2067 3914 2376 3978 Pompeium,
2407 3896 2556 3976 q'uam
2595 3932 2678 3978 peu·

1655 3992 1890 4039 caesarem
1909 4001 2080 4051 staret,
2098 4008 2161 4039 ue
2186 4008 2280 4055 pax
2301 3990 2454 4039 fleret.
2479 3994 2572 4056 Ep.
2599 3996 2678 4049 23,

1655 4068 1745 4116 lib.
1772 4070 1910 4118 vm.
1938 4069 2098 4118 Con.
