3019 4681
464 330 596 405 58·
642 372 650 379 ·
1105 336 1202 403 Μ.
1253 336 1331 403 Τ.
1384 334 1937 405 CICERONIS

461 474 728 553 meque
779 456 1160 526 certiorem
1215 452 1432 526 facias
1453 509 1474 541 ‚
1524 472 1597 527 te
1650 454 2122 527 vehementer
2174 476 2378 551 rogo.
2440 454 2589 527 Nos

465 564 735 653 adhuc,
758 563 932 663 quid
952 562 1313 636 Brundisii
1339 580 1579 637 actum
1599 580 1782 638 esset
1796 620 1815 655 ‚
1833 564 2048 665 plane
2067 562 2585 639 nesciebamus.

461 678 706 767 Quum
744 677 1095 762 sciemus,
1133 690 1288 745 tum
1319 700 1409 747 ex
1449 702 1527 748 re
1562 690 1645 748 et
1692 700 1784 748 ex
1822 690 2153 775 tempore
2205 676 2589 747 consilium

461 787 869 885 capiemus3
943 784 1074 857 sed
1105 800 1404 858 utemur
1441 800 1595 858 tuo.

457 980 1102 1002 mmmmm-m

1800 979 1982 1001 mm
1986 974 2591 1000 mmmmm

2324 1014 2331 1025 ι

1114 1136 1705 1217 EPISTOLA
1756 1136 1925 1215 III.

461 1296 620 1372 Quid
648 1296 890 1355 Domitii
909 1295 1060 1355 filius
1083 1295 1160 1355 de
1190 1309 1354 1375 patre
1379 1295 1703 1354 narraverit
1726 1294 1997 1374 exponit,
2022 1314 2207 1372 oeque
2236 1292 2380 1372 quid
2414 1298 2597 1352 Brun-

545 1394 678 1454 disii
714 1408 918 1473 agatur
953 1394 1214 1454 nondum
1266 1394 1412 1454 scire
1457 1392 1679 1453 scribit.
1726 1392 1994 1465 (Formiis
2014 1436 2031 1467 ,
2066 1412 2221 1455 anno
2251 1396 2327 1452 U.
2356 1395 2421 1451 C.
2450 1398 2595 1464 704,

545 1512 746 1553 mense
775 1492 1030 1566 martio.)
1427 1502 1436 1511 ·

1143 1640 1449 1707 CICERO
1495 1638 1825 1705 ATTICO
1872 1640 1935 1705 S.

566 1770 872 1839 Dom'ru
905 1764 1098 1837 filius
1154 1766 1435 1841 transiit
1484 1766 1809 1837 Formias
1854 1788 1984 1835 vm
2023 1762 2120 1833 id.
2170 1784 2470 1835 currens
2508 1760 2599 1833 ad

471 1887 812 1949 matrem¹
863 1876 1236 1976 Neapolim
1257 1930 1277 1963 ‚
1317 1874 1642 1973 mihique
1685 1874 2007 1945 nuntiari
2040 1871 2289 1968 jussit,
2319 1886 2601 1969 patrem

474 1988 565 2061 ad
601 1986 860 2061 urbem
894 2013 1086 2079 esse;
1127 2011 1358 2085 quum
1396 1986 1487 2059 de
1523 2011 1613 2057 eo
1646 1987 1927 2057 curiose
1960 1983 2327 2081 quaesisset
2354 2004 2603 2053 servus

474 2114 724 2171 noster
758 2100 1170 2194 Dionysius.
1211 2101 1360 2168 Nos
1406 2110 1650 2167 autem
1694 2092 2186 2183 audieramus,
2226 2116 2393 2164 eum
2434 2116 2601 2187 pro-

475 2204 750 2278 fectum
789 2209 936 2277 sive
973 2206 1064 2276 ad
1094 2208 1565 2303 Pompeium,
1606 2204 1753 2275 sive
1790 2206 1867 2275 in
1899 2204 2333 2302 Hispaniam.
2366 2200 2447 2285 Id
2484 2225 2605 2271 cu-

473 2313 794 2414 jusmodi
825 2320 954 2400 sit,
998 2316 1178 2388 scire
1214 2340 1385 2387 sane
1423 2315 1659 2388 velim.
1691 2317 1871 2389 Nam
1905 2314 1998 2388 ad
2039 2314 2148 2404 id,
2185 2313 2386 2412 quod
2426 2311 2604 2386 deli·

473 2425 655 2500 bero
676 2484 696 2519 ‚
733 2428 1088 2528 pertinet,
1115 2428 1177 2500 si
1205 2425 1322 2498 ille
1351 2441 1545 2498 certe
1574 2451 1933 2524 nusquam
1958 2426 2317 2514 discessit,
2351 2423 2608 2495 inteni-

478 2561 650 2636 gere
679 2541 978 2608 Cnaeum
1000 2590 1020 2623 ‚
1063 2561 1216 2608 non
1255 2561 1408 2608 esse
1443 2534 1683 2608 faciles
1717 2533 1929 2608 nobis
1972 2560 2061 2608 ex
2102 2535 2306 2610 Italia
2342 2538 2608 2620 exitus,

477 2672 710 2746 quum
737 2673 820 2720 ea
838 2661 992 2718 tota
1016 2649 1230 2718 armis
1250 2647 1741 2746 praesidiisque
1771 2661 2124 2736 teneatur,
2158 2645 2397 2718 hieme
2424 2668 2608 2742 prae-

480 2758 751 2829 sertim.
799 2760 977 2828 Nam
1009 2809 1030 2844 ,
1093 2760 1151 2828 si
1196 2754 1650 2830 commodius
1688 2760 1861 2828 anni
1900 2771 2190 2856 tempus
2230 2769 2454 2842 esset,
2494 2753 2609 2824 vel

477 2866 711 2940 infero
737 2868 920 2938 mari
947 2866 1192 2939 liceret
1227 2869 1356 2939 uti.
1391 2873 1604 2940 Nunc
1628 2868 1809 2954 nihil
1840 2881 2117 2966 potest,
2144 2870 2283 2940 nisi
2312 2889 2610 2963 supa-0,

481 2977 950 3064 transmitti23
1002 3001 1151 3076 quo
1192 2981 1328 3049 iter
1362 2977 1834 3050 interclusum
1875 2993 2006 3050 est.
2054 2981 2348 3070 Quaeres
2391 2977 2612 3073 igitur

482 3100 554 3159 et
577 3085 668 3160 de
689 3089 1048 3172 Domiti0,
1091 3101 1164 3160 et
1187 3085 1278 3159 de
1295 3088 1631 3161 Lentulo.
1654 3093 1713 3160 Δ
1736 3088 2117 3162 Brundisio
2141 3087 2343 3160 nulla
2372 3084 2611 3160 adhuc

454 3196 668 3293 ‚fama
703 3211 999 3270 venerat
1037 3225 1052 3267 ε
1092 3213 1164 3269 et
1199 3213 1354 3268 erat
1395 3197 1515 3270 hic
1550 3197 1703 3270 dies
1738 3225 1838 3270 v11
1874 3197 1965 3270 id.
2000 3224 2151 3296 quo
2184 3198 2337 3287 die,
2376 3197 2610 3294 suspi-

482 3306 824 3380 cabamur
847 3363 868 3398 ,
930 3319 1060 3378 aut
1113 3307 1343 3404 pridie
1392 3309 1857 3382 Brundisium
1906 3313 2187 3382 venisse
2237 3313 2608 3380 Caesarem.

481 3421 666 3489 Nam
693 3417 834 3489 kal.
873 3420 1082 3515 Arpis
1115 3433 1472 3489 manserat
1491 3414 1545 3489 ³.
1596 3417 1735 3490 Sed
1775 3420 1835 3490 si
1883 3424 2309 3489 Postumum
2366 3414 2612 3486 audire

562 3613 607 3645 ι.
650 3597 879 3645 Macran.
899 3595 1103 3647 entonis
1129 3611 1346 3646 sororem
1375 3597 1501 3646 Por-
1590 3607 1893 3646 noetnvent.
1924 3597 2126 3644 Manere
2151 3607 2279 3660 σερε
2318 3605 2390 3642 est
2433 3609 2613 3659 perno-

485 3677 628 3728 σίδαι.
655 3677 750 3724 Eo.
1594 3687 1737 3726 ctare.
1765 3678 1895 3726 Πίου
1918 3675 2108 3726 mansio
2123 3713 2139 3734 ,
2164 3676 2302 3722 locus
2328 3671 2416 3722 ubi
2436 3689 2617 3738 perno-

558 3773 610 3806 ι.
627 3752 768 3805 Nihil
780 3762 998 3816 potest...
1013 3753 1292 3802 venamini.
1315 3754 1396 3802 Sic
1421 3753 1508 3802 diu
1598 3767 1799 3806 ctamus.
1825 3755 1970 3821 Arpi,
1990 3753 2227 3822 oppidum
2255 3751 2449 3818 Apuliae
2474 3753 2620 3802 medi-

489 3837 676 3887 editum
695 3834 804 3881 fuit.
817 3834 1149 3892 Recentioreo,
1169 3833 1389 3882 tramitti.
1407 3835 1509 3884 Cur
1596 3847 1869 3884 terraneam
1906 3837 1967 3884 nd
1988 3833 2191 3882 fluvium
2218 3833 2493 3882 Cei-bulum.
2523 3837 2618 3882 Ho-

491 3929 654 3967 autom
683 3912 808 3961 infra
829 3949 843 3972 ,
875 3911 1018 3975 epist.
1049 3914 1082 3960 6
1103 3949 1120 3975 ,
1163 3915 1506 3968 transmisisse,
1598 3913 1679 3961 die
1706 3915 1861 3962 ruinae
1886 3925 2073 3963 tantum
2098 3917 2355 3978 supersunt
2371 3949 2386 3973 ,
2408 3913 2617 3960 retinen-

491 4011 541 4048 ιιι
564 3997 634 4046 sie
663 3993 762 4042 sere
783 4005 972 4054 sempor
988 3993 1012 4036 Ρ
1033 3993 1067 4040 J
1069 3993 1158 4040 .V.
1187 3995 1240 4041 1..
1600 4001 1669 4040 tes
1696 4006 1833 4041 vetus
1855 3992 2180 4042 nomen.Vide
2202 3991 2344 4042 Ciuv.
2366 3991 2476 4043 Ital.
2497 3993 2615 4042 Ant.

569 4081 617 4126 3.
647 4070 792 4137 Arpis
815 4082 1077 4134 'namt-ae.
1114 4072 1223 4120 Hoc
1257 4081 1359 4130 est,
1397 4087 1511 4135 pen-
1596 4070 1682 4118 lib.
1702 4074 1792 4132 IV,
1819 4089 1927 4136 cap.
1958 4088 2041 4121 n.
2078 4073 2247 4120 szv.
