3019 4681
713 380 1227 455 EPISTOLAE
1276 381 1471 451 CIC.
1515 382 1644 449 ET
1693 382 2054 468 BRUTI,
2109 404 2214 477 17.
2387 380 2520 479 691

402 504 823 577 (lamentum
861 515 934 577 et
980 500 1255 575 radices
1290 499 1610 573 habituri
1653 501 1975 589 altiores,
2019 506 2078 575 si
2127 504 2532 601 patiamur?

400 629 486 687 ut
514 615 665 709 jam
700 613 869 699 ista,
908 634 1075 708 quae
1122 608 1331 699 facit,
1368 636 1522 682 non
1555 610 2122 685 dominationem
2136 612 2192 701 ⁶,
2230 614 2356 687 sed
2398 613 2524 686 do·

402 726 683 797 minum
724 724 1123 795 Antonium
1159 721 1480 795 timentis
1527 724 1688 793 sint.
1727 728 1882 821 Ego
1934 738 2176 796 autem
2227 729 2528 821 gratiam

402 860 558 907 uon
588 833 857 921 haben,
892 835 951 905 si
980 834 1181 933 quis,
1236 830 1412 903 dum
1443 856 1536 904 ne
1571 834 1756 905 irato
1791 834 2088 922 serviat,
2123 856 2276 905 rem
2301 838 2530 933 ipsam

406 971 554 1017 non
600 944 1049 1041 deprecatur.
1093 947 1329 1015 Immo
1360 943 1770 1041 triumphus
1811 959 1884 1015 et
1918 946 2360 1043 stipendium
2405 946 2532 1017 de-

402 1058 761 1141 cernitur,
804 1068 879 1129 et
918 1052 1259 1125 omnibus
1284 1052 1586 1126 decretis
1615 1068 1940 1127 ornatur.
1969 1054 2241 1127 Pudeat
2273 1080 2540 1127 coucu-

406 1167 681 1263 piscere
720 1161 1126 1251 fortunam,
1157 1164 1361 1259 cujus
1398 1188 1670 1237 nomen
1711 1167 2150 1263 susceperit⁷
2197 1166 2534 1240 consuia-

406 1271 547 1349 ris⁸
574 1330 597 1363 ‚
630 1289 715 1348 ut
738 1275 1107 1349 Ciceronis
1146 1288 1273 1347 est.

506 1387 866 1476 Quoniam
888 1386 1065 1457 mihi
1093 1400 1331 1457 tacere
1362 1409 1514 1455 non
1552 1385 1753 1456 licuit
1773 1438 1794 1473 ,
1828 1385 2022 1483 leges
2057 1410 2222 1483 quae
2255 1388 2390 1461 tibi
2417 1414 2540 1461 ne·

406 1520 605 1571 cesse
648 1510 761 1569 est
797 1496 1099 1569 molesta
1140 1518 1295 1567 esse
1310 1506 1364 1565 9.
1406 1498 1692 1567 Etenim
1733 1497 1888 1592 ipse
1936 1497 2172 1567 sentio
2194 1551 2215 1584 ,
2265 1514 2542 1594 quanto

408 1631 576 1679 cum
604 1604 858 1679 dolore
884 1605 1035 1677 haec
1062 1606 1153 1677 ad
1182 1618 1255 1677 te
1286 1605 1864 1702 perscripserim3
1900 1603 2543 1704 necignoro‚quid

407 1717 672 1792 sentias
704 1718 781 1789 in
820 1715 1231 1814 republica,
1268 1730 1342 1787 et
1377 1740 1594 1811 quam
1633 1713 2084 1812 desperatam
2114 1740 2412 1813 quoque
2439 1742 2545 1789 sa·

407 1825 567 1897 uari
614 1839 827 1923 putes
883 1850 1118 1923 posse.
1167 1829 1317 1898 Nec
1354 1824 1767 1897 mehercule
1809 1840 1878 1895 te
1903 1880 1921 1910 ,
1965 1826 2196 1897 Attice
2229 1879 2250 1913 ,
2297 1850 2546 1925 repre-

408 1934 653 2010 hendo
694 1964 709 2007 ε
754 1951 923 2009 aetas
958 1939 1189 2023 enim,
1228 1960 1499 2022 mores,
1555 1934 1802 2023 liberi,
1843 1958 2134 2033 segnem
2171 1934 2542 2024 efficiunt3

410 2046 613 2144 quod
654 2046 950 2145 quidem
980 2048 1197 2119 etiam
1236 2071 1325 2117 ex
1356 2046 1599 2118 Flavio
1619 2055 1684 2091 ¹⁰
1717 2060 1970 2117 nostro
2011 2049 2362 2145 perspexi.
2403 2046 2544 2119 Sed

480 2227 535 2275 6.
574 2226 691 2273 Non
732 2224 1144 2283 demutationem,
1180 2224 1281 2273 sed.
1321 2228 1430 2275 Hoc

411 2304 649 2369 loqfflndi
695 2320 869 2370 genere
908 2318 1095 2355 veteres
1130 2320 1231 2354 esse
1276 2320 1392 2354 usos
1409 2340 1425 2363 ,

1520 2240 1630 2289 qua·
1656 2224 1905 2278 Ciceronis
1929 2234 2018 2273 est.
2046 2223 2308 2272 videbitur
2337 2226 2542 2274 omnino

1519 2302 1686 2370 paullo
1709 2302 1878 2356 durius
1905 2318 1920 2353 ε
1946 2301 2034 2351 sed
2063 2316 2154 2352 nec
2181 2303 2367 2369 ubique
2389 2302 2542 2355 dictio

410 2399 567 2450 quum
599 2383 785 2450 aliquid
810 2385 975 2452 paullo
1012 2385 1279 2434 studiosius
1304 2383 1433 2434 affir-

412 2472 626 2522 marent,
666 2463 971 2511 ostendimus
996 2466 1049 2511 in
1082 2463 1435 2513 commentariis

410 2543 473 2592 sd
498 2543 735 2602 Atticum,
752 2541 839 2590 lib.
860 2543 939 2599 X,
966 2543 1110 2605 epist.
1135 2558 1188 2605 9.
1218 2541 1435 2591 Mu.—

412 2623 577 2674 Hodie
598 2623 795 2685 quidem
814 2621 885 2672 sic
904 2621 1108 2686 legimns
1121 2655 1135 2680 ,
1159 2621 1247 2670 sed
1262 2631 1435 2671 contra

410 2713 531 2750 vett.
577 2702 694 2750 edd.
734 2713 785 2750 et
828 2703 955 2750 MSS
1004 2701 1130 2752 Pau.
1168 2702 1221 2750 in
1258 2701 1437 2766 quibus

411 2781 547 2831 uuna
590 2781 733 2830 litera
772 2781 989 2831 variante
1015 2799 1028 2830 ε
1078 2804 1102 2825 ι
1125 2783 1248 2844 Quae
1282 2781 1401 2830 facit
1420 2814 1435 2838 ,

411 2863 797 2910 dominationem
813 2893 827 2920 ,
848 2877 913 2910 sn
936 2861 1213 2918 dominnm,
1238 2875 1301 2908 en
1323 2862 1433 2909 An-

412 2941 605 2992 tonium
646 2939 877 2998 timentis,
900 2940 1003 2990 siut
1014 2963 1057 2989 ι».
1086 2941 1261 3003 Neque
1296 2955 1437 2988 secus

412 3019 651 3084 publicati
674 3037 703 3068 a
732 3020 979 3069 Victorio.
1022 3021 1195 3067 Onu-r.
1233 3045 1301 3056 --
1345 3021 1435 3066 Le-

412 3098 625 3162 gendum
644 3099 855 3158 videtur,
878 3121 905 3142 α
918 3113 1021 3146 non
1041 3097 1437 3156 dominationem,

415 3194 519 3228 non
545 3177 825 3237 dominum,
854 3177 943 3226 sed
968 3177 1241 3225 Antonium
1256 3211 1271 3236 ,
1298 3187 1393 3224 eto.
1410 3197 1437 3218 ι·

488 3274 539 3318 7.
562 3257 685 3307 Aldi
710 3269 852 3306 vetus
882 3255 1037 3316 liber,
1089 3256 1397 3320 «susceperit
1416 3255 1439 3300 Ρ

416 3337 698 3385 Consularis
727 3338 856 3396 hoc,
894 3353 957 3384 an
992 3335 1244 3384 Ciceronis
1278 3336 1386 3382 est?
1413 3355 1437 3376 ιο

414 3416 565 3480 Quod
588 3417 767 3482 placet.
795 3419 844 3466 J.
858 3417 922 3464 V.
942 3419 998 3464 L.

489 3497 541 3544 8.
567 3496 861 3545 Consularis.
908 3495 1003 3544 Hic
1028 3491 1235 3542 multum
1260 3491 1438 3540 discre-

414 3587 533 3640 psnt
572 3589 757 3626 veteres
793 3576 907 3626 libri
946 3592 977 3624 s
1007 3575 1207 3624 nostris.
1244 3573 1439 3624 Habent

414 3657 570 3706 euim:
586 3655 777 3706 «rudet
798 3655 1145 3719 concupiscere
1166 3649 1441 3712 sonuum,

414 3736 554 3796 cuius
582 3751 765 3786 nomen
788 3735 1057 3801 susceperit
1078 3733 1443 3794 conuulsi-iamt

415 3813 667 3864 Ciceronis
684 3825 759 3864 est
772 3835 820 3863 ι.
842 3816 979 3876 Quos
1004 3814 1048 3862 si
1075 3815 1343 3878 sequimur,
1374 3812 1441 3858 its

414 3910 715 3958 expon-us
742 3911 756 3946 ε
816 3893 985 3945 Pudor
1037 3894 1099 3942 ab
1142 3909 1195 3940 es
1240 3891 1439 3940 fortuna

416 3973 685 4022 consularis
738 3973 952 4022 hominis
1004 3969 1397 4035 concupiscenda
1420 4003 1441 4030 ,

415 4053 554 4112 cujus
580 4069 758 4102 nomen
784 4054 1081 4116 susceperit,
1106 4051 1327 4116 quemvis
1349 4049 1433 4098 de-

414 4141 590 4181 terrere
611 4131 779 4181 debet:
822 4149 905 4191 ea,
936 4133 1167 4195 inquam,
1202 4133 1425 4190 fortuna,

1522 2384 1844 2436 nmumom·
1868 2395 1963 2434 est.
1991 2371 2140 2436 sui.
2173 2411 2244 2422 -
2279 2384 2420 2447 Quia
2445 2385 2542 2436 nm

1522 2465 1644 2514 velit
1667 2465 1950 2522 Manutius,
1991 2464 2077 2512 vix
2102 2479 2333 2528 assequor
2349 2479 2365 2512 :
2404 2468 2544 2530 cnjus

1525 2553 1686 2591 tamen
1713 2541 1970 2590 lectionem
1999 2543 2185 2590 retineo
2205 2575 2220 2601 ,
2264 2541 2349 2590 sed
2377 2543 2544 2593 addita

1521 2619 1856 2686 interrog-ndi
1909 2633 2027 2670 nota
2053 2658 2068 2680 ,
2121 2637 2232 2688 quo
2291 2625 2544 2688 superiore

1523 2703 1738 2752 claudat.
1775 2703 1870 2750 nio
1913 2717 2030 2768 ergo
2064 2718 2233 2752 sensus
2265 2703 2544 2752 erin-Pu-

1523 2768 1695 2831 deatne
1722 2782 1982 2831 Octavium
2009 2782 2355 2846 concupiscere
2384 2783 2546 2830 fortu-

1521 2879 1669 2911 nam»
1685 2898 1700 2923 ,
1749 2865 1928 2926 regiam
1975 2871 2264 2926 potestatem
2313 2859 2514 2909 Caesaris
2532 2896 2548 2920 ,

1521 2942 1660 3007 eujus
1693 2957 1870 2990 nemea
1901 2940 2209 3004 susceperit?
2237 2941 2350 2988 Hoc
2379 2941 2544 3004 igitur,

1523 3020 1660 3084 quod
1685 3018 1744 3067 fit
1769 3019 1832 3071 ad
1857 3020 1995 3068 illum
2021 3019 2296 3070 ornandum
2307 3054 2326 3079 ,
2352 3018 2548 3068 debuit-

1522 3117 1611 3157 ne,
1636 3097 1860 3164 potuitne
1880 3115 1910 3145 s
1932 3099 2207 3158 consulari,
2245 3115 2272 3146 a
2309 3097 2544 3148 OEeeroue

1525 3177 1806 3242 proficisci?
1827 3177 1976 3225 Ouv.

1598 3273 1651 3321 9.
1687 3255 1794 3304 Tibi
1841 3272 2036 3306 neeesse
2074 3269 2148 3304 ese
2181 3257 2384 3305 molesta
2428 3272 2544 3306 esse.

1527 3339 1692 3400 Quum
1722 3335 1889 3384 videas
1917 3345 1965 3383 te
2000 3351 2202 3400 quoque
2229 3337 2280 3384 in
2313 3337 2548 3384 Cicerone

1527 3415 1718 3474 notari,
1754 3413 1842 3478 qui
1873 3413 2054 3462 nullam
2085 3415 2207 3478 reip.
2225 3425 2412 3478 partem
2441 3431 2549 3462 sus-

1525 3495 1707 3559 cipias,
1733 3493 1821 3541 sed
1850 3493 2100 3540 communi
2123 3509 2279 3540 ceusae
2305 3503 2546 3556 tamquam

1525 3572 1811 3622 indm-miss.
1831 3575 1982 3622 Mus.

1604 3668 1682 3701 xo.
1731 3653 1815 3698 Ex
1853 3651 2040 3700 Flavio.
2077 3649 2390 3699 Antonianos
2426 3649 2552 3698 iiber

1530 3734 1580 3780 in
1612 3730 1795 3779 Flavio.
1828 3724 1912 3778 Et·
1931 3729 2184 3795 probatur.
2240 3731 2308 3777 Ut
2341 3745 2394 3776 se
2421 3729 2554 3778 diest

1527 3815 1710 3860 Brutus
1733 3809 1892 3859 Attici
1935 3808 2194 3856 consilinm
2219 3809 2549 3874 perspexisse,

1531 3907 1632 3939 non
1659 3907 1724 3938 ex
1759 3905 1982 3938 sermone
2025 3888 2174 3936 Flavii
2191 3923 2206 3950 ,
2231 3889 2318 3936 sed
2339 3889 2392 3936 in
2417 3889 2554 3935 ficto

1531 3969 1686 4019 Flavii
1711 3984 1726 4017 τ
1765 3985 1916 4033 quum
1941 3969 2138 4018 Atticm
2159 3968 2224 4015 ab
2247 3983 2308 4016 eo
2331 3967 2558 4032 sppdh·

1533 4062 1640 4112 tus,
1690 4061 1746 4098 ut
1791 4051 2022 4114 princeps
2057 4065 2160 4096 esse
2193 4047 2338 4094 venet
2373 4043 2560 4108 privati

1527 4131 1685 4178 aerarii
1702 4129 1759 4179 C.
1775 4130 1994 4190 Caesoris,
2007 4127 2140 4176 iuius
2157 4122 2550 4174 interfectoribus

2249 4212 2361 4293 44·
