3019 4681
508 360 650 452 448
1150 368 1247 433 M.
1299 367 1376 434 T.
1430 366 1996 439 CICERONIS

1599 556 2640 582 *mmmmm*

1116 729 1716 811 EPISTOLA
1775 732 2039 812 XIII.

492 903 580 957 De
609 897 781 957 variis
808 894 984 956 rebus
1014 894 1287 956 breviter.
1334 901 1435 970 (In
1468 898 1785 957 Puteolano
1803 941 1822 970 ‚
1849 918 2003 957 anno
2041 903 2114 959 U.
2153 904 2218 961 C.
2249 894 2366 979 709'
2383 944 2401 973 ‚
2437 920 2633 962 mense

1432 993 1722 1073 octobri.)

1168 1159 1488 1224 CICERO
1535 1160 1857 1224 ATTICO
1901 1161 1964 1227 S.

597 1308 895 1375 Oc'rAvo
949 1300 1092 1371 kal.
1146 1298 1325 1371 duas
1382 1326 1420 1371 a
1473 1315 1544 1372 te
1596 1304 1838 1398 accepi
1883 1303 2243 1400 epistolas.
2297 1308 2625 1404 Respon-

495 1412 686 1487 debo
724 1414 942 1511 igitur
982 1412 1207 1509 priori
1242 1414 1467 1510 prius.
1500 1414 1870 1483 Assentior
1911 1412 2040 1483 tibi
2064 1468 2084 1503 ‚
2122 1429 2204 1486 ut
2232 1440 2368 1487 nec
2404 1416 2626 1489 duces

492 1528 749 1611 sitnm,
799 1548 933 1594 nec
978 1546 1236 1620 agmen
1277 1546 1660 1619 cogamus;
1717 1521 2080 1596 faveamus
2133 1540 2398 1597 tamen.
2446 1531 2625 1599 Ora·

490 1636 807 1707 tionem¹
853 1632 983 1706 tibi
1037 1634 1216 1704 misi.
1258 1634 1434 1729 Ejus
1484 1632 2003 1723 custodiendae,
2059 1650 2132 1708 et
2177 1634 2626 1735 proferendae

487 1742 865 1817 arbitrium
911 1759 1146 1815 tuum.
1178 1742 1318 1815 Sed
1359 1742 1660 1841 quando
1699 1744 1902 1815 illum
1947 1746 2134 1817 diem
2159 1758 2216 1835 ²,
2261 1773 2492 1845 quum
2541 1764 2622 1821 tu

489 1854 840 1927 edendam
906 1856 1167 1952 putes?
1213 1852 1587 1938 InduciaS‚
1632 1878 1811 1950 quas
1867 1855 2154 1943 scribis,
2203 1882 2351 1929 non
2406 1858 2622 1929 intel-

488 1962 634 2059 ligo
692 1960 850 2033 fieri
912 1984 1144 2059 posse.
1208 1958 1468 2030 Melior
1528 1973 1636 2031 est
1677 1960 2257 2056 ἀναντιφωνησία3,
2311 1990 2453 2060 qua
2504 1990 2621 2037 me

486 2097 787 2144 usurum
816 2069 1148 2142 arbitror.
1182 2068 1397 2161 Quod
1428 2068 1678 2141 scribis
1711 2069 2026 2168 legiones
2053 2071 2278 2144 duas‘*
2315 2072 2620 2145 Brundi-

483 2184 665 2254 sium
704 2183 1023 2269 venisse‚
1046 2204 1176 2251 vos
1211 2181 1456 2250 omnia
1495 2184 1696 2278 prius
1715 2174 1766 2248 5.
1809 2184 2093 2253 Scribes
2133 2185 2377 2279 igitur,
2406 2184 2624 2281 quid-

480 2288 657 2467 ῧιιίὀ
706 2287 1042 2360 audieris.
1076 2287 1419 2358 Varronis
1456 2282 1778 2386 διαλογονὸ
1810 2303 2170 2388 exspecto,
2190 2294 2344 2360 Jam
2382 2290 2622 2389 probo

546 2389 878 2493 ρακλείδιον
899 2407 950 2482 7,
996 2396 1392 2490 praesertim
1429 2418 1658 2490 quum
1699 2409 1780 2464 tu
1816 2408 2193 2494 tantopere
2228 2389 2618 2486 delectere;

480 2506 606 2578 sed
646 2505 856 2603 quale
894 2503 1107 2591 velis,
1144 2504 1359 2576 velim
1398 2506 1602 2576 scire.
1642 2503 1858 2594 Quod
1891 2506 1979 2576 ad
2015 2522 2086 2578 te
2123 2523 2368 2595 antea,
2393 2524 2616 2608 atque

474 2615 653 2689 adeo
678 2611 922 2714 prius⁸
952 2615 1203 2712 scripsi
1241 2615 1390 2712 (sic
1423 2615 1617 2686 enim
1653 2615 1966 2712 mavis),
1991 2616 2079 2688 ad
2115 2616 2616 2702 scribendum,

473 2726 605 2800 tibi
632 2729 811 2798 itero
840 2725 1115 2812 dicere,
1158 2722 1387 2796 fecisti
1426 2727 1558 2795 me'
1579 2726 1928 2798 acriorem
1945 2739 1998 2798 9.
2031 2727 2143 2799 Ad
2175 2743 2380 2798 tuum
2415 2729 2612 2799 enim

467 2837 816 2936 judicium
841 2891 861 2924 ,
904 2834 1107 2934 quod
1142 2835 1319 2906 mihi
1363 2850 1517 2906 erat
1557 2849 1816 2906 notum
1839 2890 1858 2924 ,
1907 2835 2242 2908 addidisti
2279 2835 2608 2909 Peducaei

476 2949 970 3022 auctoritatem
988 3000 1008 3035 ‚
1037 2969 1370 3042 magnam
1398 2943 1694 3042 quidem
1720 2946 1914 3043 apud
1941 2969 2060 3018 me
2081 3001 2101 3034 ‚
2135 2960 2209 3018 et
2242 2948 2318 3016 in
2355 2947 2606 3044 primis

473 3081 785 3156 gravem.
828 3057 1090 3126 Enitar
1147 3056 1393 3152 igitur,
1448 3079 1544 3127 ne
1599 3055 1962 3128 desideres
2013 3071 2138 3132 aut
2189 3055 2610 3128 industriam

550 3257 598 3288 1.
652 3237 949 3286 Orationem.
988 3239 1112 3300 Quae
1156 3252 1261 3285 non
1298 3247 1493 3285 exstat:
1657 3255 1705 3300 7.
1733 3228 2069 3307 Πρακλείὸτον.
2087 3239 2216 3288 Vide
2241 3255 2411 3303 supra,
2452 3255 2535 3304 ep.
2559 3246 2607 3296 4.

470 3337 583 3370 nam
606 3318 889 3383 Philippicae
912 3328 1029 3382 post
1049 3317 1149 3365 hoc
1176 3327 1369 3382 tempus
1409 3317 1497 3365 ha-
1656 3320 1705 3367 8.
1731 3319 1890 3368 Prius.
1919 3319 2127 3368 Videtur
2167 3318 2358 3366 Atticus
2398 3317 2452 3364 in
2477 3333 2604 3382 qno·

470 3401 602 3450 bitae.
631 3401 851 3447 anr.
1583 3397 1695 3446 dnm
1719 3397 1971 3449 Ciceronis
2003 3397 2245 3461 opusculo
2277 3396 2604 3456 temnendo,

544 3495 597 3528 ο.
626 3476 783 3526 Diem.
810 3475 1010 3541 simple,
1024 3474 1311 3524 videbimus.
1334 3475 1493 3524 Con.
1581 3476 1669 3526 ubi
1706 3477 1788 3524 ille
1823 3489 2056 3543 posuerat
2095 3475 2152 3526 τὸ
2191 3487 2342 3526 antea
2360 3511 2378 3538 ‚
2405 3477 2477 3524 ibi
2505 3492 2607 3524 mn-

542 3559 591 3606 3.
614 3549 1017 3623 Ᾰναντιφωνησία..
1041 3555 1317 3604 Silentium.
1583 3555 1732 3606 luis-e
1757 3556 1890 3605 haud
1915 3557 2020 3605 ocio
2044 3573 2190 3620 quam
2228 3556 2294 3605 ob
2331 3571 2522 3604 mutam
2547 3555 2604 3604 τὸ

542 3645 592 3695 4.
622 3636 850 3703 Legiones
878 3635 1025 3684 duas.
1049 3635 1247 3683 Accius
1267 3650 1296 3683 e
1324 3637 1493 3684 Mace·
1571 3636 1734 3700 prius.
1755 3636 1814 3684 ld
1838 3652 1971 3684 nunc
1998 3637 2042 3684 ei
2067 3634 2229 3684 ridens
2249 3635 2302 3682 in
2325 3635 2604 3683 mernor-inm

470 3717 618 3764 doni·
653 3732 678 3763 a
706 3717 780 3764 M.
820 3715 1041 3763 Antonio
1075 3729 1180 3763 cos.
1219 3724 1267 3762 et
1303 3730 1332 3762 a
1374 3715 1492 3764 Caio
1581 3725 1800 3764 revocat.
1827 3717 1878 3765 J.
1907 3720 1960 3764 F.
1997 3717 2232 3764 Gnonov.
2269 3741 2340 3750 —
2360 3714 2604 3777 Mongalt.

472 3799 576 3858 cJus
614 3796 757 3844 fratre
790 3795 1099 3844 Brundisium
1126 3793 1381 3852 advectas,
1425 3793 1490 3842 ad
1582 3793 1974 3859 distinguendum
2004 3795 2194 3860 putavit
2219 3795 2347 3843 inter
2372 3804 2520 3842 antea
2553 3803 2605 3841 et

470 3891 590 3937 qun
614 3876 811 3924 Marcus
828 3891 945 3923 mox
973 3873 1225 3939 profectus
1245 3886 1333 3934 est,
1356 3872 1487 3922 Phil.
1569 3874 1726 3938 prius.
1755 3872 1848 3922 Sed
1862 3875 1976 3924 ΙΝ.
1995 3878 2047 3924 1..
2063 3873 2304 3923 Gronovii
2315 3872 2603 3922 sententiam

473 3957 562 4004 111.
591 3956 750 4002 Pom.
1576 3951 1772 4018 probat.
1801 3955 1895 4001 En.

542 4033 591 4081 5.
614 4031 766 4080 Prius.
796 4031 1022 4090 Auditis,
1048 4047 1192 4095 quam
1218 4048 1323 4080 nos.
1648 4047 1698 4094 9.
1734 4033 1804 4078 Tu
1821 4047 1961 4081 vem.
1983 4033 2140 4080 Iocus
2155 4031 2288 4096 apud
2312 4030 2600 4078 Lambinum

538 4111 587 4158 6.
609 4107 850 4178 Διάλογον.
878 4109 1157 4170 Dialogum.
1577 4111 1752 4175 planus
1790 4122 1836 4158 et
1879 4111 2166 4158 commodus
2195 4126 2208 4158 τ
2239 4108 2371 4174 apud
2409 4119 2600 4158 ceteros
