3019 4681
673 350 1192 423 EPISTOLAE
1242 350 1378 419 AD
1426 350 1923 435 ΑΤΤΙΟΠΜ,
1968 352 2117 437 IX,
2170 377 2237 421 α.
2444 346 2531 450 57

400 487 475 547 et
511 472 978 545 Brundisium
1001 476 1238 545 Caesar
1263 475 1493 545 esset?
1515 471 1817 559 Deinde,
1844 476 2059 543 etiam
2090 472 2227 543 scit
2261 474 2539 570 ἀπαρῥη-

403 581 651 651 σίαστον
676 576 737 623 ¹³
767 604 919 649 esse
955 580 1030 649 in
1067 602 1146 649 ea
1171 602 1384 649 causa
1418 578 1789 675 querelam
1816 602 2043 651 suam.
2068 580 2187 649 Me
2216 594 2425 677 putat
2442 581 2536 653 (16

403 690 968 787 municipiorum
1009 686 1541 769 imbecillitate,
1587 687 1681 759 de
1724 686 2163 775 delectibuS,
2204 687 2297 759 de
2332 712 2538 787 pace,

404 798 496 870 de
524 797 746 884 urbe,
797 798 888 869 de
929 800 1270 896 pecunia,
1321 797 1413 868 de
1458 798 1721 867 Piceno
1756 796 2184 895 occupando
2228 797 2393 895 plus
2428 803 2537 869 vi-

406 908 593 980 disse
614 962 634 997 ,
663 934 885 1007 quam
914 933 1012 980 se.
1043 910 1200 996 Sin,
1227 932 1458 1006 quum
1479 922 1827 1007 potuero,
1854 932 2004 977 non
2042 932 2349 998 venero,
2381 926 2537 981 tum

407 1022 542 1091 erit
569 1021 900 1092 inimicus
936 1047 952 1089 z
992 1016 1199 1117 quod
1225 1044 1358 1117 ego
1391 1044 1547 1091 non
1592 1043 1684 1089 eo
1739 1042 2031 1107 vereor,
2068 1044 2163 1091 ne
2195 1019 2374 1091 mihi
2410 1044 2540 1092 no·
2600 1110 2607 1118 ¹

409 1144 567 1201 ceat
599 1155 615 1199 :
657 1129 884 1228 (quid
915 1131 1111 1201 enim
1143 1126 1404 1205 faciet?

730 1323 814 1384 Τίς
844 1317 898 1375 δ’
917 1324 1026 1375 ἔστι
1045 1316 1218 1384 δοῦλος
1239 1306 1310 1389 ¹⁴,
1329 1328 1416 1376 τοῦ
1443 1325 1603 1375 Omni*
1630 1322 1853 1394 ἄφροντις
1874 1322 1939 1375 ὧν
1957 1320 2007 1389 3)

415 1490 544 1563 sed
572 1491 744 1587 quia
783 1491 1045 1588 ingrati
1077 1491 1303 1561 animi
1343 1492 1621 1562 crimen
1654 1490 1942 1563 horreo.
1986 1491 2298 1565 Confido
2331 1494 2550 1592 igitur

417 1592 805 1672 adventum
869 1617 1213 1672 nostrum·
1254 1599 1410 1689 illi,
1449 1620 1753 1699 quoquo
1796 1616 2125 1700 tempore
2178 1601 2431 1692 fuerit,
2468 1618 2553 1675 ut

419 1706 667 1779 scribis
691 1761 713 1795 ,
754 1711 1115 1802 ἀσμένιστον
1143 1705 1203 1751 ¹⁵
1241 1704 1419 1778 fore.
1456 1712 1640 1779 Nam
1662 1707 1861 1803 quod
1884 1709 2017 1793 aiS,
2058 1710 2115 1779 si
2140 1708 2257 1779 hic
2275 1706 2339 1753 ¹⁶
2368 1724 2549 1780 tem-

417 1821 786 1915 perantius
810 1820 1066 1915 egerit,
1104 1816 2037 1890 consideratius·consilium
2071 1834 2141 1891 te
2178 1818 2556 1909 daturum3

421 1926 547 2024 qui
578 1927 698 1998 hic
723 1942 964 2026 potest
990 1953 1066 1999 se
1093 1949 1340 2025 gerere
1359 1952 1508 1998 non
1539 1926 1863 2024 perdite?
1901 1928 2043 1998 vita
2063 1981 2082 2015 ,
2116 1952 2354 1998 mores
2380 1981 2398 2013 ,
2436 1953 2552 1998 an-

423 2035 717 2123 tefacta,
771 2040 955 2109 ratio
993 2038 1308 2136 suscepti
1341 2038 1653 2135 negotii,
1688 2039 1896 2128 socii,
1932 2038 2119 2109 vires
2154 2037 2560 2126 bonorum,

430 2163 557 2219 aut
590 2148 804 2218 etiam
846 2149 1353 2219 constantiam.

527 2256 835 2329 Vixdum
893 2258 1272 2357 epistolam
1321 2272 1523 2329 tuam
1584 2258 1894 2358 legeram
1928 2314 1949 2348 ,
1994 2282 2225 2357 quum
2268 2257 2360 2329 ad
2405 2282 2561 2346 me,

431 2391 728 2440 currens
764 2368 856 2440 ad
887 2369 1090 2439 illum
1113 2424 1132 2459 ,
1167 2373 1553 2441 Postumus
1594 2371 1888 2440 Curtius
1924 2372 2165 2458 venit,
2208 2367 2387 2439 nihil
2426 2369 2565 2438 nisi

429 2479 686 2550 classes
725 2479 1033 2576 loquens
1066 2493 1138 2550 et
1171 2481 1526 2550 exercitus
1560 2507 1575 2550 ε
1616 2479 1969 2577 eripiebat
2002 2480 2419 2577 Hispania53
2456 2493 2565 2548 te-

429 2587 652 2660 nebat
677 2591 915 2661 Asiam
931 2643 950 2678 ,
974 2588 1286 2660 Siciliam
1302 2642 1322 2677 ,
1351 2587 1699 2676 Africam,
1724 2588 2155 2677 Sardiniam;
2184 2586 2573 2660 confestim·

431 2700 506 2769 in
537 2700 880 2770 Graeciam
920 2696 1494 2797 persequebatur
1515 2693 1598 2768 ¹⁸.
1630 2695 1964 2770 Eundum
2002 2698 2222 2795 igitur
2248 2713 2392 2784 est,
2434 2719 2569 2766 nec

431 2821 579 2877 tam
618 2821 702 2878 ut
743 2805 960 2897 belli,
1009 2831 1228 2905 quam
1279 2821 1364 2898 ut
1423 2805 1609 2904 fugae
1664 2809 1841 2878 socii
1898 2809 2141 2878 simus.
2178 2811 2328 2878 Nec
2373 2807 2568 2876 enim

431 2914 619 2989 ferre
643 2931 900 3015 potero
934 2941 1302 2989 sermones
1335 2917 1678 3006 istorum,
1713 2917 2160 3014 quicumque
2186 2929 2379 2986 sunt.
2402 2917 2565 2985 Non
2634 2951 2644 2962 -

437 3041 608 3097 sunt
651 3031 848 3097 enim
885 3042 1081 3098 certe
1103 3081 1122 3115 ,
1159 3041 1243 3097 ut
1281 3027 1779 3124 appellantur,
1807 3025 2006 3120 boni.
2043 3024 2184 3097 Sed
2220 3040 2463 3096 tamen
2499 3022 2573 3093 id
2616 3099 2621 3104 ,

437 3137 672 3234 ipsum
703 3137 1127 3234 scirecupio
1144 3190 1164 3226 ,
1200 3135 1381 3234 quid
1400 3131 1827 3234 loquantum
1853 3137 2073 3232 idque
2094 3151 2179 3206 ut
2203 3133 2536 3230 exquiras
2553 3185 2573 3220 ,

517 3366 597 3413 13.
624 3351 1036 3434 Ᾰπαῤῥησὲαστον.
1063 3365 1175 3414 Sch.
1205 3365 1421 3430 explieat
1445 3381 1459 3417 :
1628 3368 1709 3416 15.
1728 3355 2025 3434 Ᾱσμένιστον.
2043 3364 2477 3415 Jncundissimnm.
2495 3363 2575 3412 Sic
2648 3379 2655 3387 ·

439 3443 586 3494 Haud
618 3445 732 3492 satin
759 3443 965 3492 liberam
983 3479 998 3506 ,
1032 3460 1124 3491 nec
1148 3442 1342 3494 fiducie
1363 3446 1465 3511 ple·
1554 3447 1743 3496 Victor.
1762 3447 1893 3494 Olim
1911 3481 1927 3505 ‚
1952 3441 2307 3511 ἀσμενίοτερον.
2336 3445 2389 3492 J.
2402 3446 2470 3492 V.
2496 3445 2551 3493 L.

441 3540 558 3572 num
582 3523 780 3586 sibi-jin
808 3539 911 3570 esee
937 3523 1191 3586 querendi.
1216 3525 1307 3571 En.
1632 3527 1715 3573 16.
1740 3523 1795 3572 Se·
1809 3525 1905 3574 hic.
1938 3526 2115 3575 Ceut.
2472 3529 2485 3540 ⁰

517 3613 598 3660 14.
621 3599 700 3660 Τίς
719 3596 771 3650 δ’
789 3600 889 3650 ἔστι
916 3593 1103 3658 δοῦλος.
1135 3603 1372 3666 Quisnam
1394 3614 1468 3652 est
1630 3621 1651 3651 x
1664 3621 1713 3664 7.
1740 3603 2041 3652 Oonstantia.
2067 3603 2125 3650 In
2142 3601 2393 3650 sententiis
2411 3601 2581 3650 dicen-

443 3698 638 3741 eervus,
666 3681 752 3745 qni
773 3689 980 3728 mortem
1005 3696 1106 3728 non
1134 3681 1334 3730 timent?
1363 3683 1462 3730 Eu·
1556 3682 1630 3730 die
1648 3717 1664 3742 ‚
1718 3693 1767 3730 et
1812 3682 1987 3731 Caesari
2010 3715 2025 3740 ,
2058 3681 2100 3730 ni
2136 3679 2258 3745 quid
2292 3681 2573 3745 reipublice

444 3760 615 3826 ripidis
639 3761 877 3819 senarius,
904 3770 1100 3808 auctore
1126 3761 1386 3810 Plutarcho
1410 3761 1465 3808 in
1552 3761 1757 3810 noxium
1774 3771 1899 3810 esset
1920 3761 2164 3820 secturus,
2192 3777 2243 3809 se
2268 3761 2573 3825 opponendi.

368 3910 375 3919 Ι
445 3842 804 3890 Commentario
821 3839 882 3887 de
907 3837 1160 3888 audiendis
1183 3841 1366 3906 poetis.
1383 3839 1464 3889 Ad
1554 3841 1725 3888 Gnflv.

446 3919 771 3981 huimversm
791 3919 1082 3969 sententiam
1103 3921 1330 3970 existimo
1347 3919 1466 3969 allu-
1554 3967 1563 3976 ,
1631 3921 1711 3968 18.
1734 3916 1991 3982 En'pu’ebae
2020 3952 2143 3968 .....
2165 3918 2572 3982 persequebatur.

450 3999 565 4046 uine
581 3998 841 4058 Didonem,
857 4001 971 4048 AEn.
992 4001 1081 4058 IV,
1106 4001 1235 4058 604:
1257 4021 1280 4044 ι
1304 4002 1462 4063 Quem
1552 3999 1617 4046 Β.
1648 4014 1694 4046 e.
1734 4013 1827 4061 pro
1860 4008 1997 4047 certo
2021 3995 2318 4064 predicebat
2340 3997 2575 4045 Caeurem

453 4080 600 4126 metui
629 4081 897 4128 moritura?
915 4103 941 4123 a·
966 4083 1112 4128 chr.
1556 4087 1831 4142 erepturum
1858 4077 2115 4142 Hispanias
2130 4111 2147 4139 ,
2180 4086 2275 4124 etc.
2300 4075 2389 4122 En.
