3019 4681
564 409 710 501 450
1154 411 1252 480 Μ.
1304 411 1387 480 Τ.
1438 407 2014 481 CICERONIS

563 546 731 608 ante
748 545 857 604 ²⁰:
896 531 1085 604 nosti
1124 529 1391 602 horum
1438 529 2026 604 exercitationem
2065 531 2145 600 in
2180 527 2583 619 latrocinio,
2611 543 2671 602 et

564 653 978 724 amentiam.
1037 644 1447 735 Dolabella,
1496 647 1608 715 vir
1643 647 1982 744 optimus.
2035 643 2226 732 Etsi,
2265 666 2490 742 quum
2527 645 2670 715 seri·

564 761 830 834 bebam
853 809 873 848 ‚
942 755 1262 830 secunda
1326 767 1576 828 mensa
1629 756 1996 854 apposita,
2065 757 2352 827 venisse
2398 779 2555 826 eum
2595 752 2674 824 ad

564 874 765 945 Baias
804 868 1227 956 audiebam3
1270 881 1514 939 tamen
1566 863 1654 937 ad
1705 891 1822 938 me
1866 889 1954 938 ex
1996 869 2384 938 Formiano
2425 866 2678 964 scripsit

565 985 800 1079 (quas
830 982 1068 1051 literas
1088 1033 1109 1068 ,
1140 1001 1371 1075 quum
1408 1003 1447 1049 e
1474 977 1764 1049 balineo
1793 978 2096 1050 exissem
2117 1031 2138 1065 ,
2179 977 2511 1076 accepi),
2544 999 2675 1049 sese

562 1093 655 1163 de
706 1089 1254 1162 attributione²¹
1314 1089 1561 1159 omnia
1621 1109 1902 1159 summa
1956 1084 2259 1160 fecisse:
2304 1093 2676 1161 Vectenum

564 1215 851 1274 accusat
877 1209 980 1288 ⁹⁸3
1025 1201 1325 1269 tricatur
1368 1198 1682 1288 scilicet,
1719 1213 1800 1269 ut
1836 1198 2065 1270 homo
2106 1197 2268 1270 talis
2291 1196 2380 1270 ²³.
2428 1197 2558 1270 Sed
2597 1201 2680 1270 ait

560 1323 800 1379 totum
855 1308 1229 1404 negotium
1289 1311 1614 1379 Sextium
1669 1323 2005 1380 nostrum
2045 1311 2478 1407 suscepisse,
2513 1309 2679 1408 opti·

564 1443 770 1488 mum
807 1413 1347 1514 quidem'illum
1389 1419 1659 1508 virum,
1697 1421 2074 1517 nostrique
2115 1423 2677 1492 amantissimum.

562 1533 829 1620 Quaero
870 1543 1115 1599 autem
1142 1581 1163 1618 ,
1207 1528 1388 1627 quid
1425 1528 1722 1600 tandem
1759 1531 2042 1602 Sextius
2076 1531 2156 1599 in
2191 1527 2332 1602 hac
2365 1555 2444 1602 re
2477 1529 2680 1601 facere

560 1642 790 1738 possit
809 1691 828 1726 ‚
862 1639 1066 1738 quod
1096 1661 1246 1711 non
1276 1639 1514 1738 quivis
1539 1641 1925 1711 nostrum?
1955 1638 2134 1728 Sed,
2163 1643 2224 1710 si
2251 1640 2428 1738 quid
2454 1655 2684 1739 praeter

560 1773 763 1848 spem
797 1751 971 1836 erit,
1008 1746 1225 1822 facies
1258 1765 1343 1821 ut
1376 1751 1621 1822 sciam.
1659 1752 1782 1821 Sin
1817 1765 1954 1837 est,
1991 1763 2076 1822 ut
2109 1750 2450 1839 arbitror,
2492 1773 2684 1849 nego-

564 1863 745 1932 tium
793 1857 1200 1959 perditum‚
1252 1861 1525 1934 scribes
1567 1875 1854 1948 tamem
1893 1883 2136 1958 neque
2179 1862 2316 1933 ista
2367 1887 2482 1933 res
2519 1881 2686 1932 com-

560 1966 905 2038 movebit.
940 1970 1087 2040 Nos
1116 1964 1235 2039 hic
1266 1974 1708 2064 φιλοσοφῶμεν
1727 1973 1794 2022 ²⁴
1821 1966 2042 2065 (quid
2079 1968 2274 2038 enim
2313 1967 2601 2063 aliud?)‚
2625 1979 2686 2038 et

565 2076 651 2144 τὰ
680 2077 818 2171 περὶ
853 2071 967 2146 ’ἑοῦ
1000 2071 1459 2157 unbimaita-5²⁵
1498 2072 1880 2172 magnifice
1915 2073 2396 2172 explicamus,
2441 2099 2688 2171 προσφω-

565 2187 931 2277 νοῦμένᾳυο
954 2176 1021 2223 ²⁶
1098 2183 1453 2252 Ciceroni.
1498 2183 1664 2271 Qua
1715 2180 1808 2251 de
1862 2205 1942 2253 re
1993 2183 2188 2251 enim
2226 2184 2472 2279 potius
2513 2193 2688 2279 pater

569 2290 765 2362 filio?
798 2290 1077 2363 Deinde
1114 2291 1268 2363 alia.
1310 2290 1509 2383 Quid
1547 2293 1852 2390 quaeris?
1892 2291 2204 2364 exstabit
2247 2313 2472 2392 opera
2509 2312 2688 2391 pere-

568 2401 991 2498 grinationis
1039 2402 1281 2498 hujus,
1335 2406 1740 2473 Varronem
1789 2400 2050 2491 hodie,
2096 2417 2226 2498 aut
2269 2426 2429 2475 cras
2465 2415 2689 2473 ventu-

574 2536 741 2581 rum
784 2510 1156 2609 putabant.
1208 2517 1361 2610 Ego
1400 2528 1649 2584 autem
1693 2515 1770 2583 in
1805 2515 2327 2612 Pompeianum
2377 2532 2691 2612 propera·

570 2620 781 2709 bam3
822 2647 973 2692 non
1009 2647 1160 2719 quo
1190 2623 1333 2695 hoc
1370 2622 1535 2695 loco
1573 2625 1971 2721 quidquam
2007 2623 2418 2722 pulchrius;
2457 2623 2578 2694 sed
2604 2623 2693 2692 in-

572 2732 1068 2828 terpellatores
1096 2732 1241 2805 illie
1265 2730 1507 2805 minus
1527 2733 1832 2805 molesti.
1857 2732 1997 2807 Sed
2023 2733 2388 2833 perscribe
2405 2792 2427 2825 ,
2451 2756 2694 2832 quaes0,

570 2864 732 2937 quae
774 2865 988 2911 causa
1024 2842 1117 2913 sit
1148 2842 1521 2939 Myrtilo²⁷
1561 2846 1856 2942 (poenas
1885 2845 2185 2943 quidem
2215 2844 2424 2916 illum
2452 2866 2695 2943 pepen-

570 2951 756 3023 disse
785 2952 1089 3048 audivi),
1124 2967 1198 3024 et
1225 2954 1489 3025 satisne
1516 2949 1848 3052 pateatffl,
1877 2955 2076 3027 unde
2111 2970 2522 3054 corruptus,
2553 2958 2695 3025 Haec

572 3083 805 3159 quum
857 3061 1249 3135 scriberem
1275 3117 1303 3152 ,
1354 3077 1635 3135 tantum
1688 3062 1891 3161 quod
1948 3064 2450 3139 existimabam
2503 3058 2592 3135 ad
2637 3074 2696 3130 te

575 3178 981 3245 orationem
1054 3196 1209 3246 esse
1272 3174 1643 3273 perlatam.
1705 3178 1887 3265 Hui,
1943 3200 2168 3275 quam
2219 3179 2482 3262 time0,
2539 3168 2696 3273 quid

644 3380 731 3415 20.
755 3367 837 3414 Ne
851 3365 979 3429 quid
992 3376 1128 3413 anm.
1159 3366 1342 3430 supple
1354 3400 1372 3427 ,
1396 3365 1602 3413 accidat.
1765 3367 1852 3415 25.
1879 3363 1955 3417 Τὰ
1970 3364 2082 3435 πιρὶ
2099 3370 2182 3418 τοῦ
2201 3362 2626 3431 stamme-Q
2645 3356 2696 3408 θ’

644 3460 705 3492 21
720 3478 733 3493 .
763 3447 840 3493 De
862 3442 1193 3493 attributione.
1218 3446 1289 3494 Ut
1308 3445 1346 3492 ii
1361 3476 1375 3503 ,
1400 3446 1487 3508 qui
1508 3444 1606 3509 ipsi
1694 3445 1878 3496 officio.

574 3522 784 3582 debent,
822 3523 945 3571 mihi
969 3540 1021 3571 so
1047 3524 1295 3573 soluturos
1319 3522 1605 3589 pollioeren-
1765 3526 1853 3575 26.
1883 3528 2281 3593 Προσφωνοῦμιν.
2305 3521 2624 3573 Imm-ibimus.

576 3612 675 3649 tur.
708 3602 857 3650 Marc.
1768 3620 1852 3665 ²7·
1882 3598 2098 3665 Myrtilo.
2130 3599 2270 3653 sen-vl
2295 3614 2480 3652 nomen
2503 3596 2693 3649 videtur,

650 3695 735 3729 22.
755 3682 982 3729 Accusat.
1010 3681 1297 3730 Debitorem
1314 3696 1457 3730 suum
1474 3716 1491 3740 ‚
1515 3681 1604 3745 qui
1699 3696 1804 3733 non
1829 3686 2020 3732 romani
2043 3682 2280 3743 hominis,
2306 3684 2370 3732 nd
2399 3684 2504 3744 ejus
2521 3677 2696 3729 ibrum

577 3756 699 3816 sibi,
715 3774 813 3822 qua
836 3759 917 3807 dle
935 3760 1244 3826 prominent,
1270 3776 1375 3810 non
1390 3760 1609 3810 solverit.
1697 3764 1896 3828 Myrtili
1928 3763 2252 3812 imitationem
2271 3796 2290 3822 ‚
2329 3775 2474 3825 quem
2508 3757 2696 3820 ,urigzm

576 3838 791 3885 Manu-r.
1697 3843 1940 3891 OEnomai
1974 3842 2151 3903 fuisse,
2187 3841 2400 3905 antiquae
2433 3836 2600 3887 fabula!
2619 3846 2698 3881 tn·

494 3956 500 3961 .
646 3915 731 3961 23.
761 3912 1115 3978 sehfflzmni.
1146 3928 1204 3966 ne
1220 3918 1483 3967 moneta&
1501 3952 1519 3979 ,
1548 3934 1611 3967 ex
1701 3920 1841 3970 dunt.
1861 3920 2006 3969 Mu..
2031 3945 2101 3957 -ι-
2131 3918 2256 3983 Quis
2291 3918 2356 3969 sit
2383 3920 2463 3968 hic
2489 3910 2698 3983 mynnm

576 3992 719 4053 epist.
747 3992 809 4039 nd
836 3992 991 4043 Amic.
1020 3996 1103 4056 1,
1134 4010 1218 4044 ιι.
1240 3996 1290 4045 J.
1306 3998 1375 4045 V.
1405 4000 1461 4046 L.
1697 4002 1891 4063 ignorat
1911 4000 1961 4047 J.
1980 4002 2043 4047 V.
2067 4002 2124 4047 L.
2227 4048 2234 4055 ,

644 4076 727 4124 ²4·
784 4073 1147 4138 Φιλοσοφοῦμεν.
1178 4072 1603 4140 fflhoophamur.
1767 4078 1852 4127 28.
1895 4078 1966 4126 Ec
1989 4076 2175 4127 satime
2201 4088 2396 4141 pateat.
2419 4077 2546 4134 Alii,
2570 4084 2616 4119 et
2634 4084 2697 4118 Μ·

570 4171 640 4183 --
666 4145 765 4193 Alii
789 4146 957 4225 legunt
980 4150 1374 4217 φιλοσοφούμεθα.
1693 4158 1817 4207 eisne
1843 4168 2003 4221 patet.
2025 4160 2077 4207 J.
2097 4160 2163 4206 V.
2186 4159 2246 4207 L.
