3019 4681
492 389 631 462 288
1126 391 1225 458 M.
1275 389 1354 458 T.
1408 359 1967 458 CICERONIS

490 508 732 585 t‘abam
777 476 969 583 enim
990 562 1012 597 ‚
1064 505 1515 580 commodius
1555 519 1628 578 te
1673 504 1866 578 idem
1915 505 2110 580 istud
2156 507 2358 582 domi
2405 535 2615 610 agere

488 646 697 722 posse
719 676 738 708 ‚
774 618 1355 718 interpellatione
1393 610 1697 689 sublata.

482 793 591 824 snas
619 764 923 822 commodius
948 781 1111 836 postet
1135 768 1404 828 confimo,
1424 769 1503 817 in·
1594 784 1704 816 ecre
1720 801 1737 828 ,
1755 766 1798 815 si
1815 783 1866 815 oe
1885 766 2020 816 domi
2041 778 2252 828 tenent,
2273 772 2468 821 nemine
2483 807 2501 833 ‚
2527 775 2616 838 qni

482 854 819 919 terpellntione
840 849 1045 899 sublata.
1073 849 1264 899 Deinde
1290 849 1425 916 venit
1448 847 1505 896 in
1591 846 1986 912 interpellaturus
2005 859 2131 897 esset
2151 882 2167 909 ‚
2191 849 2425 900 admisso.
2442 853 2616 916 Itaque
2717 879 2724 884 -

480 946 720 993 nentem,
741 931 874 979 idem
906 928 1033 978 illud
1049 930 1221 977 Roma
1253 944 1395 992 posse
1432 927 1505 976 sa·
1593 927 1727 975 feeit.
1749 925 1904 991 Epist.
1925 929 1989 983 43
2008 957 2024 988 ‚
2050 934 2149 988 44,
2183 929 2252 989 45
2278 941 2328 978 et
2363 932 2450 986 46.
2469 932 2612 980 MAn.

1278 1081 1808 1110 mmmm
1811 1086 2362 1112 mmm
2367 1093 2606 1114 m

1046 1215 1640 1324 EPISTOLA
1702 1216 2047 1296 XLIII.

483 1371 572 1431 De
611 1370 816 1430 itinere
846 1386 990 1442 su03
1028 1363 1103 1426 de
1138 1367 1323 1426 hortis
1357 1368 1449 1426 vel
1491 1366 1712 1426 Clodiae
1732 1409 1748 1436 ,
1783 1367 1877 1424 vel
1900 1366 2183 1428 Trebonii
2215 1369 2493 1430 emendis.
2521 1373 2610 1446 (In

895 1465 1151 1538 Antiati,
1186 1484 1340 1523 anno
1368 1467 1441 1524 U.
1470 1464 1715 1540 (1.,708,
1757 1482 1952 1522 mense
1969 1463 2183 1544 Ιᾗιηιίο.)

1160 1619 1475 1686 CICERO
1519 1619 1851 1685 ATTICO
1897 1621 1964 1686 S.

572 1757 728 1826 Eoo
758 1751 1107 1854 postridie
1150 1750 1313 1825 idus
1336 1807 1357 1840 ‚
1398 1766 1484 1822 ut
1525 1751 1780 1851 scripsi
1822 1751 1914 1825 ad
1955 1767 2030 1825 te
2065 1769 2267 1843 ante,
2311 1757 2616 1828 Lanuvii

477 1889 771 1936 manere
797 1862 1175 1951 constitui3
1214 1860 1385 1933 inde
1426 1877 1554 1932 aut
1591 1866 1839 1932 Romae
1860 1917 1882 1950 ‚
1916 1876 2043 1933 aut
2076 1865 2153 1935 in
2180 1865 2606 1938 Tusculano.

476 1977 673 2048 Scies
714 1989 879 2046 ante
925 1987 1339 2070 utrumque.
1368 1971 1588 2064 Quod
1629 1969 1792 2042 siles
1813 1981 1867 2059 ¹,
1905 1982 2149 2043 recte²
2197 1972 2377 2044 mihi
2415 1973 2612 2046 illam

479 2109 636 2157 rem
666 2082 821 2155 fore
847 2082 1285 2168 levamento,
1324 2079 1513 2152 bene
1541 2076 1748 2166 facis;
1785 2103 2014 2177 quum
2041 2079 2118 2151 id
2145 2079 2401 2170 esset-²⁴,
2433 2083 2616 2156 mihi

478 2192 693 2266 crede
713 2247 733 2282 ,
757 2190 1095 2292 perinde,
1124 2205 1210 2262 ut
1243 2191 1650 2262 existimare
1688 2203 1768 2260 tu
1806 2213 1958 2278 non
2003 2214 2271 2289 posses.
2321 2199 2461 2266 Res
2497 2195 2610 2265 in-

480 2302 706 2391 dicat,
757 2316 1031 2399 quanto
1078 2324 1299 2398 opere
1348 2297 1425 2371 id
1472 2300 1806 2398 cupiam,
1856 2319 2088 2398 quum
2130 2300 2265 2374 tibi
2305 2303 2612 2376 audeam

479 2409 844 2500 confiteri,
877 2436 1097 2510 quem
1125 2410 1200 2482 id
1230 2413 1507 2483 nonita
1540 2410 1747 2482 valde
1772 2409 2092 2509 probare'
2111 2411 2438 2486 arbitrer.
2468 2414 2614 2488 Sed

478 2520 820 2595 ferendus
842 2521 977 2593 tibi
1014 2524 1089 2593 in
1112 2521 1255 2593 hoc
1280 2546 1487 2593 meus·
1504 2546 1746 2608 error-3
1779 2519 2164 2593 ferendus?
2189 2524 2414 2596 immo
2435 2550 2612 2597 vero

478 2635 694 2703 etiam
730 2631 1201 2727 adjuvandus,
1254 2634 1363 2703 De
1412 2631 1707 2702 Othone
1753 2628 2046 2720 diffido,
2094 2629 2394 2706 fortasse
2441 2638 2614 2733 quia

478 2743 720 2841 cupio.
754 2742 893 2813 Sed
916 2756 1156 2813 tamen
1182 2741 1410 2837 major
1437 2743 1652 2813 etiam
1674 2765 1792 2813 res
1820 2756 1962 2829 est,
1994 2764 2212 2839 quam
2240 2742 2614 2818 facultates

478 2868 740 2926 nostrae
761 2908 781 2942 ‚
816 2855 1210 2951 praesertim
1236 2851 1644 2925 adversario
1675 2866 1747 2923 et
1774 2850 2043 2950 cupido
2063 2906 2083 2941 ,
2113 2868 2188 2925 et
2209 2853 2609 2954 locuplete,

479 2981 555 3037 et
603 2963 894 3037 herede.
941 2966 1361 3036 Proximum
1406 2978 1556 3053 est,
1593 2977 1676 3034 ut
1716 2960 1931 3033 velim
1975 2960 2262 3035 Clodiae.
2309 2966 2447 3040 Sed
2464 2972 2523 3056 4,
2551 2971 2612 3041 si

483 1076 681 1117 tans-ane
690 1093 754 1112 v*

550 3164 595 3195 1.
627 3145 776 3212 Quod
793 3144 927 3195 siles.
974 3144 1153 3208 Quod,
1180 3146 1368 3211 inquit,
1397 3162 1499 3195 non

473 3228 645 3276 scribis
659 3261 674 3286 ,
692 3224 780 3274 sed
800 3236 928 3273 taces
952 3224 1085 3273 illam
1104 3226 1203 3275 funi
1221 3224 1499 3275 edificatio·

474 3323 587 3355 nem
614 3316 743 3354 recte
764 3306 869 3352 fore
891 3304 1163 3353 levamento
1190 3303 1353 3353 dolori
1370 3321 1498 3364 meo,

471 3385 595 3433 bene
622 3384 741 3432 fade
764 3399 779 3441 ς
814 3381 927 3445 quin
954 3384 1069 3429 ntis
1096 3383 1369 3431 existimare
1396 3399 1499 3432 non

1586 3145 1704 3204 rim,
1723 3143 1941 3207 judicare
1965 3146 2152 3207 nescis,
2179 3148 2266 3212 qni
2288 3165 2380 3198 nee
2407 3152 2610 3213 sentin,

1586 3238 1680 3272 nee
1719 3224 1923 3272 senseris
1950 3240 2118 3289 parem
2153 3226 2388 3278 dolorem.
2431 3234 2483 3281 J.
2528 3236 2610 3283 Fr.

1587 3303 1900 3353 Gnonov.—
1917 3304 2122 3353 Faciunt
2145 3322 2256 3355 enni
2283 3310 2432 3359 Bosio
2459 3314 2608 3361 Mon-

1587 3382 1760 3445 geltins
1785 3394 1834 3431 et
1855 3384 1889 3431 J
1895 3386 1970 3432 .V.
1993 3385 2236 3433 L.-Ern.
2257 3387 2440 3440 delevit
2459 3402 2605 3449 recte,

477 3479 643 3527 posses
670 3498 685 3523 ,
730 3462 909 3509 nedum
958 3462 1179 3510 oratione
1229 3464 1495 3527 consequi,

474 3554 711 3607 quantum
724 3540 806 3590 iun
824 3558 900 3590 res
918 3541 1045 3589 hane
1059 3557 1213 3589 meam
1228 3542 1500 3590 molestiam

476 3622 691 3670 levatura
707 3632 845 3669 estet.
866 3622 1060 3668 Bonus.
1082 3646 1153 3657 —
1165 3622 1323 3669 Recte.
1342 3622 1501 3669 Aliam

478 3701 923 3765 interpretationem
948 3700 1089 3749 affert
1105 3703 1327 3751 Gronov.
1348 3700 1499 3764 Quod

478 3779 748 3827 dissimulas
767 3779 898 3843 apud
921 3795 1005 3827 eos
1023 3814 1038 3840 ‚
1062 3780 1356 3844 quihuscnm
1381 3782 1500 3845 agis,

478 3858 539 3905 de
568 3857 721 3904 hortis
748 3858 1003 3905 consilinm
1028 3874 1214 3920 meum,
1252 3870 1303 3907 et
1334 3876 1411 3908 me
1437 3877 1499 3909 ex

477 3945 752 3984 consecrata
781 3936 938 3984 Tullia
981 3938 1273 3991 levationem
1315 3937 1500 3988 doloris

478 4026 639 4077 petere
655 4048 672 4073 ,
689 4012 853 4061 hudo.
868 4016 995 4064 Nam
1013 4029 1067 4067 tn
1085 4017 1191 4082 ipse
1203 4051 1218 4075 ‚
1241 4034 1385 4081 qnam
1402 4018 1498 4067 hoc

477 4094 547 4140 itu
568 4094 628 4138 sit
645 4126 659 4149 ,
682 4108 925 4157 quamque
950 4096 1144 4160 penitus
1180 4111 1273 4159 ego
1296 4098 1499 4145 imbibe-

1588 3461 1727 3524 qnod
1757 3461 1953 3513 sehfitz.
1981 3464 2225 3528 probavit.
2253 3468 2347 3515 En.

1659 3558 1714 3589 α.
1732 3543 1983 3591 Manutius
2009 3544 2212 3606 conjicit
2233 3547 2332 3592 κη’
2345 3558 2424 3606 te;
2441 3548 2613 3598 Lamb.

1588 3632 1731 3669 certe.
1763 3622 1978 3670 Omnino
2009 3620 2139 3671 delet
2163 3626 2428 3674 Ernestins.
2454 3628 2612 3691 Magis

1587 3700 1713 3747 sorte
1739 3699 1998 3749 delendum
2034 3701 2327 3765 benefacis,
2374 3716 2458 3753 ent
2487 3706 2614 3755 nihil

1588 3777 1864 3828 delendum.
1891 3783 1942 3830 J.
1972 3784 2033 3830 V.
2060 3784 2116 3830 L.

1660 3855 1712 3907 3.
1737 3857 1936 3909 Sehiitz.
1961 3860 2188 3922 conjicit,
2227 3880 2526 3929 quamquam
2559 3863 2620 3913 id

1589 3946 1683 3984 ese.
1700 3969 1712 3983 .
1725 3974 1738 3987 .
1765 3937 1940 4001 possis.
1957 3938 2007 3989 J.
2025 3939 2090 3987 V.
2115 3941 2170 3989 1..

1663 4025 1710 4072 4.
1727 4016 1827 4063 Sed
1849 4018 1902 4065 in
1928 4016 2042 4067 edd.
2063 4019 2262 4070 veterib.
2287 4019 2612 4071 desideratur.

1586 4095 1619 4141 J
1625 4129 1639 4143 .
1661 4094 1725 4143 V.
1753 4096 1807 4143 1..
