3019 4681
623 334 1168 405 EPISTOLAE
1215 336 1354 405 AD
1403 337 1494 426 o.
1532 336 2040 424 FRATREM,
2084 339 2155 423 1,
2214 357 2277 404 1.
2376 330 2513 431 537

380 458 524 531 hoc
559 460 952 557 praesertim
996 482 1262 556 genere
1307 458 1699 558 intelligam
1736 458 2121 558 prudentia
2158 480 2317 531 non
2362 479 2517 531 esse

381 568 796 651 inferiorem
823 624 844 659 ,
895 593 1112 667 quam
1157 592 1310 657 me;
1359 594 1502 641 usu
1541 594 1719 643 vero
1768 570 1983 641 etiam
2023 566 2521 667 superiorem?

383 678 524 753 Sed
553 693 796 753 tamen
827 680 886 753 si
919 678 1012 751 ad
1037 704 1120 751 ea
1141 734 1162 767 ,
1196 702 1360 777 quae
1391 676 1698 769 faceres,
1734 682 2120 752 auctoritas
2138 674 2518 751 accederet

382 808 576 879 mea‚·
606 789 739 863 tibi
785 792 922 888 ipsi
956 788 1077 861 illa
1121 790 1368 887 putavi
1411 788 1568 861 fore
1594 788 2056 885 jucundiora.
2094 791 2339 877 Quare
2374 788 2521 856 sint

380 899 534 973 haec
573 898 1046 973 fundamenta
1089 898 1454 998 dignitatis
1506 914 1649 973 tuae
1704 927 1719 970 ε
1782 915 1907 972 tua
1959 904 2279 1001 primum
2327 898 2517 967 inte.-

381 1011 602 1107 gritas
624 1024 700 1084 et
719 1011 1164 1084 continentia
1185 1037 1206 1099 ;
1227 1008 1492 1083 deinde
1509 1014 1847 1083 omnium
1867 1065 1888 1100 ,
1917 1010 2049 1107 qui
2070 1024 2309 1083 tecum
2328 1020 2523 1093 sunt,

383 1120 660 1219 puden
697 1120 1018 1197 delectus
1051 1124 1133 1193 in
1169 1118 1675 1208 familiaribus,
1696 1136 1770 1197 et
1798 1118 2353 1220 provincialium
2384 1114 2523 1187 ho-

389 1232 670 1305 minum
688 1284 708 1318 ‚
735 1245 814 1303 et
837 1234 1266 1305 -Graecorum
1287 1284 1306 1320 ‚
1331 1246 1719 1330 percautus
1750 1246 1825 1303 et
1856 1230 2199 1329 diligens3
2236 1225 2523 1299 familiae

383 1340 619 1435 gravis
647 1353 720 1411 et
749 1355 1086 1413 constans
1119 1339 1523 1440 disciplina.
1554 1345 1737 1434 Quae
1769 1366 1999 1439 quum
2040 1339 2347 1412 honesta
2380 1338 2528 1409 sint

383 1450 460 1519 in
509 1448 626 1523 his
666 1452 960 1549 privatis
995 1452 1266 1525 nostris
1313 1450 1903 1550 quotidianisque
1963 1448 2407 1539 rationibus3
2426 1505 2433 1515 .
2450 1448 2527 1519 in

375 1570 585 1632 tauto
621 1558 932 1657 imperio
953 1614 978 1647 ,
1017 1576 1164 1634 tam
1209 1560 1615 1659 depravatis
1663 1560 2027 1649 moribus,
2078 1575 2228 1634 tam
2270 1578 2523 1633 corru-

383 1672 612 1765 ptrice
671 1672 1040 1769 provincia
1058 1726 1082 1762 ,
1143 1671 1386 1749 divina
1414 1671 1801 1747 videantur
1836 1676 2131 1744 necesse
2180 1683 2309 1742 est.
2356 1672 2526 1739 Haec

383 1778 742 1859 institutio
779 1796 1000 1879 atque
1027 1782 1180 1857 haec
1215 1782 1596 1881 disciplina
1629 1797 1870 1881 potest
1896 1784 2257 1855 sustinere
2288 1782 2365 1851 in
2406 1802 2522 1848 re·

382 1885 522 1962 bus
572 1891 972 1966 statuendis
1007 1907 1082 1967 et
1131 1892 1609 1969 decernendis
1647 1918 1802 1966 eam
1831 1892 2334 1980 severitatem,
2380 1912 2529 1986 qua

383 2011 464 2069 tu
513 2003 592 2101 in
625 2002 728 2081 iis
759 2000 980 2081 rebus
1014 2028 1192 2077 usus
1233 2028 1356 2093 es,
1399 2029 1492 2077 ex
1537 2002 1809 2103 quibus
1840 2001 2231 2075 nonnullas
2274 1997 2525 2071 simul·

375 2093 566 2193 tates
580 2110 648 2169 44
693 2136 862 2185 cum
907 2138 1166 2212 magna
1210 2139 1372 2187 mea
1427 2114 1677 2187 laetitia
1728 2127 2099 2212 susceptas
2145 2109 2525 2183 habemus.

381 2220 536 2303 Nisi
563 2218 750 2295 forte
779 2248 896 2297 me
925 2225 1216 2299 Paeonii
1249 2227 1498 2297 nescio
1534 2227 1775 2321 cujus,
1818 2222 2137 2305 hominis
2162 2248 2263 2297 ne
2296 2223 2528 2294 Graeci

386 2330 717 2429 quidem,
755 2349 832 2406 at
865 2336 1051 2432 Mysi
1071 2330 1162 2425 4⁵,
1201 2353 1334 2410 aut
1359 2336 1661 2434 Phrygis
1688 2336 1935 2434 potius
1954 2388 1977 2425 ‚
2017 2332 2333 2432 querelis
2372 2356 2531 2403 mo·

385 2445 536 2513 veri
575 2459 820 2542 putas3
863 2461 988 2518 aut
1025 2451 1400 2536 Tuscenii,
1439 2448 1756 2520 hominis
1798 2445 2053 2518 furiosi
2096 2469 2181 2517 ac
2218 2440 2527 2526 sordidi,

385 2551 708 2642 vocibus,
723 2580 938 2652 cujus
970 2571 1055 2628 tu
1083 2582 1174 2628 ex
1200 2559 1709 2684 irnpurissimis
1726 2554 2057 2628 faucibus
2082 2553 2525 2626 inhonestis-

387 2663 670 2735 simam
683 2667 1151 2765 cupiditatem
1182 2669 1511 2776 eripuisti
1551 2688 1829 2740 summa
1861 2691 2027 2738 cum
2065 2667 2419 2764 aequitate.

479 2779 690 2864 Haec,
731 2793 806 2848 et
851 2794 1090 2850 cetera
1149 2777 1366 2876 plena
1409 2779 1845 2866 severitatis,
1898 2803 2065 2875 quae
2102 2775 2411 2848 statuisti
2448 2774 2527 2844 in

387 2885 520 2955 ista
543 2887 957 2983 provincia,
991 2912 1142 2959 non
1171 2886 1376 2960 facile
1405 2890 1563 2959 sine
1589 2911 1868 2958 summa
1892 2887 2303 2984 integritate
2326 2884 2531 2956 susti-

388 3015 744 3065 neremus.
791 2999 1032 3092 Quare
1069 2999 1176 3070 sit·
1197 3020 1478 3070 summa
1501 2997 1767 3091 injure
1800 2993 2123 3079 dicundo
2148 2994 2487 3066 severitas
2507 3047 2528 3078 ‚

387 3099 794 3176 dummodo
855 3097 952 3178 ‘ea
1009 3131 1104 3190 ne
1162 3108 1479 3178 varietur
1527 3107 1790 3204 gratia,
1834 3105 1989 3177 :sed
2048 3117 2523 3176 conservetur

387 3213 769 3310 aequabilis.
811 3216 952 3316 Sed
983 3232 1231 3290 tamen
1264 3217 1468 3316 parvi
1493 3215 1718 3288 refert
1748 3216 1879 3288 abs
1914 3231 1984 3288 te
2021 3219 2184 3312 ipso
2218 3215 2338 3308 jus
2382 3211 2527 3284 dici

388 3323 832 3421 aequabiliter
867 3343 942 3399 et
970 3327 1374 3424 diligenter,
1411 3327 1549 3398 nisi
1584 3325 1777 3398 idem
1802 3324 1897 3397 ab
1930 3326 2017 3396 iis
2042 3322 2171 3396 fiet
2191 3377 2212 3411 ‚
2256 3320 2529 3418 quibus

387 3447 470 3505 tu
513 3433 670 3530 ejus
707 3438 1030 3510 muneris
1066 3438 1382 3536 aliquam
1410 3451 1692 3538 partem
1719 3437 2179 3508 concesseris.
2224 3437 2322 3505 Ac
2346 3432 2527 3503 mihi

349 3543 686 3641 'quidem
722 3547 1008 3620 videtur
1045 3573 1196 3620 non
1245 3573 1416 3620 sane
1453 3571 1715 3645 magna
1758 3546 2058 3616 varietas
2099 3567 2253 3642 esse
2302 3565 2529 3640 nego-

386 3655 654 3727 tiorum
681 3657 756 3727 in
781 3657 1349 3732 administranda
1377 3661 1573 3748 Asia,
1598 3657 1725 3730 sed
1745 3682 1829 3730 ea
1850 3671 2005 3728 tota
2024 3652 2529 3752 jurisdictione

457 3840 542 3890 44.
560 3831 855 3887 Simultates.
873 3834 1001 3897 Quin
1027 3836 1240 3898 Quintus
1261 3835 1410 3884 nimia
1501 3832 1673 3882 scribit
1700 3832 1963 3882 Suetonius
1992 3832 2047 3878 in
2065 3831 2319 3894 Augu-to,
2343 3845 2455 3894 cap.
2476 3830 2527 3878 3.

385 3909 594 3973 quadam
648 3910 907 3960 acerbitate
949 3913 1214 3962 multorum
1257 3913 1310 3962 in
1360 3931 1411 3963 se
1576 3913 1665 3973 45.
1700 3913 1771 3960 Ae
1802 3909 1943 3973 Mysi.
1968 3909 2117 3974 Vulg.
2150 3921 2207 3956 ae
2242 3906 2401 3970 nysii.
2432 3907 2531 3955 Sed

387 3988 500 4036 odia
537 4001 906 4040 commovet-ata
933 4007 1028 4056 qna
1065 3992 1128 4041 de
1158 4007 1302 4042 causa
1327 4009 1416 4056 pa·
1503 4006 1597 4040 nos
1632 3991 1881 4056 sequimur
1914 4005 2102 4038 morem
2135 3988 2531 4055 Cicer-onium.

388 4083 494 4115 rum
549 4068 764 4116 secunda
809 4069 934 4118 fama
981 4085 1092 4140 euin
1142 4069 1415 4130 laborasse,
1505 4072 1560 4120 J.
1586 4073 1646 4118 V.
1676 4072 1729 4120 L.
