3019 4681
536 382 1085 458 EPISTOLAE
1132 383 1265 452 AD
1314 381 2096 469 ATTICUM‚XI·11‚
2147 383 2261 453 28.
2363 381 2506 480 339

656 577 1207 598 *mm
1211 577 1393 598 mm

2043 579 2509 601 mmmmm

894 743 1525 850 EPISToLA
1577 766 1991 846 xxvnl.

380 954 718 1030 Exspectat,
758 949 901 1028 quid
930 949 1005 1010 de
1029 949 1215 1010 hortis
1247 949 1441 1012 Attico
1465 950 1652 1010 visum
1679 950 1784 1022 sit;
1827 950 1902 1010 de
1925 951 2095 1030 epist.
2121 952 2195 1012 ad
2227 956 2510 1014 Caesarem

461 1046 805 1119 omittenda3
834 1046 909 1106 de
938 1047 1119 1107 Niciae
1144 1046 1421 1107 discessu.
1461 1046 1572 1127 (ln
1599 1047 1960 1121 TusculanO,
1987 1068 2140 1108 anno
2168 1053 2242 1110 11.
2267 1055 2332 1110 C.
2361 1056 2474 1125 708
2493 1095 2517 1125 ,

462 1161 657 1204 mense
680 1141 909 1222 junio.)

1052 1281 1366 1346 CICERO
1412 1281 1734 1346 ATTICO
1777 1284 1846 1348 S.

478 1434 767 1503 Hor-ros
815 1433 1165 1528 quoniam
1207 1430 1423 1502 hodie
1467 1456 1624 1504 eras
1661 1433 2157 1531 inspecturuS,
2197 1434 2376 1531 quid
2415 1441 2516 1506 vi-

385 1565 547 1612 sum
590 1539 723 1611 tibi
770 1540 898 1630 sit,
940 1564 1093 1612 cras
1138 1534 1430 1613 scilicet.
1474 1544 1585 1612 De
1627 1541 1929 1612 Faberio
1969 1557 2250 1633 autem,
2288 1570 2521 1641 quum

382 1654 685 1722 venerit.
734 1654 845 1722 De
886 1651 1191 1749 epistola
1226 1651 1317 1722 ad
1352 1647 1742 1740 Caesarem,
1780 1652 2019 1748 jurato
2055 1653 2236 1724 mihi
2272 1653 2524 1743 crede,

386 1786 538 1831 non
565 1785 863 1859 possum
888 1770 911 1804 ¹
937 1788 957 1851 ;
982 1780 1119 1833 nec
1144 1787 1261 1832 me
1286 1758 1667 1860 turpitudo
1693 1759 2039 1851 deterret,
2063 1764 2198 1834 etsi
2221 1765 2528 1834 maxime

387 1870 705 1944 debebat
724 1882 775 1942 ².
833 1873 1071 1962 Quam
1114 1875 1307 1943 enim
1365 1873 1597 1970 turpis
1653 1885 1764 1944 est
1812 1875 2200 1944 assentatio
2223 1928 2242 1962 ,
2297 1899 2529 1974 quum

386 1985 625 2054 vivere
670 1985 909 2081 ipsum
952 1997 1165 2081 turpe
1208 1985 1299 2054 sit
1341 1980 1609 2053 nobis?
1644 1979 1780 2052 sed
1822 1997 1904 2053 ut
1943 1987 2176 2082 coepi,
2216 2009 2367 2055 non
2409 2009 2526 2056 me

387 2093 531 2164 hoc
574 2107 789 2191 turpe
826 2092 1162 2164 deterret.
1199 2096 1303 2164 Ac
1342 2090 1602 2162 vellem
1639 2091 1938 2189 quidem
1978 2092 2260 2190 (essem
2297 2095 2527 2179 enim,

389 2206 517 2301 qui
546 2226 700 2274 esse
725 2201 1082 2275 debebam
1102 2199 1133 2246 ³
1155 2202 1223 2298 );
1254 2200 1381 2273 sed
1408 2203 1481 2271 in
1512 2217 1830 2272 mentem
1856 2201 2038 2274 nihil
2063 2205 2280 2273 venit.
2315 2205 2528 2289 Nam,

387 2337 550 2411 quae
601 2326 776 2385 sunt
820 2311 913 2387 ad
954 2310 1441 2384 Alexandrum
1482 2309 1871 2383 hominum
1914 2311 2414 2410 eloquentium
2457 2329 2531 2384 et

388 2425 774 2497 doctorum
822 2424 1192 2495 suasiones
1213 2476 1233 2511 ,
1270 2422 1472 2495 vides
1522 2421 1790 2520 quibus
1845 2426 1923 2493 in
1969 2422 2190 2495 rebus
2231 2448 2527 2497 versen-

390 2549 511 2605 tur
550 2561 566 2604 :
615 2531 1145 2605 adolescentem
1172 2587 1193 2620 ,
1246 2534 1626 2605 incensum
1693 2532 2088 2631 cupiditate
2113 2622 2118 2625 ,
2145 2537 2532 2606 verissimae

388 2644 667 2741 gloriae,
709 2647 1121 2742 cupientem
1165 2642 1303 2715 sibi
1341 2640 1614 2741 aliquid
1651 2642 1932 2714 consilii
1971 2641 2166 2730 dari,
2201 2642 2406 2741 quod
2438 2641 2533 2715 ad

390 2752 681 2825 laudem
720 2754 1233 2851 sempiternam
1274 2751 1544 2824 valeret
1564 2806 1583 2839 ,
1628 2752 2150 2824 cohortantur:
2187 2753 2280 2825 ad
2315 2752 2546 2825 decus'

391 2886 543 2933 non
600 2860 802 2933 deest
841 2863 1094 2934 oratio,
1143 2866 1295 2960 Ego
1349 2861 1532 2960 quid
1579 2864 1933 2961 possum?
1974 2867 2244 2937 Tamen
2289 2866 2536 2937 nescio

392 2971 572 3069 quid
606 2998 646 3045 e
692 2997 972 3070 quercu
1010 2974 1538 3072 exsculpseram
1559 3026 1579 3060 ‚
1611 2973 1832 3069 quod
1887 2972 2253 3045 videretur
2303 2976 2531 3047 simile

394 3082 753 3155 simulacri
768 3084 929 3154 ⁴.In
969 3107 1059 3155 eo
1093 3086 1265 3181 quia
1300 3081 1657 3156 nonnulla
1692 3097 1898 3154 erant
1919 3083 2166 3180 paullo
2203 3083 2540 3171 meliora,

470 3262 515 3294 1.
555 3248 671 3294 Non
698 3262 914 3311 possum.
950 3246 1149 3295 Scilicet
1184 3246 1327 3295 aliam
1354 3247 1419 3296 ad
1506 3247 1606 3305 sit,
1629 3246 1841 3310 ideoque
1859 3245 2027 3309 potius
2044 3245 2288 3295 simulacri
2307 3244 2542 3311 quiddam

392 3342 505 3375 cum
539 3325 795 3390 epistolam
830 3325 1070 3375 scribom
1104 3325 1158 3373 in
1184 3342 1237 3374 ea
1257 3336 1419 3374 autem
1506 3324 1664 3373 simile
1677 3358 1692 3383 ,
1731 3340 1876 3388 quam
1914 3324 2222 3373 simulacrum
2265 3324 2540 3379 efficiatur:

394 3420 540 3468 quam
562 3406 840 3469 scripserat,
866 3405 1019 3478 muln
1038 3404 1419 3453 Castrisamicis
1508 3406 1580 3453 sic
1613 3420 1692 3462 se,
1729 3419 1880 3467 quum
1907 3403 1971 3451 ad
2011 3404 2246 3453 Caesarcm
2273 3404 2506 3453 scriberet
2524 3439 2540 3464 ,
2577 3466 2582 3469 Ι

395 3484 759 3548 displicuerant.
786 3486 879 3533 En.
1507 3493 1794 3545 argumemo
1813 3479 2082 3530 admodum
2115 3492 2323 3544 augusto
2348 3479 2544 3547 (neque

467 3580 517 3612 a.
542 3564 780 3611 Debebae.
806 3563 885 3611 Al.
914 3563 1109 3612 debeat.
1132 3564 1182 3611 J.
1202 3564 1269 3609 V.
1293 3562 1349 3608 1..
1508 3562 1662 3619 enim,
1689 3562 1824 3625 quod
1845 3572 1896 3607 et
1915 3559 2014 3624 ipsi
2030 3560 2289 3609 honestum
2312 3571 2435 3609 esset
2449 3596 2466 3621 ,
2495 3574 2546 3611 et

466 3643 515 3691 3.
534 3642 630 3705 Qui
645 3658 746 3691 osse
756 3640 1008 3691 debebam.
1028 3643 1293 3700 Constans,
1309 3654 1421 3687 vera
1506 3640 1687 3689 Caesari
1700 3650 1890 3707 gratum
1907 3673 1922 3698 ,
1937 3636 2543 3706 scn‘bcrclicebat3itaquc

394 3722 751 3789 philosophus,
777 3737 882 3771 nou
906 3720 1149 3771 adulator.
1172 3722 1338 3771 Coaa.
1352 3744 1423 3757 ——-
1511 3718 1705 3767 difficili
1729 3720 1782 3765 iu
1803 3718 1918 3766 loco
1941 3716 2256 3779 versabatur,
2277 3730 2335 3767 ut
2361 3722 2498 3785 quasi
2516 3738 2546 3768 e

396 3802 559 3861 Olim,
584 3800 801 3850 debeam.
828 3803 877 3848 J.
891 3802 955 3849 V.
976 3802 1033 3848 1..
1094 3800 1100 3806 ’
1512 3814 1696 3863 quercu
1718 3797 1968 3845 videretur
2003 3797 2347 3863 exsculpere),
2384 3800 2546 3863 perse-

470 3884 519 3940 4.
536 3878 699 3927 Simile
720 3878 987 3927 simulacri.
1005 3876 1127 3925 Vult
1144 3875 1423 3935 ostendam
1515 3888 1646 3925 ctum
1687 3892 1815 3941 opus
1851 3892 1956 3925 nou
1987 3877 2208 3941 potuisse
2243 3878 2421 3938 facere,
2461 3880 2549 3929 sed

398 3957 811 4022 quemadmodum
848 3973 876 4006 ο
910 3972 1093 4022 quercu
1116 3956 1428 4005 simulacrum
1519 3972 1582 4005 ex
1607 3954 1748 4003 dura*
1765 3966 1816 4003 et
1851 3972 2024 4020 parum
2061 3956 2322 4004 commoda
2351 3957 2550 4006 materia
2629 4000 2632 4003 ,

398 4038 557 4085 facere
586 4036 785 4086 difficile
828 4038 919 4096 sit,
948 4037 1143 4087 duriore
1192 4036 1389 4086 materia
1412 4071 1429 4097 ,
1519 4036 1690 4084 fecisse
1705 4035 1872 4084 nescio
1891 4034 2189 4099 quid,quod
2207 4037 2370 4101 operis
2393 4048 2550 4085 tamen

400 4132 550 4182 quam
576 4127 633 4167 ut
658 4116 943 4167 circumcidi
956 4152 971 4177 ,
990 4126 1073 4165 sut
1088 4115 1297 4181 expoliri
1316 4132 1432 4181 pos-
1521 4116 1680 4165 simile
1707 4115 2121 4205 videretur-‘Mut-

2201 4226 2313 4271 22.
