3019 4681
528 394 672 495 672
820 394 1345 469 EPISTOLAE
1394 394 1604 465 CIC.
1659 394 1791 463 ET
1842 392 2206 480 BRUTI,
2261 416 2374 465 11.

532 547 631 595 es.
668 524 819 619 Ego
862 522 1076 591 etiam
1099 572 1120 607 ,
1154 518 1252 589 mi
1298 518 1554 589 Cicero
1573 568 1592 603 ,
1629 517 1923 613 proprie
1972 513 2566 614 familiariterque
2599 532 2672 595 te

529 656 749 729 rogo,
778 644 860 701 ut
888 634 1224 701 Veterem
1255 651 1486 714 ameS,
1525 626 1846 724 velisque
1880 650 2034 697 esse
2067 652 2290 723 quam
2325 629 2670 726 amplissi-

530 764 733 811 mum
774 768 791 810 :
840 741 971 836 qui
998 740 1131 810 etsi
1175 736 1373 809 nulla
1425 760 1505 807 re
1543 735 1890 807 deterreri
1921 760 1962 805 a
1991 738 2367 834 proposito
2399 752 2671 835 potest,

530 866 769 923 tamen
808 850 1099 920 excitari
1133 849 1275 918 tuis
1320 844 1691 933 laudibus,
1725 844 2323 943 indulgentiaque
2366 850 2668 946 poterit,

530 984 683 1058 quo
721 963 942 1053 magis
974 958 1425 1055 amplexetur
1466 981 1550 1029 ac
1591 970 1884 1027 tueatur
1902 954 2264 1051 judicium
2307 984 2550 1029 suum.
2585 964 2669 1029 Et

528 1064 748 1139 mihi⁸
787 1068 1267 1164 gratissimum
1304 1067 1461 1137 erit.

528 1232 705 1287 quarto
732 1237 848 1268 asu
874 1236 977 1268 non
1003 1228 1191 1267 tuntum
1226 1220 1303 1267 usi
1330 1230 1445 1267 sunt
1466 1236 1553 1268 ve·
1637 1220 1865 1269 Eme-tio
1878 1220 2216 1285 phcct,quod
2229 1223 2428 1271 Gruter.
2447 1224 2663 1273 inPalat.

526 1312 677 1362 terea,
702 1311 759 1348 ut
772 1300 991 1360 Plautus,
1006 1298 1092 1347 scd
1110 1300 1284 1365 etipse
1304 1300 1447 1347 Lucr.
1464 1301 1552 1363 qui
1639 1300 1670 1347 3
1689 1301 1894 1365 reperit,
1901 1300 2192 1367 perfunctus
2209 1318 2282 1350 es.
2299 1302 2409 1353 Nos
2421 1306 2666 1369 εοςιιίιιιιιι

528 1379 898 1429 aevocioero-is
910 1380 1059 1439 vixit,
1077 1380 1171 1437 111,
1186 1392 1315 1442 970:
1334 1400 1359 1419 -ι
1373 1380 1550 1427 Omnia
1637 1380 1753 1428 lect.
1769 1378 2126 1445 perfractum.
2149 1382 2279 1431 LV.
2299 1384 2356 1431 1..

528 1458 803 1524 perfructus
818 1460 935 1507 vitai
958 1460 1178 1524 premia,
1206 1474 1388 1507 marces
1407 1479 1450 1508 n.
1478 1484 1549 1497 -·-
1711 1460 1764 1509 8.
1787 1458 1859 1507 ld
1881 1458 2002 1507 milei
2014 1460 2202 1525 placuit
2223 1460 2396 1509 hmb.
2421 1464 2473 1511 J.
2491 1464 2556 1509 V.
2575 1464 2632 1512 1..

540 1604 630 1624 m
633 1604 1185 1624 mmm*
1189 1604 2138 1627 mmmm
2143 1606 2328 1627 m

1164 1772 1756 1853 EPISTOLA
1823 1774 2026 1854 XII.

530 1950 779 2007 Excusat
807 1966 867 2007 se
902 1951 1107 2017 Bruto,
1126 1942 1287 2024 quod
1316 1945 1516 2005 matris
1545 1944 1670 2025 ejus
1697 1958 1760 2005 et
1787 1947 2005 2005 sororis
2027 1946 2334 2025 precibus,
2367 1948 2444 2007 de
2471 1948 2666 2009 liberis

606 2050 688 2105 M.
716 2044 957 2123 Lepidi,
992 2062 1167 2123 quem
1202 2046 1423 2101 hostem
1451 2058 1682 2101 senatus
1697 2042 2024 2121 judicarat,
2061 2044 2420 2123 excipiendis
2455 2046 2666 2105 satisfa-

608 2162 739 2199 cere
760 2160 877 2197 non
908 2152 1119 2218 posset.
1144 2142 1235 2196 De
1258 2138 1513 2197 Antistio
1535 2136 1854 2197 liberaliter
1877 2140 2194 2217 promittit,
2215 2153 2276 2197 et
2297 2142 2491 2219 ipsum
2519 2142 2664 2200 utin

610 2237 836 2297 Italiam
857 2236 1082 2309 veniat,
1100 2234 1389 2293 hortatur.
1409 2236 1659 2314 (Romae,
1675 2250 1828 2293 anno
1844 2240 1918 2297 U.
1940 2238 2006 2295 C.
2027 2255 2160 2312 710,
2183 2256 2382 2297 mense
2396 2230 2664 2317 quintili.)

1210 2395 1526 2460 CICERO
1574 2394 1861 2460 BRUTO
1915 2395 1980 2461 S.

626 2531 787 2602 Ersl
822 2529 1127 2600 daturus
1161 2553 1356 2600 eram
1392 2529 1736 2600 Messallae
1767 2534 2086 2603 Corvino
2121 2537 2478 2604 continuo
2513 2533 2666 2605 lite-

527 2665 681 2728 raS,
742 2655 983 2710 tamen
1014 2641 1347 2710 Veterem
1386 2654 1714 2711 nostrum
1754 2639 1846 2711 ad
1894 2655 1968 2712 te
2013 2644 2162 2713 sine
2207 2642 2434 2714 literis
2491 2645 2666 2714 meis

528 2753 776 2822 venire
800 2749 1025 2820 nolui.
1048 2751 1366 2819 Maximo
1394 2750 1471 2819 in
1500 2748 1915 2822 discrimine
1935 2750 2378 2849 respublica,
2415 2757 2666 2842 Brute,

526 2875 852 2932 versatur
883 2912 903 2945 ,
958 2861 1415 2956 victoresque
1454 2883 1708 2932 rursus
1743 2861 2114 2934 decertare
2163 2865 2522 2961 cogimur.
2585 2861 2666 2934 Id

528 2971 783 3044 accidit
822 2971 921 3040 M.
964 2968 1219 3067 Lepidi
1272 2969 1540 3041 scelere
1592 2985 1665 3041 et
1713 2974 2046 3042 amentia.
2106 2975 2275 3063 Quo
2335 2987 2667 3069 tempore

523 3107 753 3181 quum
779 3079 1007 3151 multa
1037 3095 1339 3178 propter
1370 3105 1529 3152 eam
1557 3106 1801 3152 curam
1824 3135 1844 3168 ,
1875 3107 2098 3178 quam
2133 3107 2267 3179 pro
2293 3084 2668 3180 republica

526 3195 849 3291 suscepi,
884 3194 1194 3291 graviter
1208 3189 1511 3278 ferrem,
1531 3207 1688 3290 tum
1717 3192 1893 3262 nihil
1927 3193 2060 3263 tuli
2088 3197 2412 3289 gravius,
2445 3215 2664 3292 quam

523 3331 641 3376 me
683 3328 833 3374 non
876 3325 1088 3398 posse
1126 3303 1371 3372 matris
1396 3309 1418 3343 ¹
1459 3315 1600 3372 tuae
1645 3302 1980 3398 precibus
2024 3301 2312 3390 cedere,
2353 3329 2512 3376 non
2551 3331 2664 3376 so·

522 3416 727 3486 roris.
776 3417 956 3486 Nam
1001 3408 1169 3495 tibi,
1206 3407 1409 3507 quod
1438 3409 1616 3481 mihi
1652 3411 1946 3510 plurimi
1981 3425 2090 3484 est
2111 3466 2130 3497 ‚
2167 3411 2371 3483 facile
2399 3438 2524 3485 me
2553 3439 2661 3486 sa·

516 3523 970 3596 tisfacturum
998 3519 1415 3590 arbitrabar.
1438 3521 1656 3593 Nullo
1685 3527 1880 3593 enim
1899 3522 2121 3592 modo
2144 3535 2433 3618 poterat
2453 3547 2662 3595 causa

521 3633 773 3733 Lepidi
829 3630 1170 3728 distingui
1231 3627 1323 3702 ab
1394 3633 1712 3702 Antonio
1783 3658 1800 3700 ε
1853 3635 2333 3728 omniumque
2385 3631 2658 3726 judicio

520 3747 737 3812 etiam
773 3740 1026 3812 durior
1066 3755 1217 3810 erat
1248 3791 1267 3824 ‚
1329 3739 1580 3836 quod,
1636 3765 1868 3838 quum
1918 3740 2326 3812 honoribus
2367 3744 2655 3840 amplis·

520 3853 715 3921 simis
739 3875 777 3921 a
812 3865 1063 3921 senatu
1091 3863 1275 3920 esset
1296 3850 1612 3949 Lepidus
1630 3865 2128 3938 ornatus‚tum
2160 3853 2374 3922 etiam
2413 3857 2652 3952 paucis

517 3976 684 4034 ante
738 3959 995 4031 diebus
1048 3957 1420 4056 praeclaras
1474 3962 1712 4033 literas
1769 3961 1860 4034 ad
1915 3977 2244 4033 senatum
2300 3965 2650 4052 misisset3

594 4149 637 4182 x.
672 4131 859 4188 Macris.
882 4133 1007 4191 Qua
1028 4144 1198 4178 socrus
1220 4143 1323 4180 crat
1348 4132 1536 4196 Lepidi.
1557 4096 1975 4184 Mutum—Vide
1995 4133 2120 4180 infre
2137 4167 2151 4193 ,
2175 4148 2255 4196 ep.
2284 4133 2346 4183 18
2369 4144 2597 4182 utrm.
