3019 4681
511 389 653 479 470
1140 390 1238 457 M.
1287 391 1365 457 T.
1419 392 2015 464 CICERONIS

517 506 682 577 dem
717 494 1101 579 tabellario'
1127 507 1294 579 dedi
1341 512 1551 581 etiam
1599 511 1689 583 ad
1737 514 2101 600 Sextium,
2156 516 2458 612 scriptas
2488 518 2647 586 πάνυ

516 618 988 710 φιλοστόργωςῐ.
1033 615 1164 687 Ille
1193 631 1432 687 autem
1457 671 1477 703 ‚
1516 617 1715 713 quod
1748 617 2127 689 Puteolos²
2164 622 2647 715 prosequitur,

516 724 878 813 humane3
929 727 1125 823 quod
1169 729 1536 824 queritur,
1582 728 1869 822 injuste.
1912 733 2077 801 Non
2107 732 2301 801 enim
2340 754 2479 826 ego
2506 744 2646 801 tam

515 832 720 903 illum
753 850 1168 932 exspectare
1197 890 1216 923 ‚
1255 862 1482 933 quum
1530 836 1621 907 de
1676 842 1959 909 Cosano
2012 838 2283 911 rediret
2308 894 2329 926 ‚
2382 837 2644 921 debui,

519 968 740 1041 quam
775 944 892 1015 ille
919 961 1044 1016 aut
1080 969 1232 1017 uon
1269 947 1373 1017 ire
1405 961 1615 1031 ante,
1666 972 1887 1045 quam
1946 972 2065 1017 me
2116 946 2405 1019 vidisset
2438 1002 2460 1033 ‚
2528 961 2648 1019 aut

517 1054 728 1125 citius
783 1056 1063 1125 reverti.
1111 1054 1396 1127 Sciebat
1435 1058 1627 1129 enim
1670 1082 1783 1131 me
1820 1057 2149 1129 celeriter
2191 1058 2376 1129 velle
2428 1056 2647 1155 profi·-

517 1164 722 1249 cisci,
777 1188 1080 1261 seseque
1142 1165 1232 1237 ad
1285 1190 1401 1237 me
1439 1170 1515 1237 in
1558 1166 2045 1239 Tusculanum
2084 1170 2471 1264 scripserat
2506 1192 2649 1239 esse

519 1288 928 1343 venturum.
969 1279 1108 1362 Te,
1151 1289 1229 1345 ut
1267 1300 1308 1345 a
1344 1300 1461 1347 me
1507 1273 1945 1363 discesseriS‚
1984 1277 2449 1374 lacrymasse,
2502 1270 2665 1348 mol

518 1384 694 1454 leste
723 1381 1066 1454 ferebam.
1101 1384 1322 1474 Quod
1349 1388 1409 1457 si
1441 1410 1557 1457 me
1609 1401 1995 1484 praesentes
2026 1384 2307 1459 fecisses
2336 1441 2357 1475 ,
2416 1387 2652 1457 consi-

519 1494 694 1564 lium
738 1495 961 1563 totius
996 1496 1270 1565 itineris
1303 1492 1605 1566 fortasse
1636 1511 2047 1566 mutassem.
2082 1492 2221 1567 Sed
2254 1493 2435 1565 illud
2473 1520 2653 1593 prae-

521 1602 750 1689 clare,
798 1602 996 1700 quod
1023 1616 1094 1675 te
1123 1590 1490 1675 consolata
1524 1620 1632 1676 est
1673 1629 1837 1703 spes
1875 1604 2078 1676 brevi
2108 1585 2445 1703 tempore
2482 1630 2653 1675 con-

521 1712 893 1810 grediendi
945 1740 966 1803 ς
1037 1740 1212 1811 quae
1271 1714 1569 1813 quidem
1630 1717 2069 1815 exspectatio
2145 1740 2261 1786 me
2348 1717 2653 1785 maxime

520 1840 892 1897 sustentat.
948 1830 1125 1897 Meae
1181 1825 1308 1898 tibi
1369 1826 1586 1897 literae
1642 1852 1795 1897 non
1852 1824 2183 1897 deerunt.
2238 1830 2349 1897 De
2392 1829 2653 1907 Bruto,

521 1937 824 2007 scribam
868 1933 956 2006 ad
994 1951 1064 2006 te
1101 1940 1363 2006 omnia.
1394 1934 1695 2007 Librum
1730 1934 1861 2007 tibi
1902 1936 2231 2007 celeriter
2261 1938 2542 2005 mittam
2570 1934 2654 2005 de

525 2042 769 2113 Gloria
793 2038 843 2112 ³.
881 2041 1248 2113 Excudam
1285 2040 1558 2139 aliquid
1604 2031 2089 2139 Ηρακλείδιονῑι,
2114 2042 2313 2140 quod
2340 2041 2560 2113 lateat
2583 2041 2653 2111 in

527 2153 886 2223 thesauris
929 2154 1092 2223 tuis.
1153 2156 1260 2223 De
1301 2152 1599 2238 Planc0‚
1644 2155 1961 2225 memini.
2014 2156 2241 2223 Attica
2278 2154 2447 2248 jure
2494 2177 2660 2249 que-

526 2265 731 2333 ritur.
772 2263 992 2353 Quod
1031 2286 1146 2333 me
1183 2262 1274 2335 de
1317 2261 1709 2335 Bacchide⁵
1739 2316 1759 2351 ‚
1796 2260 1885 2333 de
1922 2276 2320 2333 statuarum
2374 2264 2658 2333 coronis

528 2377 906 2445 certiorem
944 2370 1212 2458 fecisti,
1254 2371 1459 2446 valde
1490 2389 1776 2470 gratum
1812 2401 1827 2446 ε
1866 2398 2003 2446 nec
2036 2374 2436 2472 quidquam
2471 2386 2658 2471 post-

528 2483 698 2569 hac,
737 2508 886 2553 non
909 2482 1130 2553 modo
1153 2498 1432 2554 tantum
1454 2539 1473 2572 ,
1501 2483 1627 2555 sed
1658 2509 1751 2554 ne
1774 2484 2137 2554 tantulum
2165 2484 2467 2581 quidem
2498 2507 2661 2581 prae·

531 2594 830 2664 terieris.
880 2597 972 2662 Et
1005 2591 1096 2663 de
1139 2593 1425 2666 Herode
1473 2609 1545 2665 et
1598 2596 1854 2666 Mettio
1915 2596 2319 2666 meminero
2356 2645 2377 2678 ‚
2440 2608 2514 2664 et
2575 2591 2659 2660 de

531 2702 906 2791 omnibm,
947 2726 1109 2799 quae
1155 2717 1226 2774 te
1265 2702 1444 2776 velle
1493 2702 1915 2802 suspicabor
1970 2704 2213 2776 modo,
2268 2707 2332 2774 O
2374 2717 2659 2800 turpem

609 2946 657 2980 ι.
687 2925 819 2977 Πάνυ
846 2926 1180 2998 φιλοστόργως.
1204 2927 1361 2976 Valde
1385 2945 1551 2977 amau·
1642 2945 1753 2976 nem
1777 2938 1825 2976 et
1850 2929 2073 2978 Atticum
2091 2962 2105 2988 ,
2126 2945 2235 2992 quae
2254 2943 2459 2976 corone
2478 2925 2660 2975 Baccho

534 3019 624 3058 ter.
1643 3007 1821 3055 fuerint
1834 3006 2312 3072 impositaePLegebat
2322 3004 2661 3068 Graiae-Quod

607 3103 659 3136 2.
677 3087 822 3150 Quod
831 3087 1055 3134 Puteolos
1059 3085 1384 3151 prosequitur.
1403 3083 1557 3150 Quod
1644 3103 1722 3135 me
1744 3085 1804 3133 de
1832 3086 2074 3133 Bacchide
2091 3121 2106 3144 ,
2130 3087 2189 3133 de
2207 3097 2475 3133 statuarum
2491 3121 2506 3143 ,
2534 3095 2624 3133 etc.
2638 3105 2659 3124 ¹·

535 3185 613 3217 me
626 3169 943 3226 Puteolos,ut
958 3179 1012 3216 tu
1029 3167 1216 3224 scribis,
1232 3177 1558 3230 prosequutu-
1644 3167 1739 3213 Per
1784 3164 2075 3212 Bacchidem
2121 3179 2239 3211 vero
2290 3165 2501 3228 intelligi
2546 3174 2660 3226 puto

538 3265 620 3295 rus
648 3257 744 3306 est;
771 3247 980 3294 humane
1020 3247 1134 3293 facit
1164 3259 1178 3294 :
1215 3245 1352 3308 quod
1395 3257 1557 3292 autem
1646 3244 1837 3290 mimam
1855 3277 1869 3301 ,
1896 3253 1981 3290 aut
2006 3243 2144 3290 aliam
2176 3243 2503 3290 concubinam
2520 3277 2533 3297 ‚
2558 3257 2659 3288 cum

537 3327 786 3390 queritur,
803 3327 918 3390 quia
946 3325 1006 3373 de
1037 3322 1239 3372 Cosano
1275 3324 1557 3371 redeuntem
1645 3338 1741 3386 qua
1792 3339 1842 3369 se
1886 3320 2164 3369 oblectabat
2206 3322 2456 3369 Antonius
2473 3357 2487 3380 ‚
2547 3335 2659 3384 quas

537 3420 639 3453 non
676 3405 985 3470 exspectavi;
1022 3403 1118 3452 boc
1137 3403 1322 3450 seilicet
1363 3404 1554 3463 iniuste.
1646 3402 1854 3464 exagitat
1874 3401 2022 3448 totis
2048 3401 2099 3448 in
2128 3399 2343 3464 Philipp.
2378 3401 2454 3448 De
2474 3400 2661 3447 coronis

539 3487 747 3533 Mutum.
1644 3491 1803 3526 autem
1829 3489 2119 3536 statuarum,
2149 3485 2259 3541 quoe
2282 3490 2369 3526 aut
2398 3479 2659 3542 imposita,

615 3565 662 3611 3.
687 3565 758 3612 De
779 3563 967 3612 Gloria.
985 3563 1099 3609 Duo
1122 3560 1236 3608 libri
1259 3560 1390 3606 fuere
1407 3575 1560 3622 ,quos
1646 3569 1730 3606 aut
1758 3557 1983 3604 detractas
2008 3573 2033 3603 a
2072 3557 2289 3622 populo,
2320 3555 2382 3604 de
2409 3556 2533 3605 sulii
2558 3555 2657 3602 Ca·

543 3643 668 3690 vidit
707 3641 996 3700 Petrai-cha,
1041 3639 1128 3688 sed
1166 3655 1308 3686 nemo
1339 3638 1557 3703 posthac.
1647 3637 1780 3693 saris,
1798 3647 1884 3682 aut
1896 3635 2103 3684 Antonii
2118 3633 2289 3681 statuis
2304 3633 2497 3680 videtur
2513 3633 2658 3695 loqui.

542 3727 823 3786 Fragmenta
849 3737 1004 3784 pauca
1031 3729 1238 3767 exstant.
1270 3719 1362 3765 En.
1650 3715 1708 3760 Iu
1736 3729 1787 3760 re
1822 3713 2029 3760 obscura
2064 3711 2179 3759 licet
2206 3711 2455 3758 hariolari.
2492 3711 2657 3758 Ganv.

615 3808 662 3855 4.
685 3789 1015 3866 Ηρακλείὸιον.
1045 3801 1198 3862 Supra
1216 3832 1232 3854 ,
1258 3811 1336 3859 ep.
1365 3803 1414 3850 4.
1649 3819 1721 3829 -
1743 3794 1786 3839 0
1810 3804 1997 3854 turpem
2033 3790 2211 3837 sororis
2238 3787 2547 3856 tuoefilium,
2572 3800 2659 3836 etc.

617 3880 664 3926 5.
689 3879 765 3924 De
789 3877 989 3926 Bacchi.
1021 3875 1154 3940 Quid
1183 3876 1243 3923 de
1271 3873 1452 3922 Bacchi
1469 3890 1557 3922 co-
1650 3867 1935 3928 Schiitzius,
1973 3892 2000 3911 α
2018 3868 2324 3917 Obturbabat
2362 3884 2441 3915 me
2486 3867 2658 3914 sororis

545 3957 677 4004 rouis
705 3955 916 4020 potuerit
935 3955 1128 4003 Atticus
1165 3953 1373 4000 scribere
1390 3988 1403 4008 ,
1423 3951 1561 4016 quod
1649 3959 1744 3998 tuae
1766 3948 1923 4006 filius,
1944 3964 2093 4012 quum
2118 3947 2222 3994 baec
2250 3947 2531 3994 scriberem.
2556 3945 2656 3993 Ad-

547 4036 768 4082 Ciceroni
795 4045 888 4081 tam
917 4045 1102 4096 gratum
1126 4033 1293 4089 fuerit,
1321 4047 1463 4078 nemo
1491 4031 1559 4076 sa·
1649 4029 1927 4076 ventabat...
1948 4027 2093 4074 nobis
2109 4049 2152 4074 a.
2167 4026 2371 4088 Aliquid
2388 4037 2519 4074 certe
2538 4039 2657 4072 men·

545 4113 638 4162 cile
660 4113 936 4178 explicabit.
968 4111 1104 4174 Quid
1125 4111 1253 4157 enim
1279 4109 1340 4157 ad
1365 4109 1561 4156 Cicero·
1650 4107 1759 4156 dosi
1780 4119 1869 4156 est.
1894 4109 1939 4156 J.
1962 4107 2026 4152 V.
2054 4109 2108 4153 1..
