3019 4681
494 439 627 518 ³9²
1126 419 1227 489 M.
1278 421 1359 488 Τ.
1412 368 1982 492 CICERONIS

484 541 859 616 sedulitate
912 539 1183 614 effectae
1204 595 1225 630 ‚
1270 557 1345 612 et
1384 540 1884 613 benivolentia
1933 558 2056 614 tua
2077 597 2098 631 ‚
2151 543 2400 615 liceret
2447 545 2626 617 mihi

480 655 683 726 abire
712 655 787 724 in
812 651 1237 725 solitudines
1264 651 1562 749 aliquas.
1591 657 1808 725 Nunc
1835 677 1928 723 ue
1955 651 2026 723 id
2057 651 2351 750 quidem
2383 655 2548 728 licet
2567 653 2621 727 ³.

482 763 683 856 Quid
735 778 979 836 autem
1034 787 1151 834 me
1196 762 1399 858 juvat
1423 817 1444 850 ,
1506 763 1710 860 quod
1767 776 1936 834 ante
1989 764 2254 834 initum
2299 763 2622 836 tribuna-

482 892 641 947 tum
666 880 697 927 ⁴
746 878 957 962 veni,
992 875 1053 944 si
1090 877 1370 972 ipsum,
1412 873 1618 971 quod
1658 873 1862 955 veni,
1921 873 2106 944 nihil
2143 873 2395 968 juvat?
2427 881 2580 946 Jam
2603 929 2624 962 ‚

482 986 664 1085 quid
700 1008 986 1083 sperem
1012 982 1103 1054 ab
1136 1009 1225 1054 eo
1248 1039 1268 1070 ,
1301 984 1433 1081 qui
1466 982 1645 1054 mihi
1672 984 1946 1054 amicus
1973 1009 2375 1083 numquam
2399 982 2428 1028 ⁵
2449 985 2623 1072 fuit3

482 1121 717 1196 quum
764 1093 913 1189 jam
968 1090 1173 1192 lege⁶
1225 1094 1440 1164 etiam
1486 1093 1624 1164 sim
1673 1092 2048 1165 confectus
2085 1107 2158 1164 et
2191 1091 2626 1191 oppressus?

484 1204 831 1296 Quotidie
861 1205 1013 1299 jam
1064 1201 1265 1274 Balbi
1305 1202 1397 1273 ad
1441 1227 1558 1274 me
1597 1202 1818 1274 literae
1861 1202 2390 1301 languidiores3
2433 1202 2626 1274 mul-

480 1332 719 1414 taeque
762 1314 1159 1385 multorum
1202 1311 1293 1384 ad
1328 1312 1536 1383 illum
1559 1324 1614 1401 7,
1653 1310 1955 1384 fortasse
1989 1326 2243 1385 contra
2279 1336 2418 1382 me.
2456 1315 2625 1382 Meo

482 1428 657 1496 vitio
694 1448 940 1523 pereo.
978 1423 1173 1495 Nihil
1198 1422 1377 1493 mihi
1410 1421 1579 1494 mali
1607 1446 1814 1494 casus
1837 1423 2112 1510 attulit3
2142 1425 2386 1494 omnia
2413 1421 2627 1520 culpa

482 1549 851 1609 contracta
880 1547 1070 1604 sunt.
1100 1538 1253 1628 Ego
1280 1533 1475 1604 enim
1494 1587 1516 1621 ‚
1552 1553 1786 1629 quum
1819 1556 2052 1630 genus
2080 1531 2252 1603 helli
2283 1530 2626 1620 viderem,

480 1653 833 1746 imparata
880 1659 953 1716 et
1000 1641 1290 1714 infirma
1332 1643 1578 1713 omnia
1623 1657 1878 1715 contra
1920 1644 2406 1740 paratissimos
2426 1697 2447 1730 ,
2491 1643 2625 1713 sci·

484 1780 727 1829 veram
749 1749 781 1800 ⁸
818 1751 1053 1853 (quid
1081 1750 1389 1824 facerem
1412 1752 1524 1848 Ρ),
1547 1777 2030 1850 ceperamque
2061 1751 2443 1824 consilium
2476 1777 2626 1823 non

483 1881 631 1937 tam
669 1864 858 1936 forte
880 1917 901 1951 ‚
952 1886 1173 1960 quam
1210 1862 1391 1934 mihi
1427 1878 1688 1961 praeter
1721 1876 2002 1934 ceteros
2053 1862 2623 1934 concedendum.

482 1979 682 2049 Cessi
728 1976 947 2060 meis,
1000 1974 1113 2044 vel
1170 1974 1417 2072 potius
1464 1975 1676 2071 parui
1717 1997 1862 2042 :ex
1912 1971 2180 2069 quibus
2232 1996 2424 2042 unus
2481 1996 2628 2069 qua

482 2101 727 2157 mente
770 2083 1027 2172 fuerit,
1062 2085 1124 2154 is
1145 2137 1166 2172 ‚
1213 2107 1433 2180 quem
1470 2098 1556 2153 tu
1589 2081 1772 2154 mihi
1813 2080 2316 2170 commendas,
2359 2107 2629 2178 cogno·

482 2221 639 2268 sees
679 2220 769 2267 ex
822 2195 1049 2291 ipsius
1101 2192 1371 2283 literi5‚
1417 2217 1599 2290 quas
1647 2192 1742 2264 ad
1797 2209 1868 2264 te
1915 2207 1990 2266 et
2034 2191 2126 2264 ad
2173 2193 2347 2264 alios
2391 2195 2624 2283 misit;

482 2331 664 2406 quas
694 2328 830 2404 ego
848 2327 1248 2403 numquam
1272 2304 1712 2404 aperuissem
1735 2359 1756 2392 ,
1785 2305 1924 2375 nisi
1954 2327 2070 2375 res
2101 2317 2254 2374 acta
2279 2304 2380 2375 sic
2417 2319 2624 2377 esset.

477 2416 777 2489 Delatus
823 2430 933 2485 est
986 2414 1080 2486 ad
1126 2440 1245 2486 me
1286 2413 1707 2486 fasciculus:
1759 2414 1979 2503 solvi,
2039 2418 2098 2485 si
2149 2415 2328 2512 quid
2374 2413 2465 2486 ad
2509 2439 2628 2486 me

482 2538 671 2597 esset
702 2524 1094 2595 literarum.
1115 2523 1312 2596 Nihil
1340 2540 1493 2595 erat
1523 2552 1539 2595 ε
1573 2523 1873 2623 epistola
1886 2524 2177 2595 Vatinio
2197 2537 2270 2595 et
2287 2526 2628 2621 Ligurio⁹

482 2636 746 2706 altera:
784 2635 966 2730 jussi
1002 2633 1094 2705 ad
1126 2660 1257 2728 ¹eos
1275 2633 1558 2707 deferri.
1597 2636 1708 2707 Illi
1738 2634 1830 2707 ad
1863 2660 1978 2706 me
2011 2637 2252 2707 statim
2291 2636 2629 2709 ardentes

483 2745 736 2817 dolore
768 2762 1161 2833 venerunt,
1204 2745 1440 2818 scelus
1480 2745 1799 2818 hominis
1827 2746 2251 2835 clamante53
2285 2747 2626 2844 epistolas

484 2856 665 2926 mihi
701 2855 1039 2954 legerunt
1082 2857 1331 2955 plenas
1369 2858 1699 2926 omnium
1734 2859 1814 2926 in
1849 2880 1964 2927 me
1998 2856 2460 2953 probrorum.
2505 2858 2632 2927 Hie

484 2968 821 3065 Ligurius
868 2965 1154 3038 furere:
1200 2992 1277 3038 se
1338 2969 1534 3038 enim
1593 2968 1816 3055 scire,
1861 2990 2166 3038 -summo
2189 2974 2254 3009 ¹⁰
2298 2965 2500 3036 illum
2553 2970 2627 3037 in

554 3140 602 3185 3.
624 3138 775 3185 Licet.
792 3136 869 3185 Ne
894 3152 947 3184 se
964 3136 1211 3201 repudiari
1227 3148 1386 3185 totum
1402 3138 1511 3188 Ca·
1671 3140 1722 3185 8.
1747 3136 2052 3199 Quieveram.
2077 3138 2149 3183 Ita
2166 3134 2336 3185 anb.
2356 3145 2407 3182 et
2423 3134 2596 3183 Rosius
2610 3149 2628 3186 ε

478 3235 557 3266 sar
581 3218 839 3265 existimet.
861 3218 1017 3280 Epist.
1049 3232 1101 3264 2.
1124 3214 1211 3266 lib.
1237 3218 1331 3264 Π.
1350 3218 1511 3269 Con.
1599 3232 1754 3280 quum
1799 3226 1942 3263 antea
1991 3214 2259 3279 legeretur,
2297 3214 2497 3264 iveram.
2531 3214 2630 3263 Sed

554 3306 604 3352 4.
633 3294 815 3343 Initum
838 3294 1151 3341 tribunatum.
1176 3295 1310 3343 Novi
1328 3296 1515 3343 tribuni
1599 3295 1785 3343 mavult
1823 3296 2074 3354 Gravius,
2117 3295 2350 3343 ,τείνει-ωτι
2369 3331 2386 3357 ,
2413 3312 2442 3343 ιι
2464 3294 2631 3343 scisco.

481 3375 639 3441 plebis
664 3384 922 3422 vetuerunt
945 3390 1006 3422 ne
1032 3374 1317 3439 Pompeiani
1332 3375 1388 3422 in
1412 3378 1514 3423 Ita·
1601 3376 1843 3425 Seiva-am
1863 3410 1879 3435 ,
1917 3375 2080 3439 inquit
2093 3410 2111 3433 ,
2165 3385 2236 3422 est
2295 3375 2596 3423 decrevemm
2613 3408 2630 3434 ,

481 3456 599 3503 liam
624 3454 861 3501 venirent.
888 3454 982 3501 En.
1603 3454 1950 3503 constitueram
1978 3453 2151 3502 abello
2172 3452 2357 3501 scilieet
2371 3453 2629 3501 abstinere.

557 3530 610 3583 5.
642 3532 841 3580 Amicus
866 3548 1156 3595 numquam.
1178 3532 1311 3579 Ante
1330 3532 1514 3580 eadem
1602 3533 1704 3583 Alii
1725 3549 1842 3581 vero
1872 3532 2104 3593 siveram,
2126 3549 2154 3579 a
2180 3532 2312 3590 sino,
2351 3548 2453 3580 non
2476 3532 2632 3596 impe·

483 3613 687 3663 emax-is
704 3647 719 3672 ,
765 3611 983 3659 Fulviam
1000 3645 1017 3671 ,
1064 3610 1229 3659 Clodii
1282 3611 1477 3659 viduam
1491 3646 1507 3667 ‚
1603 3614 1804 3663 dieram.
1817 3640 1889 3650 —
1903 3613 2199 3660 Bemrionis
2215 3612 2356 3671 liber,
2371 3612 2632 3669 solveram,-

486 3690 737 3741 Antonius
780 3690 1005 3739 duxerat.
1046 3694 1203 3738 Immo
1234 3691 1338 3751 ejus
1363 3700 1517 3738 mater
1603 3696 1803 3743 Manat.
1848 3691 2084 3757 quieram.
2129 3689 2327 3740 Schiitz.
2365 3691 2599 3739 κίνει-ατη
2609 3728 2627 3750 ,

484 3769 693 3819 laentulo
720 3768 815 3827 illi,
853 3770 940 3832 qui
969 3784 1079 3816 cum
1107 3768 1315 3817 Catilina
1340 3770 1516 3831 eonju-
1607 3772 1744 3837 quod
1747 3769 1995 3835 facerem.
2024 3775 2075 3821 J.
2099 3772 2162 3818 V.
2183 3774 2236 3819 L.

483 3858 699 3906 raven-at,
726 3847 991 3896 secuudum
1014 3859 1263 3913 nupserat.
1288 3850 1379 3897 En.
1675 3866 1732 3913 9.
1769 3849 1986 3913 Ligurio.
2026 3850 2230 3901 Caesaris
2269 3846 2490 3897 familiari
2511 3884 2526 3909 ,
2545 3848 2636 3913 qui

558 3930 607 3976 6.
648 3930 796 3993 Lege.
832 3930 1051 3977 Fortasse
1072 3945 1102 3976 a
1137 3927 1337 3975 tribuno
1358 3926 1518 3992 plebis
1605 3946 1720 3978 cum
1745 3929 1834 3977 illo
1861 3931 1913 3976 in
1931 3930 2089 3979 Gallia
2107 3930 2414 3977 militaverat.
2434 3930 2526 3977 En.

485 4006 737 4056 Dolabella
766 4006 947 4071 perlata
961 4024 975 4063 3
988 4010 1041 4054 in
1064 4024 1159 4071 qua
1181 4007 1416 4070 scriptum
1440 4022 1514 4053 es-
1683 4024 1759 4056 10.
1775 4012 1989 4057 Summo.
2009 4009 2070 4056 Id
2089 4020 2186 4072 est,
2214 4008 2388 4058 Caenri
2407 4007 2460 4054 in
2478 4008 2634 4069 Quin·

482 4100 558 4136 set
578 4087 705 4135 idem
724 4086 859 4151 qnod
878 4088 929 4135 in
948 4087 1155 4135 Antonii
1168 4085 1347 4133 edicto.
1366 4086 1515 4133 Mn.
1607 4098 1659 4135 to
1671 4122 1684 4145 ‚
1706 4104 1858 4151 quum
1885 4088 1968 4135 hic
1987 4088 2118 4135 illius
2137 4088 2323 4151 legatus
2349 4098 2498 4145 esset,
2518 4086 2634 4152 plu-

562 4185 610 4229 7.
640 4167 728 4216 Ad
753 4167 911 4217 illum.
940 4167 1021 4217 Ad
1048 4168 1303 4217 caesarem.
1325 4166 1441 4213 scu.
1605 4168 1724 4215 rima
1751 4167 2068 4231 displicuisse.
2088 4170 2140 4216 J.
2167 4170 2218 4215 12.
2237 4167 2472 4215 Gaonov.
