3019 4681
594 365 725 437 116
868 364 969 433 M.
999 363 1078 431 T.
1119 364 1288 434 CIC.
1330 365 1608 432 EPIST.
1641 365 1768 434 AD
1796 365 2086 436 ATTIC.
2131 369 2267 453 IX,
2309 391 2420 464 19.
2495 431 2503 436 .

582 514 755 561 esse.
801 487 988 574 Nos»,
1034 485 1383 582 quoniam
1420 509 1768 584 superum
1803 509 2000 558 mare
2035 486 2435 578 obsidetur,
2477 490 2764 564 insero

580 595 1109 695 navigabimus3
1154 609 1262 683 et,
1300 596 1361 666 si
1407 595 1722 668 Puteolis
1771 595 2236 671 erit-difficile
2255 654 2275 689 ,
2313 605 2756 674 Crotonem

575 723 907 808 petemus
930 760 949 794 ,
984 719 1110 776 aut
1144 704 1571 794 Thurios¹¹;
1610 721 1685 778 et
1719 706 1897 778 boni
1941 705 2172 797 cives',
2215 725 2540 782 amantes
2599 737 2756 811 pa-

572 821 725 891 triae
748 872 767 901 ,
820 839 1017 888 mare
1070 812 1413 887 infestum
1464 815 1894 890 habebimus
1917 827 1978 862 ¹²
2015 845 2032 890 ε
2089 819 2302 891 aliam
2349 825 2758 896 rationem

574 931 794 1026 hujus
842 927 1019 998 belli
1068 926 1367 1023 gerendi
1414 927 1688 999 nullam
1727 927 1958 1000 video.
2005 932 2092 999 In
2138 933 2526 1028 AEgyptum
2591 959 2756 1005 nos

568 1040 925 1113 abdimus.
984 1038 1322 1108 Exercitu
1370 1061 1580 1135 pares
1635 1061 1791 1112 esse
1845 1065 1996 1111 non
2052 1065 2458 1138 possumus.
2515 1049 2756 1118 Pacis

566 1149 748 1222 fides
784 1146 983 1218 nulla
1016 1160 1147 1218 est.

666 1259 807 1332 Sed
843 1260 998 1330 haec
1034 1260 1201 1330 satis
1246 1256 1622 1356 deplorata
1657 1274 1848 1331 sunt.
1883 1265 1996 1333 Tu
2037 1261 2254 1334 velim
2289 1263 2540 1336 literas
2585 1270 2750 1339 Ce-

565 1372 894 1473 phalioni
933 1369 1061 1462 des
1106 1367 1199 1440 de
1246 1366 1589 1441 omnibus
1622 1368 1844 1441 rebus
1893 1372 2100 1458 actis,
2139 1371 2450 1468 deniq'ue
2493 1381 2748 1448 etiam

564 1481 659 1554 de
713 1477 1171 1552 sermonibus
1220 1476 1602 1552 hominum
1621 1533 1640 1567 ,
1693 1479 1830 1551 nisi
1879 1479 2094 1579 plane
2149 1479 2742 1558 obmutuerunt.

562 1597 719 1688 Ego
766 1590 910 1662 tuis
960 1587 1277 1660 consiliis
1323 1611 1496 1660 usus
1533 1612 1692 1660 sum
1715 1643 1736 1676 ,
1770 1593 2257 1688 maximeque,
2301 1593 2512 1690 quod
2561 1621 2746 1694 gra-

562 1704 855 1773 vitatem
904 1701 979 1770 in
1030 1722 1423 1796 congressu
1460 1714 1715 1772 nostro
1763 1706 1998 1790 tenui,
2039 1727 2262 1799 quam
2297 1701 2578 1795 debui3
2623 1724 2744 1796 et,

558 1812 649 1884 ad
686 1811 962 1883 Urbem
998 1823 1081 1880 ut
1121 1832 1277 1879 non
1312 1807 1728 1882 accederem
1750 1813 1776 1896 ,'
1807 1813 2277 1908 perseveravi.
2321 1813 2568 1902 Quod
2611 1841 2744 1888 su-

555 1936 833 2023 perest,
859 1919 1128 2010 scribe,
1156 1943 1440 2017 quaes0,
1472 1944 1694 2018 quam
1722 1922 2250 1994 accuratissime
2281 1921 2474 2017 (jam
2512 1931 2742 2000 enim

559 2049 879 2106 extrema
914 2030 1129 2126 sunt)
1150 2083 1169 2117 ,
1205 2028 1381 2128 quid
1426 2029 1705 2127 placeat
1725 2083 1746 2117 ,
1793 2029 1974 2128 quid
2011 2056 2302 2104 censeas
2331 2059 2348 2101 ε
2385 2037 2540 2107 etsi
2571 2039 2742 2135 jam

559 2143 761 2215 nulla
796 2141 1153 2213 dubitatio
1191 2153 1320 2211 est.
1354 2145 1664 2228 Tamen,
1709 2141 1768 2211 si
1809 2139 2025 2238 quid,
2061 2141 2178 2214 vel
2207 2143 2454 2241 potius
2494 2149 2738 2247 quid-

558 2249 735 2351 quid
770 2253 1013 2321 veniet
1044 2250 1124 2320 in
1155 2263 1517 2338 mentem,
1551 2247 1821 2323 scribas
1859 2249 2092 2322 velim.

633 2453 653 2484 1
666 2452 713 2488 1.
732 2435 952 2485 Thurios.
988 2433 1156 2483 Τῆιινίἰ
1170 2469 1189 2495 ,
1209 2435 1291 2484 vel
1323 2434 1574 2487 Thur-ium.
1669 2436 1934 2487 Emeotius.
1963 2439 2051 2486 Eut
2070 2449 2232 2488 nutem
2255 2408 2500 2493 natalitia
2515 2484 2539 2511 ‚
2570 2451 2736 2499 Pom-

558 2517 697 2565 Idem
716 2533 773 2564 ιο
790 2514 1013 2581 Sybarin
1032 2516 1085 2563 in
1104 2515 1216 2563 :inu
1232 2516 1499 2565 Tarentino
1517 2516 1581 2564 ad
1667 2517 1835 2581 poium
1859 2516 2058 2566 clunem
2075 2535 2247 2582 parare
2271 2521 2334 2569 cd
2361 2522 2730 2579 intercluden-

554 2594 821 2645 meridiam.
846 2594 1005 2643 Dicte
1022 2609 1221 2658 quoque
1244 2594 1434 2659 Copia.
1460 2595 1553 2643 En.
1669 2596 1762 2645 dou
1779 2596 1934 2647 Iulia
1963 2610 2296 2661 commentus,
2317 2600 2372 2648 id
2397 2614 2496 2665 ent,
2535 2608 2611 2655 nd
2641 2626 2732 2674 p..

634 2691 655 2722 1
668 2690 719 2724 α.
756 2672 993 2740 Infeseum
1019 2672 1313 2725 habebimus.
1354 2673 1472 2722 Non
1507 2674 1582 2721 in·
1669 2674 1810 2722 triam
1846 2673 1971 2723 fame
2015 2677 2282 2725 necandam
2309 2692 2326 2725 :
2366 2680 2432 2727 ad
2467 2682 2630 2735 huuc
2675 2706 2730 2738 ω

560 2754 724 2817 tellige
741 2788 757 2813 ,
798 2753 943 2803 uobis
976 2752 1205 2801 infestum
1238 2752 1363 2814 erit,
1389 2751 1477 2799 aed
1504 2753 1582 2801 in·
1667 2753 1873 2803 iturum.
1899 2756 1990 2819 Ep.
2019 2756 2072 2803 8.
2103 2758 2164 2804 Bt
2195 2772 2306 2805 eum
2333 2758 2594 2815 iracund-
2625 2766 2730 2816 im.

558 2833 735 2883 fenttuu
794 2832 1053 2883 reddemus
1077 2867 1096 2895 ,
1144 2830 1281 2897 quod
1338 2842 1387 2881 et
1456 2830 1580 2881 vidit
1667 2833 1772 2895 nia,
1787 2835 1916 2883 Boni
1931 2834 2079 2897 cives,
2095 2846 2308 2887 amante·
2325 2840 2530 2904 patrie,
2543 2846 2702 2897 dixit.
