3019 4681
401 341 548 414 668
711 343 1240 415 EPISTOLAE
1291 347 1480 417 CIC.
1529 347 1655 415 ET
1704 344 2065 430 BRUTI,
2115 367 2223 414 io.

400 461 688 536 bantur.
742 465 1065 536 Erectior
1105 479 1396 538 senatus
1441 481 1630 554 erat,
1678 489 1831 536 non
1870 465 2245 536 sententiis
2298 465 2535 536 solum

400 575 667 647 nostris
687 627 710 664 ‚
755 573 880 646 sed
919 576 1136 646 etiam
1181 573 1805 646 cohortationibus
1842 575 2208 644 excitatus.
2254 577 2421 644 Erat
2456 575 2533 644 in

403 693 705 754 senatu²
740 684 908 756 satis
940 684 1332 758 vehemens
1359 699 1432 756 et
1467 709 1633 756 acer
1667 686 1893 755 Pansa
1915 736 1935 771 ,
1977 707 2211 779 quum
2244 686 2320 754 in
2355 699 2537 755 cete-

403 817 526 864 ros
589 793 810 890 hujus
851 798 1135 892 generis
1171 849 1192 882 ‚
1242 809 1398 866 tum
1457 796 1767 866 maxime
1812 794 1885 862 in
1930 817 2261 865 socerum
2287 790 2315 836 3
2360 821 2377 864 ε
2420 797 2536 865 cui

403 904 684 974 consuli
715 929 864 976 non
898 907 1183 976 animus
1217 905 1310 978 ab
1339 907 1548 976 initio
1570 959 1593 993 ‚
1616 927 1770 974 non
1794 901 1975 974 fides
2010 903 2098 974 ad
2134 917 2535 975 extremum

402 1012 655 1086 defuit.
683 1015 958 1086 Bellum
987 1013 1078 1086 ad
1109 1018 1465 1086 Mutinam
1497 1012 1921 1110 gerebatur,
1960 1013 2142 1084 nihil
2175 1027 2257 1083 ut
2287 1015 2361 1083 in
2392 1016 2555 1085 Cae-⁴

401 1147 559 1194 sare
609 1123 1179 1221 reprehenderes
1205 1179 1226 1212 ‚
1269 1123 1627 1196 nonnulla
1665 1127 1741 1194 in
1784 1124 2037 1193 Hirtio.
2094 1123 2325 1217 Hujus
2366 1122 2536 1194 belli

401 1229 740 1318 fortuna,
785 1235 972 1304 utin
1009 1233 1343 1306 secundis
1365 1289 1384 1323 ‚
1427 1234 1666 1322 fluxa3
1704 1247 1790 1304 ut
1818 1235 1895 1304 in
1932 1233 2280 1320 θάνοι-εἱς,
2311 1232 2531 1305 bona.

399 1345 570 1415 Erat
597 1344 854 1416 victrix
878 1343 1290 1442 respublica
1311 1399 1332 1430 ,
1373 1346 1571 1418 caesis
1592 1344 1888 1414 Antonii
1924 1344 2188 1441 copiis,
2216 1345 2377 1439 ipso
2408 1368 2537 1414 ex-

403 1451 616 1548 pulso
643 1476 684 1522 a
707 1459 954 1526 Bruto.
993 1454 1274 1526 Deinde
1303 1457 1400 1526 ita
1435 1454 1663 1526 multa
1700 1469 1993 1552 peccata
2014 1508 2033 1541 ‚
2066 1469 2147 1525 ut
2186 1452 2533 1552 quodam·

399 1560 624 1631 modo
659 1563 957 1635 victoria
977 1563 1336 1636 excideret
1357 1589 1396 1636 e
1436 1563 1769 1635 manibus
1804 1591 1820 1633 z
1861 1569 2317 1661 perterritOS‚
2350 1567 2533 1635 iner-

339 1729 346 1736 .
401 1694 598 1759 mes,
635 1673 916 1744 saucios
959 1699 1108 1748 non
1152 1689 1324 1746 sunt
1360 1675 1591 1746 nostri
1633 1673 1854 1746 duces
1898 1675 2359 1770 persequuti3
2406 1673 2533 1746 da-

401 1792 709 1876 tumque
743 1781 1022 1879 Lepido
1069 1799 1358 1881 tempus
1405 1799 1555 1868 est,
1612 1785 1688 1854 in
1740 1807 1891 1880 quo
1941 1782 2297 1855 levitatem
2346 1785 2535 1879 ejuS‚

400 1911 586 1986 saepe
632 1907 1080 1995 perspectam
1120 1947 1141 1981 ,
1203 1893 1597 1989 majoribus
1642 1896 1719 1965 in
1768 1892 1975 1965 malis
2020 1897 2533 1991 experiremur.

401 1995 589 2070 Sunt
628 2003 985 2074 exercitus
1019 2002 1234 2090 boni,
1279 2002 1404 2074 sed
1431 2002 1687 2092 rudeS‚
1728 2006 1930 2074 Bruti
1965 2017 2035 2074 et
2062 2004 2323 2074 Planci.
2356 2006 2537 2074 Sunt

400 2107 807 2184 fidelissima
845 2129 919 2186 et
951 2115 1258 2186 maxima
1294 2114 1553 2186 auxilia
1586 2114 1981 2186 Gallorum.
2023 2115 2161 2185 Sed
2190 2117 2536 2186 Caesarem

399 2221 578 2292 meis
602 2224 915 2295 consiliis
952 2224 1190 2297 adhuc
1234 2223 1758 2323 gubernatum,
1788 2223 2124 2322 praeclara
2161 2226 2398 2322 ipsum
2428 2225 2534 2294 in·

403 2329 607 2421 dole,
634 2331 1183 2433 admirabilique
1219 2337 1621 2406 constantia
1648 2388 1667 2423 ‚
1727 2330 2280 2433 improbissimis
2315 2331 2536 2405 literis

399 2440 696 2539 quidam
723 2498 742 2533 ‚
783 2443 1299 2544 fallacibusque
1332 2443 1854 2543 interpretibus
1890 2468 1973 2514 ac
2007 2444 2281 2513 nuntiis
2306 2446 2540 2538 impu·

399 2549 646 2623 lerunt
686 2558 762 2624 in
809 2580 1009 2653 spem
1067 2558 1533 2627 certissimam
1576 2554 2013 2626 consulatus,
2058 2550 2277 2642 Quod
2322 2551 2535 2623 simul

402 2674 620 2758 atque
639 2665 866 2753 sensi,
894 2689 1138 2761 neque
1173 2689 1307 2762 ego
1343 2665 1551 2735 illum
1580 2664 1956 2736 absentem
1988 2663 2210 2734 literis
2239 2686 2535 2735 monere

403 2769 682 2863 destiti,
727 2797 864 2845 nec
920 2798 1252 2846 accusare
1296 2789 1682 2873 praesentes
1709 2773 1864 2871 ejus
1895 2776 2371 2860 necessarios,
2408 2774 2537 2870 qui

402 2881 560 2977 ejus
596 2884 971 2982 cupiditati
1019 2883 1392 2983 suffragari
1444 2884 1927 2972 videbantur3
1982 2910 2119 2956 nec
2157 2887 2235 2955 iu
2284 2898 2537 2955 senatu

401 2994 1109 3067 sceleratissimorum
1125 2997 1591 3070 consiliorum
1618 2996 1854 3075 fontes
1882 2997 2161 3094 aperire
2176 2993 2533 3066 dubitavi:

401 3129 537 3176 nec
574 3130 746 3178 vero
783 3107 928 3179 ulla
968 3108 1045 3178 in
1081 3132 1160 3179 re
1200 3110 1535 3196 memini,
1586 3123 1713 3179 aut
1758 3122 2085 3179 senatum
2128 3105 2535 3191 meliorem,

400 3229 528 3284 aut
571 3220 1044 3313 magistratus.
1083 3222 1498 3316 Numquam
1534 3221 1727 3289 enim
1770 3221 1847 3291 in
1892 3218 2172 3291 honore
2212 3230 2535 3287 extraor-

401 3322 732 3396 dinario‘*
780 3328 1096 3425 potentis
1149 3326 1466 3401 hominis
1489 3382 1508 3415 ,
1569 3326 1683 3400 vel
1756 3326 2235 3426 potentissimi
2294 3326 2537 3424 potius

475 3536 524 3568 a.
551 3522 680 3570 MSS
705 3522 932 3571 nonnulli
951 3521 1143 3570 addunt
1160 3535 1422 3587 pra-terea.

404 3602 439 3648 J
441 3602 538 3649 .V.
561 3602 616 3651 L.

1511 3526 1696 3586 fuerat,
1740 3540 1901 3588 neque
1942 3525 2168 3573 Ciceroni
2213 3534 2343 3571 cene
2390 3520 2535 3571 rebus

1513 3602 1681 3665 gestis,
1696 3604 1939 3651 etmel-itis
1958 3604 2013 3651 in
2030 3620 2182 3667 remp.
2197 3600 2533 3650 antecellebat.

479 3680 526 3727 3.
553 3681 798 3729 Socerum.
821 3680 930 3729 Nini
947 3696 1024 3727 me
1041 3680 1320 3741 conjectura
1337 3680 1424 3727 fal-

401 3758 464 3805 lit
482 3793 498 3819 ,
527 3760 690 3806 Pausa
715 3774 856 3807 socer
879 3759 974 3807 fuit
1007 3758 1076 3821 Q.
1103 3756 1264 3807 Fufius
1289 3758 1424 3809 Cale-

401 3850 512 3887 nus.
553 3838 891 3897 coniecturam
935 3836 1049 3884 inde
1088 3836 1245 3897 duco,
1286 3836 1424 3901 quod

403 3932 514 3965 eum
533 3914 682 3963 video
711 3914 1020 3980 (Philippica
1037 3917 1159 3965 vm
1183 3928 1234 3965 et
1253 3918 1299 3965 X
1321 3918 1369 3981 ),
1394 3933 1424 3965 a

404 4001 558 4048 Panna
581 3997 781 4047 consule
805 4000 1090 4047 sententiam
1107 4001 1319 4063 primum
1339 4014 1422 4047 ro-

401 4078 536 4141 gati;
573 4078 660 4144 qui
699 4087 860 4127 tamen
899 4092 1056 4141 neque
1095 4076 1212 4127 dum
1249 4079 1422 4127 consul

1509 3684 1580 3730 ‘Ut
1595 3680 1693 3730 hoc
1710 3683 1757 3731 ei
1775 3681 1959 3731 deferre
1978 3682 2205 3741 honoris,
2224 3680 2320 3729 nisi
2338 3682 2537 3746 propin-

1512 3762 1699 3825 quitate
1725 3772 2018 3824 moveretur,
2045 3763 2197 3810 Pansa
2223 3775 2326 3808 non
2354 3758 2533 3807 debue-

1511 3840 1591 3889 rit.
1618 3842 1756 3889 Mur.

1586 3930 1633 3975 4.
1662 3918 2091 3968 Eaetmordinart'o.
2124 3918 2245 3965 Ideo
2271 3918 2385 3981 quia
2412 3932 2533 3965 con·

1512 3998 1717 4046 sulatum
1732 4014 1877 4046 nemo
1892 3998 2060 4059 inibat,
2074 3998 2166 4045 nisi
2183 4012 2363 4046 annum
2378 3996 2531 4043 anatis

1512 4075 1927 4143 quadragesimum
1978 4079 2174 4127 tertium
2229 4076 2532 4126 absolvisset.
