3019 4681
550 339 1101 412 EPISTOLAE
1148 339 1287 408 AD
1337 338 1856 425 ATTICUM‚
1895 339 2134 427 XIII,
2178 333 2293 424 45.
2399 331 2539 409 363

402 464 551 534 mia
585 461 890 534 dicebat.
939 463 1111 535 Dies
1154 459 1499 536 feriarum
1543 461 1726 534 mihi
1761 461 2086 535 additos²
2121 461 2374 551 vide03
2415 459 2542 533 sed

404 599 629 672 quam
663 573 935 644 multos
966 569 1115 661 fac,
1155 574 1215 644 si
1258 599 1373 646 me
1424 597 1660 661 amas,
1705 575 1945 645 sciam.
1985 577 2094 646 De
2131 570 2370 644 Baebio
2416 595 2547 670 po·

406 689 580 756 teris
599 681 657 773 ³,
694 699 769 756 et
804 682 895 756 de
922 683 1148 754 altero
1176 685 1415 756 vicino
1446 687 1774 781 Egnatio.
1817 681 2037 775 Quod
2065 707 2182 753 me
2210 682 2546 768 hortariS,

404 809 491 868 ut
552 819 681 866 eos
733 793 887 866 dies
949 816 1372 866 consumam
1434 795 1509 865 in
1570 793 2032 894 philosophia
2080 791 2545 892 explicanda,

408 917 825 976 currentem
868 915 952 975 tu
989 903 1331 1002 quidem:
1371 903 1501 975 sed
1538 927 1704 976 cum
1747 901 2122 975 Dolabella
2159 900 2546 974 vivendum

408 1038 565 1087 esse
602 1015 757 1086 istis
801 1013 1062 1086 diebus
1088 1011 1309 1086 vides.
1333 1012 1557 1105 Quod
1591 1015 1731 1087 nisi
1767 1037 1884 1085 me
1916 1015 2264 1111 Torquati
2286 1009 2550 1083 ⁴causa

408 1139 733 1218 teneret,
790 1127 959 1197 satis
1018 1140 1171 1197 erat
1215 1124 1537 1212 dierum,
1594 1140 1679 1198 ut
1724 1121 2117 1200 Puteolos⁵
2165 1147 2552 1196 excurrere

406 1260 695 1333 possem
715 1291 735 1323 ,
772 1251 844 1308 et
872 1235 963 1308 ad
999 1249 1288 1334 tempus
1306 1233 1339 1282 ⁶
1368 1236 1626 1308 redire.
1662 1237 1908 1308 Lamia
1937 1235 2232 1334 quidem
2263 1259 2304 1304 a
2329 1232 2552 1305 Balbo

410 1344 541 1442 (ut
564 1345 995 1444 videbatur)
1027 1345 1429 1435 audiverat,
1454 1347 1727 1419 multos
1755 1370 2096 1418 nummos
2113 1357 2140 1403 ⁷
2170 1344 2371 1416 domi
2397 1368 2553 1416 esse

408 1467 868 1545 numeratos,
930 1480 1121 1554 quos
1173 1471 1550 1555 oporteret
1606 1482 1828 1555 quam
1882 1459 2202 1556 primum
2239 1453 2464 1526 dividi
2482 1451 2554 1543 ⁸3

318 1633 335 1640 -
411 1591 758 1666 magnum
802 1566 1095 1665 pondus
1142 1571 1461 1665 argenti,
1504 1583 1766 1666 praeter
1801 1567 2102 1666 praedia3
2143 1569 2552 1640 auctionem

406 1679 647 1776 primo
677 1701 975 1777 quoque
1018 1691 1358 1777 tempore
1388 1676 1552 1752 fieri
1585 1694 1948 1779 oportere.
1989 1676 2270 1750 Scribas
2309 1675 2405 1748 ad
2439 1699 2557 1746 me

408 1785 625 1860 velim
652 1841 674 1876 ,
724 1785 908 1887 quid
957 1786 1093 1858 tibi
1140 1787 1434 1884 placeat.
1493 1789 1852 1887 Equidem
1880 1843 1900 1879 ,
1953 1790 2012 1862 si
2067 1812 2159 1860 ex
2213 1785 2557 1858 omnibus

410 1911 599 1972 esset
654 1895 1069 1996 eligendum
1093 1953 1114 1987 ‚
1164 1923 1301 1972 nec
1359 1899 1892 1999 diligentiorem
1913 1955 1936 1987 ‚
1982 1923 2124 1972 nec
2165 1896 2557 1970 officiosio-

410 2033 567 2082 rem
590 2063 612 2098 ,
662 2031 801 2082 nec
852 2008 1085 2082 nostri
1133 2009 1642 2086 studiosiorem
1695 2010 1903 2084 facile
1955 2009 2382 2108 delegissem
2421 2011 2562 2078 Ve-

409 2119 635 2191 storio
681 2146 697 2188 :
753 2119 844 2190 ad
901 2143 1125 2217 quem
1182 2126 1752 2196 accuratissimas
1804 2123 2046 2194 literas
2099 2119 2268 2194 dedi
2288 2174 2308 2210 ,
2351 2116 2560 2217 quod

408 2229 605 2302 idem
657 2244 729 2302 te
776 2228 1031 2302 fecisse
1084 2230 1419 2304 arbitror.
1462 2233 1644 2306 Mihi
1695 2232 1996 2332 quidem
2037 2231 2182 2304 hoc
2235 2231 2403 2302 satis
2445 2231 2555 2302 vi-

414 2338 653 2413 detur.
696 2346 806 2413 Tu
841 2339 1027 2439 quid
1066 2339 1285 2414 dicis?
1324 2348 1576 2417 Unum
1619 2347 1812 2418 enim
1861 2346 2122 2444 pungit
2146 2399 2167 2433 ‚
2196 2368 2292 2416 ne
2333 2342 2558 2441 negli-

410 2454 831 2551 gentiores9
878 2476 1033 2527 esse
1078 2452 1473 2541 videamur.
1515 2454 1972 2556 Exspectabo
2015 2456 2238 2553 igitur
2275 2468 2440 2527 tuas
2475 2452 2560 2525 li-

412 2574 623 2635 teras.

482 2758 535 2793 a.
552 2740 1271 2809 Diaesfaen'arummiloiadda'm
1292 2745 1443 2796 Nan·
1529 2740 1788 2793 Puteolani
1815 2738 1904 2805 (da
1919 2757 2021 2807 quo
2039 2738 2235 2790 adDiv.
2257 2740 2414 2799 1111,
2443 2740 2508 2789 56
2523 2738 2564 2805 ),

412 2838 475 2891 po
518 2822 785 2873 Brinniana
817 2824 1047 2875 amaon·
1086 2824 1250 2877 dilata.
1289 2826 1440 2877 Conf.
1530 2834 1582 2871 ot
1603 2824 1844 2873 ationem
1887 2823 2164 2872 tamti
2193 2834 2558 2886 cogno-eorm.
2615 2832 2622 2843 ·

408 2898 677 2967 lul-epist.
704 2918 784 2963 12,
814 2904 893 2953 18.
912 2905 1009 2955 En.
1531 2902 1663 2952 vido
1681 2904 1808 2952 infin
1832 2902 1977 2967 epist.
2004 2902 2091 2960 46.
2125 2902 2275 2951 Mu.

477 2982 538 3031 ,3.
567 2982 775 3032 Poteris.
794 2982 949 3035 Scire.
976 2982 1063 3033 ste
1095 2983 1239 3049 epist.
1260 2986 1327 3043 34
1352 2985 1446 3035 hu-
1603 2982 1658 3033 6.
1679 2982 1983 3048 Adeempus.
2007 2984 2081 3031 Ut
2097 2980 2435 3030 advenientem
2457 2980 2561 3045 βε-

405 3059 489 3122 jus
506 3059 639 3109 libri.
660 3064 890 3113 Coanm.
1010 3056 1017 3063 ’
1533 3078 1690 3113 narem
1709 3062 1896 3129 pontin
1922 3061 2168 3127 excipere.
2193 3062 2340 3108 Mu.

482 3148 536 3198 4.
567 3142 808 3207 Torquati
832 3158 1000 3191 msa.
1018 3144 1090 3193 Ut
1102 3158 1241 3207 agam
1260 3142 1321 3193 do
1338 3145 1444 3205 eim
1609 3160 1656 3206 7.
1675 3144 1932 3191 Nummos.
1944 3140 2187 3191 Aeluvio
2194 3138 2406 3187 relictos.
2421 3138 2562 3187 Han.

412 3234 467 3269 re
490 3236 605 3269 eun
624 3220 895 3273 Dolabella.
909 3221 1037 3273 vide
1052 3222 1199 3289 epi-t.
1232 3238 1267 3287 9
1284 3234 1335 3273 et
1355 3238 1441 3273 ιι.
1606 3223 1658 3272 8.
1683 3221 1860 3271 Dividi„
1887 3218 2242 3270 coheredibus.
2267 3218 2412 3267 Mu.

409 3302 627 3354 Mum.
1604 3319 1656 3367 9.
1679 3299 2083 3369 qut‘guneiom.
2105 3299 2206 3361 Qui
2223 3308 2440 3347 nonu-m
2455 3312 2560 3344 rem

482 3382 535 3433 5.
570 3381 819 3434 hadas.
860 3385 931 3435 Ut
970 3385 1243 3435 motionum
1274 3383 1441 3437 Cluvii
1529 3398 1636 3433 ιο·
1661 3397 1888 3448 agmon,
1908 3380 2052 3429 alteri
2071 3376 2376 3427 mandantes.
2416 3378 2560 3425 Mu.
