3019 4681
550 391 682 463 168
1180 396 1275 462 Μ.
1330 395 1405 462 Τ.
1460 394 2024 481 CICERONIS

534 515 809 585 Vellem
853 527 1085 584 cetera
1122 514 1350 608 ejus¹.
1402 517 1634 604 Quam
1683 515 1755 584 in
1798 538 1916 583 me
1953 511 2452 590 incredibilem
2489 529 2653 593 ἐκτέ·

534 651 691 691 νειαν
718 617 781 688 ²!
819 645 963 716 qua
998 621 1291 717 quidem
1320 622 1561 717 cogito
1589 622 1718 690 uti.
1749 620 2030 690 Deinde
2056 625 2401 720 Serapion
2429 624 2461 670 3
2499 653 2653 700 curn

535 731 837 830 epistola
862 744 989 801 tua
1018 759 1033 800 ε
1068 755 1287 828 quam
1316 734 1738 830 priusquam
1771 735 2245 828 aperuissem,
2279 735 2428 807 dixi
2465 743 2565 827 ei,
2589 753 2658 808 te

533 842 620 913 ad
678 865 795 913 me
842 841 935 912 <le
988 866 1075 912 eo
1130 842 1493 938 scripsisse
1541 855 1795 929 antea,
1857 854 1942 910 ut
2003 839 2295 914 feceras.
2355 846 2660 932 Deinde,

530 949 833 1049 epistola
869 951 1049 1021 lecta
1072 1005 1091 1039 ,
1128 951 1683 1022 cumulatissime
1719 950 2010 1022 cetera4
2051 980 2067 1022 ε
2105 967 2188 1024 et·
2214 945 2513 1028 hercule
2539 957 2662 1027 ho·

532 1063 802 1132 minem
834 1059 863 1104 ⁵
913 1061 1235 1146 bonum,
1292 1077 1365 1132 et
1424 1061 1761 1150 doctum,
1821 1077 1895 1134 et
1943 1060 2260 1160 probum
2319 1069 2659 1138 existimo.

534 1172 729 1259 Quin
770 1172 1176 1262 etiamnavi
1216 1172 1372 1266 ejus
1404 1195 1554 1259 me,
1596 1187 1668 1242 et
1707 1174 1870 1269 ipso
1908 1190 2336 1246 convectore
2365 1201 2662 1248 usurum

531 1297 735 1380 puto.
764 1282 1041 1354 Crebro
1064 1279 1351 1353 refricat
1372 1280 1770 1380 lippitudo,
1801 1306 1952 1351 non
1977 1280 2096 1354 illa
2124 1283 2423 1379 quidem
2456 1309 2660 1383 pero·

534 1392 769 1482 diosa,
820 1394 947 1464 sed
998 1407 1235 1463 tamen
1290 1417 1453 1488 quae
1508 1391 1859 1490 impediat
1900 1393 2366 1489 scriptionem
2411 1419 2658 1465 meam.

532 1498 1018 1572 valitudinem
1072 1518 1267 1573 tuam
1309 1504 1458 1597 jam
1500 1501 1994 1573 confirmatam
2033 1527 2185 1576 esse
2225 1519 2299 1576 et
2345 1529 2386 1575 a
2431 1519 2664 1576 vetere

532 1610 828 1698 morb0,
868 1627 941 1683 et
970 1638 1011 1682 a
1030 1614 1249 1684 'novis
1274 1612 1826 1700 tentationibuS,
1855 1612 2154 1710 gaudeo.
2182 1614 2504 1686 Ocellam
2529 1615 2666 1684 vel-

534 1718 678 1790 lem
717 1720 1224 1811 haberemusflfi.
1269 1722 1634 1794 Videntur
1671 1727 1864 1794 enim
1899 1747 2055 1795 esse
2089 1723 2242 1796 haec
2277 1725 2524 1823 paullo
2568 1724 2665 1796 fa·

536 1831 800 1902 ciliora.
862 1835 1076 1905 Nunc
1120 1831 1420 1930 quidem
1474 1835 1987 1931 aequinoctium
2022 1845 2048 1890 ⁷
2117 1859 2250 1907 nos
2310 1851 2668 1924 moratur,

533 1951 736 2048 quod
774 1951 977 2023 valde
1020 1951 1524 2052 perturbatum
1567 1969 1742 2024 erat.
1789 1941 1874 2023 Id
1913 1953 1972 2022 si
2009 1957 2226 2048 ἀκραὲς
2250 1947 2282 1998 ⁸
2323 1955 2493 2042 erit,
2539 1958 2668 2024 uti-

532 2087 701 2133 nam
744 2063 939 2134 idem
988 2078 1277 2134 maneat
1316 2061 1774 2134 Hortensius!
1817 2061 2211 2160 siquidem,
2251 2075 2387 2133 ut9
2431 2063 2670 2135 adhuc

533 2189 721 2260 erat,
754 2172 1120 2243 liberalius
1157 2197 1313 2245 esse
1350 2171 1535 2242 nihil
1567 2187 1828 2270 potest.
1868 2175 1976 2243 De
2013 2171 2409 2270 diplomate
2447 2172 2673 2244 admi-

534 2283 1019 2381 rariS„quasi
1072 2286 1315 2355 nescio
1371 2286 1581 2381 cujus
1639 2299 1709 2357 te
1776 2285 2018 2383 flagitii
2057 2293 2118 2327 ¹⁰
2156 2281 2666 2357 insimularem.

530 2397 766 2489 Negas
802 2398 999 2465 enim
1037 2409 1109 2466 te
1142 2397 1493 2493 reperire,
1530 2397 1657 2492 qui
1695 2394 1876 2465 mihi
1901 2394 1975 2466 id
1998 2396 2076 2467 in
2115 2409 2434 2471 mentem
2463 2420 2672 2468 vene·

1642 2630 1780 2679 Julio
1815 2630 2002 2685 Caesare
2037 2629 2329 2679 institutam.
2372 2632 2500 2677 Tum
2545 2630 2674 2677 enim

1641 2708 1958 2759 intercalandi
1976 2708 2168 2757 lieentia
2191 2721 2406 2773 tempora
2425 2724 2528 2759 non
2547 2722 2666 2755 con-

608 2646 631 2678 ι
643 2667 656 2679 .
682 2631 865 2680 Vellem
882 2641 1041 2679 cetera
1059 2631 1175 2694 ejus.
1195 2632 1377 2683 Similia
1397 2642 1555 2685 essent

530 2708 610 2757 hia
626 2744 640 2769 ,
670 2726 781 2775 qun
805 2727 937 2761 nnnc
962 2712 1107 2775 facit,
1132 2728 1281 2775 quum
1300 2714 1351 2759 in
1383 2712 1554 2759 ceteris

530 2790 657 2837 male
690 2790 886 2851 audiat,
922 2808 1003 2855 ep.
1044 2802 1075 2848 4
1111 2792 1255 2854 hujus
1292 2790 1442 2841 libri:
1475 2790 1554 2837 vel

532 2880 693 2917 essent
713 2868 878 2928 firma,
904 2882 953 2919 et
970 2886 1071 2919 non
1098 2872 1327 2931 infantia,
1352 2888 1429 2935 ep.
1449 2886 1552 2933 seq.

529 2948 693 2997 Con..

604 3042 655 3076 2.
692 3016 957 3077 ἐκτένειαν.
998 3032 1405 3094 Propensionem,
1436 3044 1556 3094 pro-

528 3122 728 3171 pensam
755 3108 1055 3155 voluntatem
1071 3143 1087 3169 ‚
1112 3109 1464 3157 liberalitatem.

605 3188 654 3236 3.
675 3186 926 3251 Serapion.
946 3193 1091 3236 Forte
1110 3189 1295 3236 adcitus
1318 3189 1372 3235 in
1390 3188 1556 3235 locum

530 3266 784 3330 Dionysii,
810 3278 863 3313 ut
884 3268 1087 3327 juvenes
1101 3267 1363 3316 Cicerones
1390 3267 1555 3314 erudi-

534 3355 624 3392 ret.
646 3347 740 3395 En.

606 3433 654 3481 4.
687 3424 872 3472 Cetera.
900 3427 959 3473 Ei
983 3443 1089 3474 sum
1114 3425 1382 3490 pollicitus.
1410 3424 1557 3474 Mu.

605 3504 655 3551 5.
692 3505 777 3553 Al.
808 3506 1097 3553 «hominem
1133 3504 1327 3570 probo;
1363 3520 1477 3552 nam
1506 3515 1558 3552 et

535 3582 764 3642 doctum,
802 3595 897 3632 etc.
928 3606 952 3626 a·
998 3585 1220 3632 Graevins
1259 3584 1559 3646 simpliciter,

534 3684 557 3701 α
578 3672 627 3709 et
649 3662 845 3710 hercule
879 3663 1125 3710 hominem
1162 3674 1210 3710 et
1248 3662 1447 3709 doctum
1466 3698 1481 3723 ,
1509 3673 1559 3710 et

534 3740 746 3805 probum
768 3742 990 3790 existimo
1010 3764 1051 3787 a.
1075 3745 1109 3791 J
1114 3776 1124 3787 .
1140 3744 1204 3788 V.
1230 3744 1303 3789 L.-

607 3822 658 3868 6.
690 3822 1002 3869 Haberemus.
1028 3823 1095 3867 Ut
1116 3820 1375 3868 nobiscum
1395 3830 1559 3886 posset

538 3898 799 3949 discedere.
827 3902 918 3965 Ep.
950 3916 1031 3949 11.
1060 3901 1204 3949 Man.

607 3994 656 4045 7.
684 3978 1063 4043 AEqut'noceium.
1091 3978 1243 4040 Quod
1262 3988 1365 4025 tum
1386 3978 1561 4027 incidit

538 4058 589 4103 in
618 4059 796 4105 maium
826 4068 1032 4120 propter
1065 4056 1305 4105 turbatam
1334 4059 1451 4105 anni
1483 4074 1561 4104 ra·

538 4136 722 4182 tionem
741 4144 851 4181 ante
876 4136 1107 4183 fastorum
1128 4136 1516 4185 emendationem
1533 4151 1560 4182 a

1640 2788 1897 2837 veniebant
1915 2789 2014 2836 auis
2037 2788 2298 2836 mensibus.
2325 2790 2530 2837 Sueton.
2559 2789 2592 2836 J
2595 2786 2644 2835 ul
2652 2823 2667 2837 .

1642 2869 1822 2916 (ἷκεν.
1854 2894 1923 2905 -
1967 2866 2124 2915 Valde
2172 2866 2374 2914 ridicule
2419 2866 2667 2914 Corradus

1639 2957 1780 3012 putat
1805 2963 1892 3013 per
1917 2946 2264 3014 aequinoctium
2291 2945 2533 3009 designari
2561 2948 2674 2993 An·

1642 3028 1832 3074 tonium
1846 3062 1859 3084 ,
1887 3048 1911 3067 a:
1929 3026 2040 3089 quia
2065 3036 2237 3073 noctes
2258 3025 2548 3073 dormiendo
2565 3042 2674 3073 eum

1643 3106 1817 3155 diebus
1837 3104 2059 3168 aequabat
2073 3126 2114 3151 ιο.
2138 3104 2236 3152 sed
2251 3105 2426 3153 mirum
2441 3116 2516 3152 est
2533 3106 2671 3153 Man.

1645 3184 1774 3233 hane
1791 3182 2208 3249 perturbationem
2225 3182 2342 3230 anni
2359 3198 2464 3229 non
2475 3182 2676 3241 vidisse,

1643 3276 1694 3313 et
1711 3263 1872 3311 delere
1885 3263 2142 3311 tentavisse
2159 3282 2186 3304 α
2194 3262 2384 3323 junias»
2400 3273 2514 3325 post
2531 3284 2558 3303 u
2581 3278 2670 3309 xiv

1643 3342 1742 3392 kal.
1769 3364 1794 3385 a·
1839 3343 2007 3406 inaep.
2062 3341 2299 3405 sequenti.
2347 3340 2539 3406 Nempe
2588 3338 2674 3389 illo

1645 3438 1776 3471 anno
1811 3421 2158 3483 aequinoctium
2189 3435 2390 3467 vernum
2415 3420 2595 3468 incidit
2619 3420 2671 3467 in

1645 3514 1736 3549 xvr
1785 3499 1883 3547 kal.
1935 3500 2043 3559 jun.
2089 3498 2242 3558 Cuius
2291 3495 2671 3561 perturbationis

1649 3595 1813 3628 causas
1850 3578 2108 3643 diligenter
2142 3576 2372 3641 exposuit
2406 3576 2672 3625 Pontedera

1647 3660 1700 3707 in
1735 3659 2099 3723 Antiquitatum
2135 3658 2279 3705 Rom.
2325 3668 2372 3704 et
2398 3658 2674 3705 Graeearnm

1649 3738 2036 3787 enarrationibus
2058 3754 2139 3801 ep.
2161 3754 2228 3784 xt.
2243 3770 2258 3795 ,
2285 3753 2338 3801 p.
2373 3736 2494 3792 ³46.
2519 3738 2611 3784 En.

1723 3821 1770 3867 8.
1794 3806 1992 3884 Ᾰκραὲς.
2019 3818 2136 3864 Non
2159 3814 2518 3881 perturbatum.

1720 3914 1768 3961 9.
1797 3896 1951 3945 Abest
1976 3907 2046 3944 ut.
2071 3896 2202 3944 J.'V.
2234 3899 2292 3944 L.

1726 3992 1804 4025 10.
1832 3976 2058 4040 flagitii.
2089 3977 2138 4023 Si
2163 3976 2378 4040 diploma
2401 3992 2428 4023 a
2449 3974 2674 4024 Caesaria-

1649 4057 1725 4103 nis
1764 4056 2058 4119 accepisset,
2085 4054 2218 4102 visus
2245 4067 2370 4104 esset
2393 4054 2502 4115 eius
2531 4054 2676 4119 impe·

1651 4136 1778 4182 rium
1793 4148 2075 4199 agnoscere.
2105 4134 2198 4181 En.
