3019 4681
486 335 1011 442 EPIs'ToLAE
1054 373 1199 442 AD
1246 373 1737 460 ATTICUM‚
1771 375 1992 461 xlv,
2041 397 2158 444 20.
2277 378 2417 474 4¹7

266 485 625 586 precibus
685 509 893 584 paeue
956 484 1317 560 adductus
1334 541 1355 574 ‚
1420 488 1868 586 scripsissem
1930 487 2026 558 ad
2096 513 2264 562 eum
2331 489 2424 562 de

270 600 566 696 optimo
604 621 871 694 genere
896 599 957 648 ¹⁴
994 595 1315 686 dicendi,
1350 623 1503 670 non
1535 599 1754 670 modo
1792 598 2004 688 mihi,
2041 599 2167 672 sed
2205 603 2425 674 etiam

271 707 415 779 tibi
450 709 777 803 scripsit,
807 706 947 778 sibi
981 705 1201 796 illud,
1238 709 1443 804 quod
1478 707 1657 778 mihi
1691 707 2046 808 placeret,
2077 734 2232 782 non
2267 735 2431 808 pro·

270 817 459 890 bari.
536 821 783 909 Quare
850 819 1006 888 sine
1028 870 1049 906 ‚
1112 842 1357 916 quaeso
1376 871 1397 907 ‚
1466 818 1605 890 sibi
1668 843 2036 916 quemque
2093 819 2428 892 scribere.

276 923 929 1025 «Suamcuique15
962 951 1339 1026 sponsam,
1381 927 1564 1000 mihi
1602 953 1870 1016 meam3
1912 953 2125 1000 suum
2169 933 2433 1027 cuique

274 1061 648 1127 amorem,
688 1037 869 1108 mihi
910 1061 1159 1109 meum
1184 1069 1239 1108 υ.
1274 1043 1439 1112 Non
1470 1041 1646 1112 scite
1673 1034 1780 1108 ¹⁶:
1819 1039 1960 1112 hoc
2004 1041 2204 1110 enim
2247 1043 2432 1112 Atti-

272 1147 419 1220 lius
442 1202 465 1236 ‚
496 1161 717 1245 poeta
747 1145 1177 1220 durissimus
1199 1159 1287 1220 ¹⁷.
1305 1152 1546 1246 Atque
1575 1147 1856 1221 utinam
1889 1149 2100 1222 liceat
2116 1151 2234 1220 isti
2253 1174 2434 1222 con-

274 1257 601 1332 cionari!
647 1260 770 1330 cui
794 1261 855 1330 si
886 1283 1041 1330 esse
1074 1261 1149 1330 in
1188 1257 1389 1332 Urbe
1416 1274 1578 1330 tuto
1615 1259 1862 1332 licebit
1883 1311 1904 1345 ‚
1931 1260 2254 1332 vicimus.
2284 1265 2436 1332 Du-

274 1395 441 1442 cem
464 1365 529 1414 ¹⁸
562 1371 757 1440 enim
788 1355 964 1439 'novi
1005 1366 1183 1440 belli
1213 1369 1439 1440 civilis
1464 1383 1595 1441 aut
1627 1393 1848 1440 nemo
1883 1384 2237 1468 sequetur
2253 1424 2288 1460 ‚.
2309 1386 2436 1443 aut

275 1479 327 1550 ii
361 1493 781 1578 sequentur
800 1531 821 1567 ,
853 1481 984 1577 qui
1014 1477 1223 1552 facile
1249 1480 1656 1552 vincantur.

372 1592 627 1661 Venio
654 1587 747 1660 ad
790 1591 1095 1662 tertiam.
1136 1595 1395 1662 Gratas
1426 1587 1648 1662 fuisse
1682 1613 1879 1661 meas
1921 1588 2168 1662 literas
2209 1595 2436 1664 Bruto

278 1713 351 1770 et
383 1699 676 1787 cassin,
708 1696 1012 1796 gaudeo.
1044 1705 1301 1797 Itaque
1341 1701 1428 1771 iis
1469 1699 1822 1798 rescripsi.
1861 1700 2080 1789 Quod
2113 1701 2432 1774 Hirtium
2512 1701 2517 1707 “

276 1834 411 1908 per
438 1833 569 1880 me
603 1809 975 1883 meliorem
1014 1807 1173 1882 fieri
1207 1810 1505 1898 volunt,
1565 1809 1662 1882 do
1699 1808 2044 1907 equidem
2085 1835 2434 1910 operam;
2515 1896 2521 1904 ,

280 1937 355 1993 et
417 1920 553 1992 ille
614 1921 891 2017 optime
941 1919 1271 2016 loquitur
1318 1947 1333 1992 ε
1392 1918 1520 1991 sed
1565 1920 1742 1990 vivit
1789 1919 2216 2018 habitatque
2267 1944 2436 1993 cum

279 2029 561 2120 Balbo,
607 2033 735 2128 qui
773 2031 949 2102 item
984 2030 1177 2103 bene
1218 2030 1572 2129 loquitur.
1609 2029 1812 2121 Quid
1847 2029 2130 2120 credas,
2155 2030 2440 2104 videris.

280 2139 751 2214 Dolabellam
789 2139 997 2212 valde
1052 2141 1341 2239 placere
1393 2140 1530 2212 tibi
1575 2140 1790 2212 video
1837 2169 1856 2211 ι
1907 2141 2089 2212 mihi
2143 2142 2439 2240 quidem

282 2252 607 2351 egregie.
646 2255 829 2322 Cum
859 2254 1091 2322 Pansa
1118 2253 1373 2353 vixiin
1404 2253 1870 2352 Pompeiano.
1911 2257 1982 2324 Is
2022 2253 2238 2353 plane
2265 2253 2442 2326 mihi

282 2360 657 2463 probabat
674 2414 695 2450 ,
716 2386 793 2433 se
817 2360 1010 2435 bene
1030 2364 1299 2435 sentire
1320 2373 1411 2451 ¹9,
1434 2378 1511 2436 et
1543 2388 1812 2461 cupere
1848 2371 2443 2463 pacem.Causam

284 2496 668 2546 armorum
713 2474 939 2570 quaeri
975 2474 1193 2572 plane
1238 2472 1473 2545 video.
1519 2475 1856 2546 Edictum
1897 2477 2099 2547 Bruti
2119 2490 2194 2547 et
2219 2477 2445 2548 Cassii

284 2586 557 2686 probo.
604 2587 991 2675 Quem-ism,
1045 2601 1128 2656 ut
1170 2587 1557 2684 suscipiam
1614 2590 2134 2684 cogitationem
2163 2644 2182 2674 ‚
2228 2588 2442 2685 quid-

283 2722 459 2768 nam
501 2698 656 2767 istis
692 2695 1054 2794 agendum
1084 2713 1340 2794 putem
1372 2724 1389 2766 τ
1425 2697 1726 2768 consilia
1767 2710 2186 2796 temporum
2227 2712 2444 2787 sunt3

287 2834 453 2905 quae
500 2808 579 2877 in
628 2806 849 2879 horas
894 2809 1333 2879 commutari
1371 2806 1596 2878 vides.
1649 2806 2044 2878 Dolabellae
2089 2820 2162 2879 et
2211 2809 2445 2907 prima

282 2920 407 2991 illa
446 2918 683 3005 acti0‚
712 2931 785 2989 et
822 2917 975 2989 haec
1004 2932 1257 2991 contra
1290 2919 1691 2989 Antonium
1716 2918 1973 2988 concio
2001 2915 2182 2987 mihi
2207 2915 2448 3016 profe-

362 3096 447 3153 14.
477 3094 558 3140 De
596 3090 796 3155 optimo.
822 3091 1019 3139 Titulus
1040 3090 1158 3139 libri
1181 3106 1329 3154 quem
1416 3089 1513 3138 nisi
1573 3088 1711 3154 quod
1764 3088 1845 3137 eui
1893 3085 2096 3138 duarum
2150 3090 2447 3157 syllabarum

285 3172 351 3221 ad
386 3175 604 3221 Brutum
644 3170 869 3235 scripsit,
914 3170 1095 3234 quique
1137 3180 1327 3232 mut,
1390 3172 1516 3217 'esta
1543 3168 1641 3217 En.

292 3255 500 3300 Orator.
533 3278 606 3289 -
634 3252 815 3299 Brutus
843 3260 895 3303 et.
914 3250 1089 3298 Cicero
1116 3249 1178 3297 de
1218 3266 1331 3297 vcra
1495 3248 1580 3296 ιδ.
1613 3248 1728 3295 Non
1751 3247 1884 3297 scite.
1909 3248 2028 3296 Non
2050 3247 2306 3311 eleganter.

288 3332 576 3397 eloquentia
621 3328 937 3378 dissidebant.
980 3330 1139 3379 Caenar
1176 3344 1297 3377 vero
1311 3364 1327 3387 ,
1496 3342 1577 3389 17.
1625 3330 1786 3377 Poeta
1835 3326 2130 3377 durissimus.
2182 3330 2307 3376 Eum
2324 3364 2341 3391 ,
2388 3329 2450 3378 de

290 3428 475 3477 gnarus
496 3409 575 3458 rei
594 3408 921 3467 existimator,
946 3408 1038 3455 sibi
1061 3408 1203 3456 Bruti
1236 3409 1329 3455 Ca·
1418 3406 1624 3455 Finibus
1675 3406 1764 3455 lib.
1811 3408 1864 3465 Ι,
1909 3422 2018 3471 cup.
2060 3422 2090 3453 α
2109 3443 2126 3468 ,
2166 3406 2450 3471 scriptorem

292 3504 411 3541 tone
442 3492 583 3541 lecto
626 3488 837 3537 disertus
878 3486 1163 3535 videbatur:
1192 3487 1329 3536 Cico-
1400 3485 1627 3551 few-mum
1663 3496 1823 3534 vocnt.
1849 3486 1940 3533 En.

291 3573 431 3619 tonis
458 3572 701 3621 Catonem
726 3567 987 3631 saepissime
1026 3566 1237 3631 legendo
1276 3580 1330 3613 se
1494 3566 1578 3615 18.
1607 3566 1804 3613 Ducem.
1827 3564 2116 3613 Antonium.
2139 3564 2237 3613 En.

292 3650 417 3699 dicit
459 3648 791 3713 copiosiorem
827 3647 1032 3695 factum.
1075 3644 1207 3693 vido
1238 3642 1328 3693 lib.
1411 3695 1421 3705 ,
1496 3643 1746 3707 19.Male‚
1765 3654 1879 3693 ante
1901 3645 2200 3706 Victoriam,
2219 3661 2273 3693 so
2287 3661 2454 3696 asseu-

291 3730 453 3787 Xlss,
470 3728 616 3792 epist.
638 3728 725 3781 46.
751 3728 846 3774 En.
1238 3717 1243 3723 ’
1418 3724 1526 3773 tire.
1546 3724 1597 3773 J.
1623 3724 1687 3772 V.
1707 3726 1766 3771 L.

197 3796 205 3805 ¹
369 3806 454 3859 15.
483 3804 517 3856 J
521 3808 675 3871 unius,
687 3805 837 3853 hosce
870 3804 1089 3853 senarios
1106 3802 1177 3851 ita
1210 3817 1331 3851 con-
1494 3816 1578 3851 ιο.
1604 3801 1869 3849 hmbium
1887 3802 1958 3851 ait
1981 3800 2142 3849 videri
2179 3802 2350 3867 potius
2365 3807 2456 3855 ci-

294 3886 577 3937 stituendos
598 3895 745 3949 putat
763 3898 778 3933 ε
798 3906 824 3927 α
843 3886 991 3933 Suam
1007 3884 1184 3946 cuique
1204 3882 1335 3929 ninas
1422 3897 1650 3937 coronem
1681 3880 1930 3945 scripsisse
1960 3880 2111 3945 Quod
2131 3898 2280 3947 rogas
2304 3918 2321 3943 ‚
2351 3885 2454 3932 cive

295 3982 559 4033 sponsam,
600 3964 722 4013 mihi
756 3980 945 4021 meam
974 3964 1125 4013 Suum
1157 3960 1334 4025 cuique
1427 3961 1577 4025 Quod
1597 3960 1842 4020 hortaris,
1875 3970 1926 4008 et
1961 3976 2026 4009 ex
2047 3976 2108 4009 oo
2139 3962 2318 4012 factum
2355 3978 2458 4011 cuo

298 4048 427 4095 nim
444 4060 637 4095 morem
651 4076 667 4101 ,
684 4044 805 4091 mihi
823 4058 985 4093 meum
998 4062 1039 4089 a».
1056 4043 1107 4089 J.
1120 4041 1185 4087 V.
1203 4042 1337 4089 1..--
1427 4040 1636 4106 Quoen's.
1655 4038 1796 4089 Nihil
1837 4038 2156 4099 mutandum,
2197 4042 2292 4091 nini
2315 4040 2462 4091 malis

298 4126 359 4175 In
376 4126 563 4191 quibu·
577 4123 725 4173 nobis
740 4122 877 4171 nulla
894 4120 1099 4171 duritia
1117 4128 1339 4186 apparet,
1422 4119 1610 4187 heere,
1629 4120 1780 4187 Quod
1796 4119 1990 4187 quatis.
2015 4120 2144 4185 LV.
2168 4122 2220 4167 L.

552 4214 677 4283 ῙῙῙ.
728 4228 817 4272 ae.
853 4239 965 4287 pan
996 4232 1175 4287 quarta.
2131 4230 2218 4300 27
