3019 4681
451 353 592 425 7¹⁰
975 327 982 347 ¹
1142 330 1879 400 EPISTOLARUM

1207 533 1336 600 AD
1385 530 1863 602 EUMDEM.·

546 698 822 768 PRISC.
856 693 977 766 lib.
1016 699 1222 766 VIII.
1255 701 1411 766 Hoc
1436 695 1797 766 restiterat
1830 697 2045 766 etiam
2064 749 2083 786 ,
2118 712 2202 767 ut
2230 719 2269 766 a
2296 711 2368 768 te
2394 697 2580 771 fictis

449 804 916 906 aggrederer¹
959 805 1191 876 donis.

545 917 826 986 PRISC.
879 913 1049 984 cbid.
1102 917 1248 1006 Qui
1301 913 1559 1002 habet,
1604 913 1800 984 ultro
1844 915 2259 1012 appetitur:
2303 917 2433 1013 qui
2474 932 2580 988 est

451 1049 755 1123 pauper,
789 1037 1234 1123 aspernatur.

547 1137 799 1204 SUET.
829 1138 902 1203 in
927 1131 1066 1204 Jul.
1100 1135 1280 1207 Coes.
1322 1131 1566 1222 Quid?
1601 1146 1971 1204 oratorum
2004 1158 2223 1230 quem
2262 1134 2431 1206 huic
2458 1160 2580 1206 an-

449 1257 758 1340 tepones
792 1261 1086 1328 eorum,
1123 1245 1250 1341 qui
1275 1241 1460 1313 nihil
1492 1239 1687 1313 aliud
1715 1244 2060 1339 egerunt?
2097 1246 2257 1341 quis
2290 1259 2581 1316 senten-

454 1354 574 1422 tiis
611 1365 738 1422 aut
793 1354 1092 1442 acutior,
1142 1367 1268 1423 aut
1317 1350 1684 1424 crebrior?
1729 1355 1890 1451 quis
1937 1353 2175 1426 verbis
2213 1370 2338 1427 aut
2378 1379 2583 1428 orna-

455 1467 631 1551 tior,
675 1475 800 1533 aut
844 1462 1282 1561 elegantior?
2558 1507 2561 1510 -

551 1573 949 1647 MARCEL.
1005 1573 1263 1672 Neque
1306 1575 1499 1646 enim
1542 1572 1945 1671 quidquam
1984 1572 2181 1645 aliud
2219 1589 2329 1646 est
2362 1573 2584 1646 felici-

455 1699 603 1768 ἵεις,
649 1686 781 1756 nisi
821 1683 1289 1758 honestarum
1331 1709 1577 1756 rerum
1622 1687 2106 1782 prosperitas·
2143 1684 2298 1774 vel,
2328 1698 2412 1756 ut
2446 1686 2587 1756 alio

456 1794 682 1866 modo
727 1793 1108 1884 definiam,
1155 1794 1455 1868 felicitas
1501 1809 1610 1868 est
1648 1793 1979 1883 fortuna,
2015 1794 2327 1891 adjutrix
2353 1799 2588 1868 consi-

457 1903 726 1976 liorum
768 1904 1132 1977 bonorum
1163 1934 1178 1976 ε
1223 1905 1492 2004 quibus
1523 1908 1652 2005 qui
1687 1930 1837 1977 non
1876 1907 2129 1993 utitur,
2174 1905 2343 1978 felix
2383 1907 2589 1978 nullo

455 2029 672 2112 pacto
704 2039 859 2098 esse
887 2029 1145 2113 potest.
1177 2022 1368 2115 Ergo
1395 2019 1474 2086 in
1508 2014 1807 2114 perditis
1836 2017 2223 2115 impiisque
2250 2016 2587 2106 consiliis,

461 2122 730 2221 quibus
775 2130 1052 2197 Caesar²
1103 2151 1278 2198 usus
1315 2140 1504 2215 erat,
1547 2127 1745 2198 nulla
1775 2129 2017 2226 potuit
2056 2153 2208 2199 esse
2253 2125 2585 2200 felicitas:

459 2231 882 2333 feliciorque
949 2259 1116 2306 meo
1176 2234 1452 2332 judicio
1512 2236 1855 2309 Camillus
1918 2235 2255 2310 exsulans
2282 2291 2307 2321 ‚
2370 2261 2590 2334 quam

460 2344 917 2445 temporibus
958 2345 1598 2435 iisdem‘Manlius,
1634 2348 1951 2436 etiamsi,
1989 2346 2063 2417 id
2106 2346 2307 2445 quod
2350 2347 2592 2445 cupie-

459 2470 571 2527 rat
589 2510 609 2544 ,
647 2478 949 2553 regnare
993 2458 1362 2554 potuisset.

537 2625 584 2655 1.
641 2607 966 2675 Aggrederer.
1027 2610 1303 2657 Priscianus
1323 2641 1339 2666 ‚
1389 2608 1480 2657 lib.
1570 2622 1673 2656 esse
1707 2622 1854 2655 nemo
1876 2614 2039 2671 potest
2053 2625 2093 2654 ιι.
2130 2607 2206 2653 Ex
2239 2620 2341 2669 quo
2368 2616 2484 2652 sunt
2508 2604 2591 2655 illa

463 2687 584 2735 ‘vm
602 2722 617 2747 ,
641 2687 711 2735 ait
725 2721 740 2746 ,
756 2686 853 2734 hoc
879 2690 932 2734 in
953 2687 1072 2753 loco
1097 2686 1308 2753 aggredi
1331 2688 1382 2734 in
1401 2702 1484 2752 pa-
1570 2700 1768 2750 quoque
1795 2685 1856 2732 ad
1877 2685 2026 2733 Attic.
2045 2684 2267 2743 mmm,
2286 2683 2350 2731 ita
2375 2684 2555 2749 scripta
2574 2698 2589 2733 t

466 2764 619 2813 tiendi
645 2762 1001 2833 significatione
1039 2782 1140 2814 ωηο
1177 2776 1484 2831 usurpatum.
1572 2786 1597 2807 e·
1614 2766 1661 2813 Ο
1688 2766 1933 2812 hominem
1973 2774 2211 2811 amentem
2255 2774 2305 2811 et
2330 2763 2591 2811 miserum!

462 2846 644 2894 Sreon.
1570 2844 1657 2908 qui
1681 2859 1742 2891 ne
1765 2842 1985 2891 umbram
2020 2842 2219 2907 quidem
2244 2859 2473 2907 umquam
2509 2846 2592 2893 τοῦ

539 2940 593 2973 2.
619 2923 801 2973 Cam.
823 2926 899 2973 De
915 2923 1010 2975 hnc
1027 2924 1227 2974 Cauris
1241 2924 1484 2986 ejusmodi
1569 2924 1717 2973 καλοῦ
1744 2923 1938 2971 viderit.
1962 2924 2127 2986 Atque
2158 2922 2267 2971 haec
2286 2924 2353 2970 ait
2370 2924 2525 2971 facere
2542 2940 2593 2972 ee

466 3002 724 3061 felicitate,
747 3002 812 3050 ita
837 3003 966 3052 idem
991 3004 1083 3052 iate
1101 3003 1276 3052 Cicero
1293 3004 1344 3051 in
1364 3004 1483 3052 Phi·
1572 3002 1821 3067 dignitatis
1845 3018 2005 3051 cauea.
2032 3002 2135 3051 Ubi
2160 3014 2235 3051 eet
2250 3013 2411 3051 antem
2430 3003 2591 3067 digni-

463 3082 592 3147 lipp.
618 3086 668 3131 11
687 3092 760 3131 eet
781 3081 1013 3147 loquutus
1037 3082 1276 3143 neem,
1301 3082 1483 3148 inquii,
1569 3093 1671 3143 ω,
1688 3082 1785 3132 nini
1802 3081 1887 3131 nbi
1906 3082 2137 3131 honesta·
2152 3084 2175 3131 P
2196 3100 2314 3131 num
2330 3083 2589 3131 honestum

467 3161 764 3211 Alexandria
807 3178 858 3210 ee
893 3162 1077 3227 recepit
1111 3162 1253 3221 felix,
1298 3172 1356 3211 ut
1387 3162 1482 3211 eibi
1568 3162 1733 3226 igitur,
1750 3160 1929 3210 habere
1952 3163 2216 3214 exercitum
2231 3162 2369 3210 nullo
2388 3162 2593 3227 publico

467 3240 666 3303 quidem
700 3240 988 3302 videbun-u
1029 3256 1134 3289 mea
1165 3252 1330 3289 eutem
1371 3258 1482 3289 nen-
1570 3241 1777 3291 consilio
1790 3242 1815 3289 ἰ·
1834 3256 2077 3306 occupare
2104 3242 2248 3290 urbes
2274 3242 2470 3300 civium,
2493 3256 2595 3306 quo

447 3330 502 3369 te
516 3318 648 3379 ntia,
679 3319 774 3367 nisi
811 3320 900 3383 qui
925 3319 1047 3382 reip.
1095 3321 1162 3368 nit
1189 3320 1339 3385 felix,
1364 3320 1483 3369 felix
1570 3322 1759 3371 facilior
1782 3322 1847 3369 eit
1870 3321 2033 3371 adim·
2055 3321 2121 3371 ad
2136 3322 2376 3387 patriam?
2391 3342 2417 3365 a·
2435 3324 2595 3372 ern.

927 3501 1057 3568 AD
1109 3502 1188 3572 C.
1239 3500 1725 3587 CAESAREM,
1766 3524 1848 3569 Ex
1890 3524 2022 3569 Lm.
2071 3502 2123 3568 I.

562 3658 776 3729 NON.
813 3661 1101 3727 Dz'care.
1141 3656 1442 3727 Balbum
1475 3660 1732 3754 quanti
1760 3655 2083 3745 faciam1,
2120 3679 2487 3754 quamque
2524 3660 2592 3730 ei

469 3792 586 3839 me
623 3782 858 3837 totum
900 3767 1327 3856 dicaverim,
1376 3790 1474 3871 ex¹
1503 3772 1665 3867 ipso
1702 3768 1903 3839 scies,

543 3934 562 3965 1
575 3956 586 3967 .
611 3918 812 3966 Balbum
839 3918 1232 3984 quantifaciam.
1250 3919 1482 3984 Exempla
1572 3930 1763 3984 sumpta
1790 3929 1919 3967 eunt.
1946 3920 2255 3982 Quamquam
2270 3929 2427 3968 eutem
2460 3918 2597 3967 diffi-

465 4001 632 4047 omnie
652 4014 714 4046 ex
743 3998 895 4047 tribus
926 4000 1064 4048 libris
1087 4000 1400 4065 epistolarum
1418 3998 1482 4048 ed
1572 3999 1665 4047 cile
1680 4010 1781 4055 eet,
1818 4016 1879 4048 ex
1906 4010 2005 4047 tem
2022 4000 2192 4065 paucis
2212 3999 2373 4047 verbio
2398 4010 2596 4049 oenten-

460 4080 522 4129 C.
551 4080 796 4129 comem
825 4094 886 4127 ex
932 4079 1083 4127 Nonii
1125 4078 1483 4129 commentariis
1570 4080 1687 4127 tiam
1704 4078 1851 4128 uuum
1870 4090 2050 4127 cenam
2070 4080 2261 4127 linurin
2280 4114 2296 4139 ,
2330 4090 2491 4127 umen
2512 4077 2597 4125 lm
