3019 4681
587 387 726 456 280
1229 391 1326 461 M.
1377 389 1453 458 T.
1508 391 2065 460 CICERONIS

587 511 858 580 Literas
893 507 1237 582 Narbone
1275 509 1478 582 dedit
1509 537 1669 581 11111
1706 509 1840 581 kal.
1887 511 2053 582 mai.
2088 513 2198 580 Tu
2238 509 2415 582 mihi
2444 509 2539 582 de
2584 513 2729 582 Ca-

587 615 808 691 ninii⁸
839 615 1248 716 naufragi0‚
1285 622 1489 715 quasi
1524 617 1745 690 dubia
1770 620 2040 690 misisti.
2079 618 2365 697 Scribas
2388 621 2637 717 igitur,
2664 623 2725 690 si

589 725 770 826 quid
795 730 930 800 erit
946 730 1227 800 certius,
1263 727 1480 820 Quod
1509 753 1627 800 me
1647 753 1689 798 a
1724 729 2059 800 moestitia
2082 751 2373 818 avocaS,
2402 731 2723 800 multum

587 834 874 920 levaris,
915 836 974 906 si
1003 836 1246 906 locum
1265 834 1436 906 fano
1461 833 1763 906 dederis.
1792 834 2021 906 Multa
2058 834 2237 905 mihi
2270 839 2351 917 εἰς
2384 839 2727 907 ἀποθέωσιν

585 946 660 1015 in
703 959 1020 1020 mentem
1066 947 1391 1016 veniunt.
1439 945 1583 1018 Sed
1618 945 1781 1018 loco
1822 944 2027 1016 valde
2065 969 2255 1044 opus
2304 959 2435 1018 est.
2476 949 2727 1037 Quare

587 1057 803 1130 etiam
837 1055 1200 1132 Othonem
1237 1055 1422 1136 vide.

657 1218 707 1268 8.
737 1217 949 1268 Caninii.
973 1220 1049 1268 De
1067 1233 1166 1284 quo
1183 1217 1371 1270 Hirtius
1389 1218 1425 1268 l.
1447 1221 1521 1267 vl
1536 1253 1553 1282 ,
1571 1229 1621 1268 et
1642 1218 1796 1278 infra,
1832 1233 1915 1283 ep.
1944 1219 2033 1274 43.
2062 1219 2176 1266 Erat
2200 1217 2405 1268 Can&
2427 1217 2635 1284 leg-tm.
2726 1213 2733 1218 '

583 1421 2719 1463 mmmmm-*mmmmm

1051 1619 1660 1704 EPISTOLA
1728 1621 2258 1700 XXXVIII.

589 1797 680 1853 De
711 1788 894 1849 literis
913 1786 1094 1848 Attici
1119 1786 1336 1844 frustra
1371 1784 1748 1864 exspectati-13
1792 1784 1865 1844 de
1890 1790 1964 1860 Q.
1990 1785 2187 1844 fratris
2226 1785 2334 1844 filii
2362 1787 2425 1844 in
2450 1799 2725 1865 patruum

670 1887 907 1948 malitia.
929 1889 1003 1946 Se
1031 1884 1221 1942 minus
1248 1880 1614 1941 debilitatum
1641 1881 1835 1940 animo
1858 1901 2010 1953 esse,
2042 1901 2215 1960 quam
2239 1882 2481 1960 quidam
2506 1896 2719 1963 putent.

669 1991 759 2050 De
781 1983 968 2048 hortis
986 1980 1261 2046 emendis.
1291 1983 1382 2052 (In
1399 1979 1644 2052 Antiati,
1666 1997 1819 2038 anno
1836 1983 1915 2039 U.
1943 1981 2009 2040 C.
2040 1981 2185 2058 708,
2220 1999 2421 2040 mense
2446 1979 2651 2064 maio.)

1265 2157 1587 2224 CICERO
1628 2157 1950 2230 ATTICO
1996 2159 2063 2227 S.

693 2319 861 2393 Nou
919 2313 1223 2401 dubito,
1264 2313 1446 2411 quin
1497 2313 2093 2413 occupatissimus
2148 2309 2415 2399 fueris»,
2470 2313 2603 2411 qui
2642 2307 2725 2383 ad

595 2454 713 2505 me
768 2426 949 2497 nihil
993 2424 1386 2495 literarum.
1435 2420 1576 2493 Sed
1624 2421 1853 2494 homo
1900 2433 2295 2519 nequam¹,
2338 2423 2467 2520 qui
2522 2438 2723 2493 tuum

597 2534 1066 2615 commodum
1117 2558 1267 2605 non
1321 2533 1750 2631 exspectarit
1778 2588 1798 2621 ‚
1846 2557 2077 2631 quum
2141 2530 2241 2605 ob
2300 2557 2457 2605 eam
2512 2552 2727 2605 unam

597 2674 879 2727 causam
917 2640 1182 2717 missus
1221 2657 1430 2719 esset.
1481 2646 1693 2716 Nunc
1742 2643 2039 2743 quidem
2066 2696 2086 2731 ,
2130 2642 2265 2713 nisi
2304 2639 2485 2739 quid
2522 2657 2596 2714 te
2632 2656 2725 2712 te-

594 2765 804 2847 nuit·‚
860 2758 1188 2854 suspicor
1218 2769 1290 2823 te
1323 2776 1476 2824 esse
1516 2752 1592 2822 in
1621 2750 2067 2824 suburbano.
2108 2754 2203 2823 At
2234 2776 2370 2847 ego
2406 2751 2531 2822 hic
2572 2752 2731 2822 scri-

596 2870 843 2944 bendo
899 2866 1053 2938 dies
1113 2879 1308 2935 totos
1370 2861 1551 2932 nihil
1600 2862 1939 2961 equidem
1989 2860 2241 2948 levor,
2306 2859 2433 2934 sed
2494 2874 2729 2933 tamen

599 2981 880 3057 aberro.
900 2976 1188 3049 Asinius
1211 2972 1441 3043 Pollio
1461 2971 1555 3042 ad
1583 2996 1698 3045 me
1731 2971 2020 3070 scripsit
2042 2970 2182 3042 de
2162 2995 2454 3075 impuro
2482 2982 2728 3042 nostro

597 3098 976 3189 cognatm.
1021 3082 1238 3177 Quod
1262 3081 1528 3154 Balbus
1554 3084 1795 3161 minor
1828 3106 2066 3179 nuper
2098 3082 2266 3153 satis
2308 3080 2567 3179 plane,
2596 3082 2726 3149 Do-

597 3200 856 3275 labella
891 3194 1239 3280 obscure,
1275 3190 1397 3263 hic
1433 3194 1897 3287 apertissime.
1938 3196 2231 3263 Ferrem
2274 3192 2591 3288 graviter
2610 3243 2631 3277 ‚
2676 3187 2727 3256 si

601 3337 806 3388 novae
837 3307 1265 3405 aegrimoniae
1293 3303 1497 3375 locus
1512 3318 1719 3375 esset
1752 3303 1890 3379 Sed
1912 3318 2154 3376 tamen
2191 3302 2457 3403 ecquId
2496 3307 2726 3403 impu·

599 3421 797 3494 rius?
846 3444 894 3490 ο
937 3416 1310 3487 hominem
1353 3412 1787 3485 cavendum!
1832 3438 2284 3537 quamquam·
2336 3412 2519 3484 mihi
2582 3410 2727 3511 qui-

605 3525 846 3603 dem-²⁴.
881 3525 1022 3601 Sed
1061 3521 1422 3604 tenendus
1457 3522 1669 3599 dolor
1704 3538 1833 3599 est.
1868 3528 2012 3613 Tu,
2052 3523 2411 3620 quoniam
2453 3541 2729 3595 necesse

679 3750 724 3786 x.
748 3736 906 3783 Homo
927 3748 1156 3797 nequam.
1181 3730 1429 3779 Libertum
1455 3740 1593 3779 notat
1608 3764 1623 3789 ,
1783 3732 1833 3779 3.
1856 3728 1984 3780 mla·
2004 3728 2217 3793 quidem.
2236 3714 2591 3783 Ᾰποσιῶπηως.
2612 3728 2734 3773 nou·

605 3813 684 3861 vel
715 3812 1016 3861 tubelhrium
1048 3810 1113 3859 nd
1148 3811 1370 3859 Atticum
1405 3810 1624 3858 missum.
1711 3824 1799 3869 ιι,
1830 3809 2037 3873 Explnn.
2074 3808 2232 3861 Plana.
2264 3824 2317 3873 p.
2356 3814 2481 3869 ⁴07,
2514 3804 2683 3869 aplet
2710 3816 2734 3847 ο

614 3894 831 3939 Senon.
1712 3889 1885 3937 Plauto
1900 3924 1913 3947 ‚
1932 3910 1959 3931 αι
1971 3900 2089 3936 atas
2105 3899 2213 3935 not·
2230 3888 2385 3935 ferme
2402 3896 2501 3945 est,
2522 3896 2599 3933 tua
2620 3884 2733 3931 istuc

674 3988 721 4018 α.
747 3970 984 4032 Cognato,
1011 3968 1116 4017 Mei
1137 3968 1328 4027 fratris,
1351 3978 1402 4016 et
1419 3976 1517 4015 ωε
1540 3982 1625 4014 ⁸0-
1710 3968 1857 4015 refert
1878 3966 2089 4014 maxime
2108 3988 2132 4011 ι
2148 4000 2164 4026 ,
2194 3976 2251 4014 ut
2274 3977 2351 4013 ent
2376 3966 2432 4012 in
2452 3964 2591 4029 epist.
2623 3980 2655 4011 a
2680 3956 2731 4007 nl

604 4051 728 4097 roris
751 4048 859 4097 filio
877 4084 894 4107 ‚
927 4050 1014 4113 qui
1041 4064 1172 4097 nunc
1197 4060 1270 4097 est
1297 4050 1348 4095 in
1371 4048 1620 4113 Hispania.
1711 4048 1931 4095 Brutum.
1958 4045 2118 4093 Aliter
2152 4044 2461 4107 Mougaltius
2478 4076 2495 4103 ,
2522 4040 2731 4091 Eme-tio

603 4130 836 4183 Connus.
1714 4126 1986 4180 adsentiens
2008 4158 2026 4185 ,
2072 4146 2101 4169 ιι
2124 4140 2419 4193 quamquam
2470 4124 2591 4172 mihi
2638 4117 2729 4195 qui-
