3019 4681
500 381 649 454 '622
1138 381 1236 452 M.
1288 383 1367 451 T.
1421 353 2008 454 CICERONIS

504 506 673 578 dico
709 519 782 576 et
815 503 1067 576 libero.
1108 502 1327 594 Quod
1368 502 1624 575 scribis
1653 517 1726 576 te
1753 529 1796 576 a
1821 509 2098 575 Caesare
2129 503 2464 602 quotidie
2490 505 2656 604 plus

505 617 748 714 diligi,
806 615 1311 687 immortaliter
1364 614 1672 712 gaudeo.
1729 615 2036 687 Balbum
2084 637 2261 688 vero
2283 671 2304 706 ,
2361 621 2497 714 qui
2551 631 2658 690 est

506 728 715 798 istius
750 731 856 796 rei
904 724 1564 823 (quemadmodum
1613 725 1921 822 scribis)
1955 725 2268 823 adjutor,
2309 729 2386 798 in
2425 728 2654 800 oculis

508 835 689 908 fero.
736 834 1187 908 Trebonium
1230 855 1476 905 meum
1533 859 1578 906 a
1627 850 1700 906 te
1758 838 2022 924 amari,
2073 851 2295 934 teque
2351 836 2445 909 ab
2491 837 2655 925 illo,

508 947 949 1046 pei-gaudeo.
993 949 1103 1016 De
1142 932 1514 1016 tribunatu
1551 945 1754 1044 quod
1795 947 2086 1034 scribis,
2130 971 2268 1046 ego
2313 971 2493 1020 vero
2529 971 2656 1020 no-

510 1057 1091 1154 minatim⁴petivi
1118 1059 1416 1143 Curtio;
1450 1070 1524 1128 et
1557 1055 1737 1126 mihi
1776 1059 1934 1155 ipse
1961 1061 2194 1129 Czoear
2223 1058 2651 1129 nominatim

509 1168 765 1240 Curtio
800 1181 1131 1264 paratum
1177 1189 1331 1236 esse
1380 1167 1778 1264 rescripsit,
1811 1191 2192 1264 meamque
2220 1170 2298 1238 in
2325 1167 2654 1266 rogando

504 1275 1015 1348 verecundiam
1062 1275 1491 1372 objurgavit.
1537 1279 1608 1346 Si
1657 1277 1776 1348 cui
1819 1292 2159 1375 praeterea
2208 1279 2496 1377 petiero
2541 1279 2654 1375 (id

506 1386 711 1486 quod
744 1388 959 1486 etiam
988 1388 1237 1485 Oppio
1266 1385 1453 1474 dixi,
1494 1400 1576 1457 ut
1605 1387 1694 1460 ad
1730 1388 1933 1459 illum
1973 1387 2411 1486 scriberet),
2451 1390 2654 1463 facile

509 1499 741 1598 patiar
766 1498 946 1568 mihi
970 1499 1252 1594 negari,
1277 1501 1626 1594 quoniam
1651 1498 1791 1585 illi,
1820 1500 1951 1596 qui
1981 1498 2123 1570 sibi
2143 1499 2434 1572 molesti
2461 1515 2652 1589 sunt,

508 1607 647 1680 sibi
694 1608 943 1704 negari
989 1631 1029 1678 a
1069 1631 1189 1678 me
1240 1631 1390 1677 non
1438 1605 1646 1679 facile
1687 1609 2088 1706 patiuntur.
2129 1611 2284 1708 Ego
2322 1613 2652 1683 Curtium

508 1719 637 1817 (id
662 1717 882 1818 ‚quod
926 1719 1061 1815 ipsi
1116 1716 1311 1811 dixi)
1352 1743 1505 1789 non
1555 1719 1780 1790 modo
1817 1722 2234 1818 rogatione,
2271 1721 2394 1793 sed
2439 1724 2651 1794 etiam

504 1831 920 1904 testimonio
964 1844 1091 1899 tuo
1128 1827 1387 1926 diligo,
1421 1827 1628 1926 quod
1667 1829 1892 1902 literis
1931 1833 2073 1902 tuis
2113 1831 2434 1902 studium
2468 1832 2652 1904 illius

506 1943 582 2014 in
620 1941 929 2014 salutem
970 1954 1293 2020 nostram
1324 1937 1529 2012 facile
1556 1941 1912 2039 perspexi.
1942 1945 2052 2012 De
2075 1941 2511 2014 Britannicis
2539 1965 2652 2012 re-

502 2051 680 2142 bus,
710 2053 1023 2150 cognovi
1054 2075 1145 2122 ex
1174 2053 1319 2122 tuis
1347 2050 1612 2140 literis,
1649 2049 1834 2122 nihil
1863 2075 2018 2123 esse
2037 2103 2056 2136 ‚
2097 2075 2234 2123 nec
2269 2050 2477 2149 quod
2503 2077 2648 2124 me-

500 2179 833 2251 tuamus,
875 2186 1015 2234 nec
1055 2163 1255 2259 quod
1301 2160 1770 2259 gaudeamus,
1815 2166 1925 2233 De
1955 2160 2272 2260 publicis
2309 2163 2648 2260 negotiiS,

502 2301 667 2375 quae
708 2279 816 2348 vis
863 2274 955 2347 ad
1010 2291 1081 2347 te
1134 2276 1475 2347 Tironem
1525 2274 1877 2365 scribere,
1926 2275 2416 2376 negligentius
2457 2276 2551 2347 ad
2585 2291 2652 2349 te

507 2400 673 2458 ante
725 2385 1131 2459 scribebam
1154 2440 1173 2476 ,
1223 2385 1427 2485 quod
1473 2388 1756 2477 omnia,
1793 2383 2133 2477 minima,
2179 2391 2531 2478 maxima,
2565 2384 2651 2459 ad

504 2499 855 2567 Caesarem
896 2500 1089 2567 mitti
1131 2496 1467 2570 sciebam.
1647 2573 1655 2583 ,

599 2608 957 2704 Rescripsi
1012 2607 1332 2703 epistolae
1382 2610 1732 2679 maximae.
1785 2607 1974 2679 Audi
2025 2630 2226 2679 nunc
2277 2604 2369 2679 de
2411 2606 2650 2677 minu-

503 2715 746 2788 scula:
786 2718 1052 2813 inqua
1093 2719 1415 2813 primum
1468 2731 1578 2789 est
1624 2715 1716 2787 de
1767 2714 2004 2787 Clodii
2044 2713 2136 2785 ad
2179 2718 2532 2787 Coesarem
2571 2713 2652 2784 li·

502 2828 715 2915 teris;
766 2827 843 2895 in
900 2850 1051 2923 quo
1106 2829 1401 2898 Caesaris
1456 2827 1837 2899 consilium
1892 2823 2173 2924 probe,
2220 2824 2428 2923 quod
2481 2824 2651 2912 tibi,

500 2938 989 3009 amantissime
1028 2941 1344 3034 petenti,
1385 2941 1667 3011 veniam
1723 2962 1872 3009 non
1913 2937 2121 3009 dedit
2143 2934 2232 3027 3⁵,
2265 2941 2372 3008 uti
2415 2937 2679 3009 ullum-

500 3046 589 3119 ad
636 3048 829 3118 illam
877 3044 1139 3117 furiam
1184 3047 1487 3119 verbum
1527 3048 1980 3120 rescriberet.
2025 3046 2358 3119 Alterum
2410 3062 2520 3119 est
2563 3046 2651 3117 de
2699 3078 2708 3093 ·

500 3157 851 3230 Calventii
892 3158 1101 3227 Marii
1118 3153 1185 3201 3⁶
1232 3159 1582 3230 oratione.
1621 3157 1840 3248 Quod
1878 3156 2170 3245 scribi5‚
2231 3160 2484 3247 miror,
2517 3157 2650 3230 tibi

504 3268 827 3368 placere,
876 3288 994 3338 me
1048 3266 1137 3337 ad
1192 3289 1361 3337 eum
1414 3266 1814 3339 rescribere
1831 3264 1922 3356 ³⁷,
1973 3266 2372 3365 praesertim
2421 3292 2648 3364 quum

570 3437 658 3483 35.
700 3432 905 3481 Veniunt
939 3444 1037 3481 non
1081 3430 1235 3480 dedic.
1268 3434 1435 3495 Quum
1475 3442 1530 3480 tu
1619 3448 1710 3481 cur
1756 3426 1956 3496 potius,
2002 3448 2150 3495 quam
2191 3432 2528 3493 (labentium,
2567 3448 2654 3482 cur

502 3526 722 3579 peteres,
752 3526 843 3576 per
866 3512 1147 3571 amicitiam,
1168 3520 1224 3557 ut
1246 3510 1309 3557 nd
1332 3512 1390 3560 P.
1408 3510 1526 3559 Clo·
1619 3513 1734 3560 item
1779 3513 1993 3561 Marium
2038 3512 2289 3573 nominetg
2325 3513 2464 3563 haud
2515 3515 2652 3563 facile

501 3594 635 3642 dium
657 3591 963 3652 rescriberet3
988 3592 1101 3656 quia
1122 3590 1276 3639 nolles
1293 3591 1528 3639 Caenarem
1621 3588 1851 3651 dixerim,
1883 3592 1977 3639 nisi
1995 3593 2036 3639 σί
2053 3592 2182 3639 inter
2197 3593 2443 3655 Quintum
2457 3604 2510 3641 et
2523 3596 2652 3642 Mar-

501 3682 668 3720 nostra
702 3686 847 3719 caum
874 3672 1031 3719 facere
1054 3704 1071 3729 ,
1110 3681 1167 3717 ut
1197 3670 1528 3734 respondendi
1619 3685 1729 3719 cum
1767 3673 1867 3732 Jam
1903 3682 2225 3731 convenerat,
2273 3682 2330 3720 ut
2367 3688 2482 3720 enm
2525 3672 2650 3721 fictis

502 3748 721 3798 officium
776 3750 1058 3810 omittet-023
1112 3750 1387 3798 satisfacere
1434 3748 1528 3797 tibi
1617 3751 1918 3806 nominibus,
1937 3750 2138 3799 Caesaris
2155 3751 2364 3797 maxime
2383 3755 2651 3815 causa,qui

502 3828 678 3877 noluit.
700 3829 847 3877 Mur.
1619 3828 1811 3879 Pisonis
1839 3840 1940 3878 erat
1963 3842 2128 3893 gener,
2153 3829 2478 3894 appellarent.
2503 3818 2648 3879 Mu.

578 3908 665 3956 36.
714 3905 936 3954 Calventi
973 3905 1143 3955 Marii.
1188 3908 1241 3957 L.
1276 3907 1530 3967 Pisonem,
1619 3936 1692 3947 --
1717 3910 1906 3957 Ernest.
1950 3918 2066 3974 post
2111 3908 2402 3958 Lambinum
2426 3946 2443 3973 ,
2487 3908 2646 3959 narii.

500 3990 645 4048 cnjus
669 3996 915 4034 maternus
937 4001 1082 4043 avus,
1121 3997 1178 4034 nt
1205 3986 1341 4051 apud
1361 3984 1554 4048 Pedi»,
1621 3986 1722 4039 Sed
1743 3986 1942 4036 videtur
1975 3988 2150 4038 Cicero
2177 3988 2452 4054 respexisse
2487 3990 2646 4037 locun

506 4080 623 4114 num
648 4064 854 4128 legimus
869 4096 883 4123 ,
920 4064 1195 4113 calventius
1219 4078 1293 4116 est
1316 4053 1552 4131 appella·¹
1620 4079 1746 4117 orat.
1773 4067 1827 4114 in
1854 4068 2022 4117 Pison.
2043 4084 2153 4133 cap.
2173 4085 2224 4131 9.
2253 4070 2344 4116 En.

506 4154 584 4191 tus
610 4178 626 4203 ,
660 4142 861 4191 videtur
906 4139 1190 4204 intelligere.
1250 4144 1532 4194 Calventum
1695 4148 1779 4208 37.
1811 4146 1900 4195 Ad
1932 4162 2042 4194 erem
2086 4145 2366 4193 rescribere.
2405 4144 2641 4208 Quidam,
