3019 4681
607 408 1149 480 Erls‘roLAE
1199 410 1339 476 An
1389 409 2173 499 uncum-vm,
2233 434 2339 481 ιι.
2442 384 2537 509 39
2658 466 2669 479 .

398 532 650 618 video,
693 528 971 603 bellum
1019 528 1420 627 gerendum
1477 543 1629 617 est,
1689 528 1981 604 confido
2032 554 2149 604 me
2195 532 2537 605 omnibus

400 640 606 714 facile
657 639 1215 712 satisfacturum.
1271 644 1371 711 M.
1418 639 1731 712 Tullium
1756 650 1789 697 9
1820 696 1840 725 ‚
1900 664 2147 713 meum
2209 668 2539 715 necessa-

398 755 629 838 rium,
672 750 765 823 ad
797 765 870 822 te
915 751 1112 839 misi;
1150 750 1270 821 cui
1308 764 1425 837 tu,
1463 751 1527 821 si
1560 748 1696 821 tibi
1734 748 2135 842 videretur,
2171 750 2263 823 ad
2296 776 2415 825 me
2447 752 2537 825 li-

398 878 588 934 teras
615 862 842 934 daroe.

468 1066 519 1113 9.
541 1052 609 1099 Μ.
641 1048 866 1099 fillium.
891 1049 964 1097 M.
983 1047 1201 1097 Tullium
1224 1050 1478 1110 huram,
1499 1047 1709 1098 scribam
1729 1049 2001 1100 Ciceronis.
2020 1051 2151 1100 Eu.

1425 1237 1504 1314 C.

968 1428 1240 1501 Canusii,
1279 1446 1434 1486 anno
1461 1430 1536 1492 U.
1563 1431 1626 1487 C.
1654 1436 1769 1501 704
1790 1472 1807 1499 ,
1838 1444 2033 1488 mense
2058 1428 2377 1491 februario.

491 1605 628 1675 CN.
663 1607 1030 1673 MAGNUS
1075 1606 1425 1673 PROCOS.
1457 1606 1553 1672 M.
1590 1606 1997 1673 CICERONI
2043 1608 2222 1675 IMP.
2264 1610 2329 1675 S.
2368 1610 2451 1677 D.

497 1768 569 1835 S.
612 1768 700 1837 V.
758 1770 832 1834 Β.
883 1768 960 1835 Ε.
1015 1766 1201 1834 Tuas
1260 1760 1504 1832 literas
1558 1759 1869 1833 libenter
1916 1762 2077 1859 legi.
2128 1766 2545 1861 Recognovi
2612 1739 2628 1756 ’

397 1876 599 1946 enim
629 1889 830 1945 tuam
853 1873 1228 1973 pristinam
1275 1874 1619 1942 virtutem
1668 1872 1883 1942 etiam
1932 1873 2011 1940 in
2065 1871 2291 1943 salute
2342 1897 2544 1945 com·-

405 1989 634 2057 muni.·
677 1983 1028 2055 Consules
1063 1981 1155 2053 ad
1196 2003 1361 2054 eum
1400 1982 1796 2053 exercitum
1828 2036 1847 2070 ,
1906 2005 2126 2079 quem
2172 1983 2248 2052 in
2288 1982 2547 2081 Apulia

403 2094 665 2183 habui,
695 2108 1071 2165 venerunt.
1102 2096 1546 2190 Magnopere
1574 2105 1645 2162 te
1680 2090 1938 2162 hortor
1970 2115 2105 2188 pro
2128 2106 2259 2163 tuo
2296 2094 2545 2189 singu-

401 2205 534 2277 lari
565 2214 1071 2303 perpetuoque
1107 2202 1350 2274 studio
1383 2207 1457 2273 in
1485 2201 2040 2300 rempublicam,
2074 2216 2157 2272 ut
2189 2216 2263 2273 te
2295 2201 2385 2273 ad
2413 2228 2548 2275 nos

405 2313 776 2402 conferas3
834 2329 920 2386 ut
981 2315 1354 2385 communi
1419 2312 1723 2384 consilio
1784 2310 2202 2411 reipublicae
2268 2311 2545 2386 afflictae

399 2449 622 2522 opem
664 2439 882 2522 atque
909 2424 1252 2496 auxilium
1281 2421 1617 2494 feramus.
1654 2427 1969 2512 Censeo,
2003 2425 2119 2494 via
2145 2425 2377 2522 Appia
2409 2427 2548 2498 iter

401 2533 646 2624 facias,
685 2549 762 2608 et
797 2533 1123 2606 celeriter
1158 2531 1621 2605 Brundisium
1642 2533 1910 2603 venias.

1423 2767 1517 2834 D.

999 2948 1256 3008 Formiis
1275 2991 1294 3024 ,
1323 2966 1478 3008 anno
1503 2949 1583 3008 U.
1610 2949 1680 3007 C.
1705 2956 1853 3022 704,
1880 2965 2077 3008 mense
2104 2947 2425 3008 februario.

565 3119 656 3190 M.
696 3115 1018 3188 CICERO
1063 3123 1242 3188 IMP.
1281 3123 1418 3188 CN.
1451 3121 1765 3188 MAGNO
1812 3120 2164 3188 PROCOS.
2200 3123 2264 3188 S.
2299 3123 2382 3188 D.

499 3295 738 3383 Qmm
805 3291 895 3362 ad
947 3305 1022 3362 te
1077 3289 1320 3362 literas
1371 3294 1759 3381 misissem,
1802 3315 1963 3389 quae
2015 3290 2147 3362 tibi
2208 3293 2541 3364 Canusii¹

407 3399 704 3472 redditae
731 3416 938 3488 sunt,
966 3402 1454 3499 suspicionem
1483 3401 1757 3472 nullam
1786 3399 2141 3472 habebam
2160 3455 2181 3490 ,
2210 3417 2283 3474 te
2304 3405 2546 3501 reipu-

407 3510 616 3582 blicae
643 3535 853 3583 causa
877 3533 1071 3583 mare
1087 3511 1561 3582 transiturum
1581 3536 1601 3599 3
1632 3535 1975 3608 eramque
2001 3511 2077 3580 in
2101 3535 2230 3608 spe
2251 3535 2509 3609 magna
2527 3567 2548 3600 ‚

409 3619 566 3692 fore
595 3675 615 3706 ‚
660 3635 742 3691 ut
785 3621 858 3690 in
908 3621 1110 3691 Italia
1164 3643 1541 3717 possemus
1586 3637 1712 3692 aut
1769 3621 2231 3693 concordiam
2280 3627 2549 3694 consti·

409 3743 654 3814 tuere,
701 3725 846 3827 qua
880 3728 1060 3800 mihi
1089 3729 1270 3801 nihil
1319 3730 1569 3802 utilius
1611 3730 2033 3820 videbatur,
2086 3747 2212 3805 aut
2248 3757 2548 3831 rempu-

410 3838 670 3911 blicam
741 3865 1020 3912 summa
1084 3864 1250 3912 cum
1318 3839 1661 3939 dignitate
1730 3838 2134 3913 defendere.
2199 3843 2497 3913 Interim
2526 3895 2547 3930 ‚
2630 3909 2637 3916 .

409 3949 742 4021 nondum
779 3953 956 4023 meis
997 3951 1220 4023 literis
1268 3950 1360 4022 ad
1411 3966 1484 4024 te
1521 3951 1813 4051 perlatis
1835 4006 1855 4041 ‚
1888 3976 1978 4023 ex
2013 3953 2127 4023 his
2165 3953 2543 4038 mandatiS,

493 4155 541 4186 x.
566 4139 777 4190 Canusii.
802 4143 862 4190 In
885 4139 1065 4191 finibus
1081 4141 1292 4206 Apulia.
1325 4143 1416 4192 En.
