3019 4681
567 383 1088 452 EPISToLAE
1139 382 1274 449 AD
1324 360 1845 463 ATTICUM,
1884 379 2115 483 vm,
2158 385 2272 467 ιι..
2401 382 2495 469 45

273 508 279 512 “
354 498 610 573 falsum
651 500 864 573 video
897 527 1073 575 esse.
1115 504 1228 572 Ait
1261 503 1456 576 enim
1484 498 1837 597 Lepidm,
1874 524 2042 571 eum
2079 506 2327 576 nescio
2352 517 2503 604 quo

354 625 772 708 penetrasse
794 610 1221 683 itineribus?
1253 608 1711 684 :occultandi
1742 613 1854 680 sui
1893 635 2138 702 causa,
2169 640 2259 685 an
2292 619 2507 691 maris

353 721 719 820 apiscendi
734 718 808 815 ⁸²?
841 747 934 793 ne
966 722 1040 793 id
1081 720 1376 821 quidem
1415 724 1573 793 scit.
1598 726 1893 817 Ignorat
1926 724 2121 793 enim
2142 736 2173 783 9
2212 726 2301 799 de
2332 727 2503 802 filio.

353 831 578 904 Addit
619 830 836 918 illud,
869 858 1040 904 saue
1073 832 1464 903 molestum
1506 860 1522 900 :
1559 830 1943 928 pecuniam
1981 835 2305 907 Domitio
2336 840 2506 911 satis

355 942 700 1039 grandem
729 998 750 1031 ‚
790 968 1012 1040 quam
1040 946 1101 1015 is
1135 940 1437 1016 Corfinii
1473 940 1812 1013 hahuerit
1833 997 1853 1030 ,
1894 967 2046 1014 non
2075 968 2230 1017 esse
2269 947 2506 1019 reddi-

356 1064 607 1126 tam¹⁰.
659 1058 771 1125 De
811 1052 1130 1125 Lentulo
1173 1068 1418 1123 autem
1456 1050 1640 1122 nihil
1690 1050 2044 1123 audimus.
2082 1056 2248 1127 Haec
2288 1057 2505 1129 velim

357 1165 731 1262 exquiras,
772 1164 865 1235 ad
900 1188 1166 1262 meque
1197 1160 1622 1262 perscribas.

353 1346 542 1411 lepide;
561 1345 713 1395 modo
732 1344 869 1411 quod
889 1346 1102 1411 lepidius
1132 1346 1388 1394 accessisse
1554 1362 1601 1407 7.
1621 1348 1909 1393 Penetrasse
1931 1345 2410 1399 itineribus.Videtur
2426 1349 2508 1401 de·

283 1467 292 1473 .
356 1426 421 1474 ad
449 1426 634 1475 Urbem
654 1449 700 1476 ιο.
739 1428 792 1475 J.
814 1428 879 1474 V.
899 1428 952 1473 L.
986 1426 1188 1489 conjicit
1213 1426 1388 1473 melius
1475 1425 1677 1473 siderari
1726 1424 2023 1488 epithetum,
2073 1427 2211 1490 quod
2263 1428 2506 1480 cohaereat

357 1506 471 1554 elici
493 1521 672 1572 posue:
694 1507 900 1556 ‘amodo
935 1522 1038 1553 esse
1077 1506 1132 1553 in
1161 1504 1388 1564 Tiburti,
1475 1520 1739 1571 cumyoce
1776 1504 2055 1563 itineribus,
2095 1506 2223 1555 forte
2264 1511 2469 1559 occultis
2488 1546 2504 1571 ,

356 1583 493 1635 haud
536 1586 706 1651 lepido
729 1602 745 1645 ;
791 1585 942 1633 modo
1001 1601 1114 1634 eum
1175 1584 1387 1649 lepidius
1475 1600 1561 1633 seu
1580 1582 1740 1632 deviis.
1764 1585 1928 1633 Lnn.
1948 1611 2021 1621 —
2041 1585 2293 1636 Voluieeet
2320 1591 2506 1641 Mutet.

356 1668 612 1714 accessisse
658 1665 723 1713 ad
770 1664 958 1715 Urbem
977 1686 1024 1713 n.
1053 1665 1106 1713 Si
1148 1662 1386 1728 probetur
1475 1664 1680 1711 «nescio
1707 1678 1809 1727 quo
1837 1674 2113 1727 penetrasse
2132 1665 2334 1725 itineris,
2366 1680 2505 1719 etc.»

358 1762 470 1794 cum
494 1746 648 1794 Junio
677 1766 700 1788 ι
716 1745 976 1794 Tiburtino
1013 1744 1185 1810 Lepidi
1209 1767 1258 1802 a,
1285 1760 1385 1792 me·
1548 1743 1599 1792 8.
1622 1742 2041 1805 Apiscendi.Vict=
2060 1759 2155 1808 pro
2177 1744 2515 1810 adipiscendae‘.

354 1824 456 1875 lius
482 1840 598 1873 mox
618 1824 821 1889 legatur,
844 1837 899 1874 ut
922 1825 1004 1873 ille
1023 1860 1039 1887 ,
1058 1824 1243 1872 amodo
1269 1839 1380 1871 cum
1545 1838 1595 1886 9.
1626 1826 1770 1869 Forte
1793 1821 2054 1887 legendum
2081 1822 2253 1875 etiam.

357 1904 605 1969 Lepidism
633 1906 728 1953 Hic
752 1906 806 1953 P.
835 1904 1088 1953 Manutius
1114 1904 1218 1953 ait:
1250 1906 1384 1951 «De-
1551 1919 1631 1951 ιο.
1678 1903 1793 1951 Non
1835 1919 1936 1950 esse·
1980 1902 2243 1953 redditam.
2286 1906 2498 1959 Fabam.

357 1984 562 2049 speratis
605 1995 736 2032 vetat
787 1985 1116 2050 Hippocrates
1150 1984 1382 2033 adhibere
1470 1983 1599 2031 Nam
1636 1982 1875 2029 redditam
1917 1998 2021 2029 ease
2054 1981 2205 2030 tradit
2242 1984 2420 2045 Caesnr,
2442 1986 2505 2035 de

357 2063 648 2112 medicinam
665 2086 708 2113 a.
735 2066 826 2113 En.
1471 2062 1613 2111 Bello
1643 2062 1751 2111 Civ.
1778 2060 1871 2109 lib.
1896 2064 1920 2109 1
1938 2096 1954 2121 ,
1984 2078 2092 2127 cap.
2115 2064 2203 2112 23.
2224 2064 2316 2113 En.

357 2253 629 2273 mm
635 2253 1284 2273 mmmmmmm
1568 2250 2504 2278 mmmwmmmwwm

1011 2452 1597 2533 EPISTOLA
1660 2453 1849 2532 XV.

361 2601 630 2700 Quatuor
668 2626 847 2685 Attici
885 2624 1148 2702 epistolis
1191 2623 1527 2703 respondet.
1580 2623 1847 2703 (Formiis
1866 2669 1883 2697 ,
1934 2644 2087 2684 anno
2133 2631 2201 2684 U.
2251 2632 2315 2687 C.
2356 2639 2503 2702 704,

1195 2741 1392 2781 mense
1427 2721 1685 2799 martio.)

1045 2903 1363 2967 CICERO
1412 2902 1725 2967 ATTICO
1772 2902 1835 2967 S.

463 3071 543 3136 A.
592 3064 659 3135 d.
706 3090 753 3133 v
795 3089 968 3134 non.
1011 3078 1220 3134 mart.
1255 3062 1593 3163 epistolas
1629 3063 1811 3136 mihi
1839 3080 2002 3136 tuas
2027 3069 2327 3164 AEgypta
2356 3070 2517 3142 red-

367 3175 550 3248 didit
575 3229 594 3264 ,
639 3199 862 3245 unam
913 3188 1228 3245 veterem
1271 3201 1342 3244 1v
1385 3172 1527 3245 kal.
1575 3198 1797 3271 quam
1838 3189 1907 3245 te
1944 3173 2197 3246 scribis
2234 3174 2519 3249 dedisse

367 3286 692 3373 Pinari0,
731 3309 953 3382 quern
992 3309 1142 3355 non
1177 3283 1533 3374 vidimu53
1576 3286 1652 3355 in
1683 3309 1826 3381 qua
1854 3300 2265 3384 exspectaS,
2312 3287 2521 3384 quid-

368 3422 537 3468 nam
573 3397 1024 3496 praemissus¹
1077 3410 1236 3493 agat
1289 3394 1685 3483 Vibullius,
1726 3396 1855 3492 qui
1902 3396 2203 3466 omnino
2230 3422 2379 3468 nou
2413 3415 2522 3470 est

369 3511 563 3577 visus
592 3532 631 3578 a
671 3508 946 3576 Caesare
977 3504 1092 3601 (in
1129 3505 1352 3575 altera
1392 3505 1697 3603 epistola
1719 3560 1738 3593 ,
1775 3503 1987 3576 video
2011 3559 2030 3592 ,
2069 3520 2142 3575 te
2177 3509 2396 3599 scire,
2424 3511 2523 3581 ita

370 3616 572 3712 esse)
613 3645 628 3686 :
671 3631 778 3703 et,
826 3613 1450 3712 quemadmodum
1498 3614 1923 3685 redeuntem
1978 3615 2329 3712 excipiam
2372 3622 2522 3690 Cae-

372 3751 642 3816 sarem3
682 3751 904 3825 quem
944 3725 1250 3796 omnino
1309 3727 1533 3796 vitare
1572 3725 1811 3821 cogito
1853 3749 1869 3792 ε
1917 3738 2026 3813 et,
2076 3739 2204 3796 aut
2238 3731 2521 3800 Haemo-

371 3846 485 3913 nis
528 3843 774 3939 fugam
827 3839 1233 3928 intendis²‚
1279 3843 2077 3937 commutationemque
2131 3842 2292 3912 vitae
2337 3856 2527 3933 tuae3

447 4061 492 4092 ι.
539 4041 839 4112 Praemissus.
877 4048 923 4090 A
953 4039 1146 4089 Coeeare
1173 4039 1236 4088 ad
1271 4044 1410 4090 Pom.
1499 4050 1619 4105 ptus
1647 4039 1821 4088 suerat.
1840 4039 2016 4098 Caesar,
2049 4041 2111 4090 de
2133 4040 2253 4091 Bell.
2276 4042 2333 4092 C.
2356 4045 2401 4092 1.
2431 4042 2503 4091 En
2520 4075 2535 4090 .

371 4124 557 4190 peium.
586 4122 716 4170 Nam
741 4120 946 4171 Corfinii
984 4138 1095 4171 cum
1125 4122 1302 4170 ceteris
1333 4139 1412 4170 ca·
1575 4135 1625 4166 a.
1658 4121 1766 4167 Aut
1793 4119 2041 4169 Haemonis
2069 4117 2258 4186 fugam
2295 4122 2530 4171 intendis·
