3019 4681
604 396 607 403 ·
678 367 1199 437 EPISTOLAE
1248 366 1391 435 AD
1438 366 2150 456 ATTICUM‚XV‚
2197 393 2262 439 2.
2395 376 2540 468 429

414 492 619 565 cturi.
669 487 845 577 Sed,
896 489 955 559 si
1008 488 1222 559 etiam
1272 510 1409 558 nos
1465 486 1611 560 hoc
1654 485 1890 579 fallat,
1934 488 2028 562 de
2070 490 2429 564 Buthroto
2471 508 2546 567 te

412 628 569 675 non
599 599 817 672 fallet.
854 602 965 670 De
1003 598 1280 669 Octavii
1316 599 1668 671 concione
1697 597 1890 673 idem
1923 603 2158 675 sentio
2184 603 2389 700 quod
2425 619 2545 677 tux

408 710 949 806 ludorumque‘*
976 708 1133 804 ejus
1164 722 1548 807 apparatus
1567 762 1586 797 ,
1623 722 1695 781 et
1725 712 1988 783 Matius
2018 736 2100 783 ac
2137 715 2552 788 Postumius

408 821 587 893 mihi
609 834 1115 919 procuratores
1135 843 1286 889 non
1311 820 1620 917 placent.
1652 824 1950 892 Saserna
1973 821 2246 920 collega
2261 823 2547 922 dignus.

408 932 549 1004 Sed
587 934 706 1001 isti
757 955 1049 1019 omneS,
1098 928 1720 1028 quemadmodum
1770 934 1994 1003 sentis
2027 987 2048 1019 ‚
2108 960 2263 1005 non
2311 937 2554 1007 minus

410 1044 645 1113 otium
683 1044 977 1130 timent,
1014 1064 1233 1138 quam
1271 1064 1406 1111 nos
1446 1065 1664 1111 arma.
1693 1040 2000 1113 Balbum
2035 1041 2256 1115 levari
2289 1045 2556 1119 invidia

407 1174 542 1251 per
578 1177 711 1223 nos
738 1152 957 1223 velim
992 1178 1008 1221 ε
1045 1148 1171 1222 sed
1196 1174 1289 1221 ne
1321 1153 1479 1247 ipse
1515 1150 1813 1249 quidem
1846 1153 1922 1224 id
1954 1152 2112 1225 fieri
2139 1177 2354 1251 posse
2383 1180 2555 1229 con-

408 1262 589 1334 fidit.
608 1268 865 1360 Itaque
887 1261 1025 1333 alia
1043 1262 1329 1359 cogitat.
1366 1261 1588 1353 Quod
1617 1264 1848 1359 prima
1874 1261 2267 1361 disputatio
2289 1268 2559 1338 Tuscu-

411 1374 573 1446 lana
639 1389 709 1445 te
754 1370 1171 1459 confirmat,
1216 1394 1384 1442 sane
1438 1369 1740 1469 gaudeo.
1787 1374 2043 1470 Neque
2087 1375 2284 1445 enim
2326 1373 2560 1447 ullum

412 1498 521 1557 est
560 1480 972 1581 perfugium
1010 1495 1137 1553 aut
1164 1480 1419 1552 melius
1438 1534 1458 1568 ,
1480 1496 1608 1552 aut
1637 1482 1973 1580 paratius.
2009 1482 2327 1556 Flamma
2355 1486 2560 1583 quod

409 1591 604 1666 bene
664 1592 992 1691 loquitur
1028 1646 1047 1681 ,
1096 1616 1251 1662 non
1303 1591 1606 1663 moleste
1669 1589 1844 1691 fero.
1903 1593 2560 1689 Tyndaritanorum

414 1728 626 1777 causa
648 1759 667 1791 ‚
708 1704 799 1775 de
838 1727 983 1801 qua
1021 1716 1168 1773 tam
1200 1700 1479 1774 laboras
1502 1698 1757 1801 ⁵‚·quae
1797 1705 1923 1792 sit,
1954 1704 2234 1801 ignoro,
2271 1711 2421 1778 Hos
2448 1722 2559 1780 ta-

412 1836 583 1881 men
598 1808 653 1880 6.
688 1814 1099 1882 Πεντίλοιπον
1122 1820 1147 1866 7
1208 1832 1503 1881 movere
1552 1811 1687 1881 ista
1738 1808 2123 1899 videntur,
2175 1811 2252 1881 in
2304 1812 2557 1908 primis

414 1923 734 2019 erogatio
758 1922 1081 2020 pecuniae
1095 1914 1149 1991 ⁸.
1181 1924 1290 1991 De
1324 1919 1676 1993 Alexione
1713 1918 1966 2007 doleo;
2007 1919 2170 2006 sed,
2209 1914 2559 2018 quoniam

412 2032 765 2103 inciderat
806 2034 881 2103 in
925 2036 1021 2104 ita
1070 2055 1358 2129 gravem
1399 2025 1745 2101 morbum
1774 2085 1794 2117 ‚
1847 2028 2038 2101 bene
2085 2045 2329 2102 actum
2386 2056 2558 2105 cum

413 2141 539 2213 illo
581 2140 912 2213 arbitror.
974 2143 1221 2232 Quos9
1272 2156 1516 2212 tamen
1581 2138 1938 2212 secundos
1978 2140 2321 2231 heredes,
2373 2146 2558 2216 scire

416 2250 709 2342 vellem,
746 2269 819 2324 et
867 2251 1057 2323 diem
1098 2240 1528 2325 testamenti.

413 2452 527 2501 satia
550 2453 657 2502 bac
682 2453 805 2502 mihi
823 2453 1003 2504 videri·
1022 2453 1113 2502 tibi
1130 2453 1441 2518 persuasisse,
1529 2449 1670 2499 facile
1695 2448 1958 2499 obtinebis.
1980 2451 2032 2499 J.
2051 2452 2104 2501 F.
2129 2450 2366 2500 Gnoxov.
2381 2477 2452 2490 —-
2469 2452 2559 2502 Al.

412 2533 501 2596 qui
526 2530 588 2581 de
615 2533 885 2582 Buthrotiis
904 2533 1088 2582 nostrie
1105 2549 1195 2597 per
1221 2543 1442 2580 senatum
1529 2530 1737 2592 habent,
1764 2546 1993 2596 «sperem
2023 2529 2204 2590 confici
2229 2547 2372 2596 pone
2393 2542 2520 2595 puto
2543 2549 2559 2589 ς

412 2627 575 2677 speres
586 2611 767 2660 confici
778 2627 945 2678 posse:
966 2611 1098 2660 hand
1118 2622 1256 2676 puto.
1273 2613 1440 2673 Quan-
1533 2621 1770 2675 qnantum
1805 2611 1936 2659 enim
1976 2611 2124 2659 video
2143 2645 2159 2670 ,
2194 2627 2286 2659 nos
2335 2610 2560 2658 videmur

413 2703 515 2741 tum
544 2693 716 2752 video,
744 2709 846 2742 non
874 2693 1097 2741 videmus
1121 2707 1223 2740 esse
1248 2691 1441 2740 victuri.

412 2772 509 2820 Sed
525 2807 541 2830 ,
580 2773 623 2820 si
646 2774 791 2822 etiam
823 2788 915 2820 noe
936 2772 1035 2820 hoc
1073 2771 1234 2830 fallat,
1259 2771 1321 2820 de
1344 2771 1445 2818 Bn-

414 2849 581 2899 throto
608 2862 655 2898 te
690 2868 793 2900 non
831 2851 1019 2900 fallet».
1058 2850 1305 2900 Sententia
1331 2860 1407 2898 eat
1424 2881 1441 2910 ,

412 2929 481 2976 At
508 2940 563 2977 tu
579 2931 705 2994 ipse,
731 2930 817 2994 qui
839 2930 945 2978 haee
966 2929 1138 2977 scribis
1158 2931 1218 2977 de
1237 2929 1440 2995 legioni·

412 3007 509 3056 bns
523 3041 539 3066 ,
554 3008 737 3056 videris
754 3009 873 3058 mihi
891 3026 945 3058 ea
970 3024 1074 3057 non
1090 3009 1287 3058 credere
1307 3023 1321 3058 ε
1338 3025 1461 3072 epe--

414 3102 491 3134 ras
510 3087 639 3135 enim
664 3088 953 3138 Buthrotios
991 3087 1212 3153 periculo
1237 3089 1341 3152 agri
1363 3088 1441 3136 sni

414 3165 670 3216 amittendi
706 3165 901 3214 liberari
935 3183 1077 3231 posse
1100 3183 1129 3215 a
1167 3177 1353 3216 senatu.
1379 3167 1439 3216 Id

415 3259 507 3309 ego
533 3245 731 3294 minime
750 3261 910 3309 spero.
928 3245 1054 3293 Nam
1072 3255 1307 3309 qnantum
1322 3261 1442 3308 pro-

414 3325 601 3388 spicere
612 3339 810 3388 por-snm
826 3323 951 3372 nihil
965 3333 1037 3372 est
1054 3325 1258 3389 propius
1268 3359 1284 3384 ,
1294 3339 1442 3388 quam

414 3413 472 3452 nt
494 3419 747 3469 pereamus
764 3405 907 3452 armis
928 3404 1151 3453 Antonii.
1187 3405 1247 3451 In
1272 3403 1370 3452 hoe
1397 3402 1439 3451 oi

414 3499 568 3531 vanno
593 3498 699 3532 eum
726 3493 884 3545 vates,
906 3493 963 3533 tu
1001 3499 1102 3532 rem
1133 3483 1439 3532 Rutbrotiam

1524 2707 1627 2739 esne
1647 2690 1880 2740 victuri».
1900 2689 1999 2738 Alii
2023 2690 2179 2741 aliter.
2195 2693 2228 2740 J
2232 2726 2246 2739 .
2267 2691 2332 2740 V.
2357 2691 2414 2739 1..

1595 2771 1645 2829 4.
1665 2771 1934 2820 Ludorum.
1955 2769 2088 2818 -Vide
2115 2770 2180 2818 nd
2196 2771 2435 2828 Dium,
2465 2770 2553 2820 28.

1595 2849 1644 2898 5.
1679 2850 1837 2912 olim,
1867 2870 1890 2894 ι
1915 2850 1976 2898 de
2001 2865 2100 2912 qm
2125 2865 2266 2898 cansa
2289 2849 2484 2898 laborat
2503 2870 2555 2896 ι.

1527 2930 1577 2978 J.
1594 2929 1661 2978 V.
1689 2931 1746 2978 L.

1599 3007 1651 3058 6.
1679 3009 1782 3056 Hos
1807 3019 1986 3058 tamen.
2010 3007 2218 3073 supple,
2246 3006 2519 3057 defendam.

1603 3103 1650 3149 7.
1676 3086 2000 3136 umnam-ov.
2020 3087 2202 3152 Supra,
2231 3087 2372 3145 xlv,
2389 3100 2475 3134 21.

1602 3169 1652 3216 8.
1683 3167 1922 3215 Pecunia.
1950 3165 2192 3223 Publium
2224 3180 2372 3230 quam
2400 3165 2561 3212 Anto·

1526 3245 1639 3294 nius
1651 3247 1870 3310 erogavit
1885 3245 1948 3294 ad
1958 3244 2212 3293 arbitrium
2225 3258 2392 3292 auum:
2404 3259 2556 3307 quum
2590 3262 2594 3266 ·

1529 3340 1586 3372 en
1610 3326 1877 3390 pertineret
1917 3324 1981 3373 ad
2013 3322 2254 3390 populum
2280 3337 2554 3371 romanum.

1533 3405 1758 3454 Mun-r.

1600 3499 1650 3546 9.
1677 3484 1824 3545 Quo's.
1847 3481 2048 3547 Supple,
2073 3481 2258 3530 feeerit.
2284 3481 2518 3530 Coum.

1190 3767 1765 3798 —---0-————
