3019 4681
708 421 1223 490 EPISTOLAE
1274 419 1411 489 ΑΙ)
1460 421 2135 508 ATTICUM‚XI,
2189 444 2253 516 7.
2422 422 2558 518 189

428 557 511 614 tu
547 565 805 641 perge,
845 557 927 613 ut
960 539 1171 630 facis,
1202 542 1529 640 mitigare
1552 541 1638 631 ¹⁶,
1681 557 1756 614 et
1799 540 2110 642 probare
2141 567 2360 639 quam
2394 543 2560 642 plu-

426 675 646 723 r1m1s.
1759 734 1767 742 ,

524 761 746 853 Quod
770 777 841 834 te
870 787 1167 836 excusas
1185 773 1271 850 ¹⁷,
1297 787 1430 862 ego
1454 788 1628 835 vero
1652 777 1726 835 et
1751 778 1908 834 tuas
1937 787 2185 835 causas
2205 759 2264 806 ¹⁸
2293 787 2516 836 nosco
2538 790 2560 854 ς

428 887 503 944 et
538 895 699 943 mea
730 874 1073 966 interesse
1106 889 1290 972 puto
1316 927 1335 963 ‚
1368 888 1441 944 te
1474 874 1636 945 istic
1669 896 1824 945 esse
1849 885 1938 962 ῐ9,
1971 874 2086 944 vel
2125 888 2209 945 ut
2240 898 2406 945 cum
2439 878 2560 962 iis,

427 978 697 1077 quibus
729 981 1139 1078 oportebit,
1178 1006 1341 1080 agas
1367 1035 1388 1070 ‚
1425 1007 1588 1080 quae
1624 998 1841 1055 erunt
1875 983 2153 1082 agenda
2186 982 2276 1054 de
2312 959 2562 1071 nobis,

426 1106 512 1162 ut
558 1115 642 1162 ea
696 1117 857 1188 quae
919 1095 1165 1190 egisti;
1220 1095 1295 1164 in
1342 1095 1741 1190 primisque
1794 1093 1936 1164 hoc
1989 1093 2200 1166 velim
2245 1095 2564 1166 animad-

425 1215 680 1272 vertas.
725 1201 993 1273 Multos
1032 1227 1183 1274 esse
1219 1200 1553 1291 arbitror,
1588 1207 1714 1300 qui
1763 1202 1855 1274 ad
1896 1207 2246 1276 Caesarem
2285 1206 2562 1279 detule-

424 1314 615 1398 rint,
659 1310 1054 1384 delaturive
1091 1315 1273 1401 sint,
1323 1336 1441 1384 me
1484 1327 1612 1384 aut
1665 1314 2023 1411 poenitere
2073 1315 2352 1387 consilii
2385 1321 2562 1405 mei,

426 1437 555 1492 aut
590 1447 741 1494 non
781 1421 1091 1520 probare
1114 1477 1133 1511 ‚
1176 1447 1338 1519 quae
1382 1420 1603 1493 fiant:
1639 1445 1958 1519 quorum
1995 1425 2130 1494 etsi
2163 1438 2564 1523 utrumque

424 1557 679 1604 verum
730 1547 874 1622 est3
919 1547 1161 1604 tamen
1204 1531 1296 1603 ab
1348 1532 1489 1602 illis
1541 1531 1806 1602 dicitur
1847 1533 2090 1603 animo
2133 1557 2176 1603 a
2223 1558 2339 1605 me
2389 1535 2562 1606 alie·

426 1656 597 1712 nato
624 1697 643 1731 ,
682 1667 835 1714 non
884 1668 1037 1740 quo
1088 1644 1187 1712 ita
1237 1644 1754 1739 perspexerint.
1808 1642 1949 1714 Sed
2004 1657 2241 1714 totum
2293 1659 2378 1716 ut
2421 1644 2566 1717 hoc

427 1752 689 1825 Balbus
724 1755 1071 1824 sustineat
1093 1807 1112 1840 ‚
1150 1767 1224 1824 et
1266 1754 1589 1852 Oppius,
1633 1766 1705 1823 et
1741 1776 1995 1822 eorum
2037 1751 2308 1824 crebris
2342 1754 2566 1826 literis

424 1863 615 1935 illius
648 1863 984 1936 voluntas
1026 1887 1193 1961 erga
1230 1888 1347 1934 me
1386 1860 1880 1950 confirmetur,
1930 1875 2002 1934 et
2045 1861 2187 1933 hoc
2231 1861 2445 1960 plane
2483 1877 2569 1934 ut

425 1972 586 2060 fiat,
624 1973 1065 2071 diligentiam
1108 1970 1504 2044 adhibebis.
1533 1971 1857 2042 Alterum
1895 1986 2041 2061 est,
2076 1995 2206 2042 cur
2235 1987 2306 2043 te
2335 1972 2565 2043 nolim

425 2083 831 2173 discedere3
867 2082 1067 2181 quod
1117 2083 1369 2155 scribis
1411 2081 1720 2155 Tulliam
1761 2079 2186 2178 efflagitare.
2232 2086 2296 2153 Ο
2327 2093 2394 2128 ²⁰
2407 2109 2563 2154 rem
2651 2101 2656 2106 “

425 2193 791 2266 miseram!
850 2194 1038 2292 quid,
1084 2193 1446 2266 scribam?
1497 2209 1623 2265 aut
1673 2192 1850 2290 quid
1897 2194 2159 2265 velim?
2207 2199 2430 2266 Breve
2467 2192 2566 2266 fa-

426 2304 627 2376 ciam.
663 2308 1023 2403 Lacrymae
1059 2306 1255 2377 enim
1291 2329 1369 2376 se
1406 2303 1652 2377 subito
1675 2302 2183 2402 profuderunt.
2213 2305 2374 2377 Tibi
2407 2329 2567 2404 per-

374 2507 378 2513 ·
424 2419 678 2488 mitto:
728 2431 807 2487 tu
853 2415 1177 2488 consule.
1219 2420 1528 2487 Tantum
1571 2414 1777 2503 vide,
1814 2441 1910 2487 ne
1950 2414 2172 2486 hoc²¹
2213 2418 2564 2515 temporis

424 2526 560 2597 tibi
601 2526 856 2598 obesse
900 2513 1175 2623 aliquid
1218 2528 1467 2624 possit.
1508 2531 1853 2622 Ignosce,
1896 2524 2202 2597 obsecro
2245 2540 2360 2598 te:
2408 2552 2561 2597 non

424 2662 718 2735 possum
760 2662 904 2733 prae
940 2635 1119 2708 fletu
1157 2650 1230 2707 et
1270 2636 1525 2707 dolore
1563 2635 1834 2707 diutius
1870 2639 1944 2706 in
1981 2635 2124 2708 hoc
2160 2635 2322 2708 loco
2359 2662 2562 2708 com-

422 2747 710 2818 morari.
756 2751 1065 2817 Tantum
1104 2745 1339 2818 dicam
1374 2745 1558 2817 nihil
1593 2744 1771 2816 mihi
1806 2744 2072 2844 gratilis
2110 2772 2263 2819 esse
2284 2802 2304 2835 ‚
2339 2773 2560 2846 quam

422 2857 625 2954 quod
663 2881 821 2927 eam
858 2856 1113 2953 diligis.
1153 2856 1373 2947 Quod
1416 2857 1654 2927 literas
1678 2866 1770 2943 ²²,
1820 2856 2087 2954 quibus
2124 2873 2336 2956 putas
2371 2882 2558 2958 opus

420 2990 607 3054 esse,
644 2990 849 3038 curas
890 2965 1200 3055 ‹landas3
1246 2965 1416 3038 facis
1456 2964 1860 3037 commode.

498 3215 577 3264 16.
595 3212 841 3280 Mitigato.
858 3217 900 3264 1.
923 3233 967 3264 e.
986 3216 1291 3265 sermonibus
1314 3226 1446 3265 exte-
1535 3212 1786 3265 Ciceronis
1803 3214 2052 3263 interesset
2070 3216 2286 3263 Atticum
2304 3218 2476 3263 Romae
2488 3230 2559 3263 en·

420 3308 571 3343 unare
588 3311 646 3343 ac
663 3295 896 3344 minuere.
915 3298 1008 3344 En.
1534 3310 1612 3353 ως
1636 3294 1715 3342 vel
1737 3305 1794 3343 ut
1813 3309 1924 3342 cum
1951 3293 2235 3343 Coesarianis
2257 3304 2434 3357 ageret,
2449 3308 2560 3359 quoe

498 3389 578 3434 17.
603 3376 666 3420 Te
678 3389 903 3423 excusas.
916 3374 1133 3431 Scilicet,
1150 3382 1202 3421 te
1217 3374 1315 3423 hoe
1330 3386 1446 3423 tem·
1534 3372 1719 3437 agenda
1757 3383 1922 3431 eram3
1950 3372 2053 3430 vel,
2091 3374 2198 3435 ipso
2225 3372 2452 3435 absente,
2494 3389 2557 3421 ne

420 3468 542 3517 pore
566 3452 629 3501 ad
656 3470 737 3501 me
760 3470 861 3502 non
890 3454 1072 3502 venire.
1098 3452 1230 3501 Male
1249 3455 1440 3503 Ernest.
1541 3451 1699 3499 wilia
1718 3463 1876 3515 egeret
1892 3467 1906 3511 3
1924 3467 2068 3516 quam
2093 3453 2286 3499 Atticus
2304 3452 2560 3516 scripserat
2587 3514 2590 3519 ⁸

420 3530 657 3579 intellexit
691 3531 753 3580 de
786 3532 959 3579 itinere
993 3530 1147 3579 Attici
1186 3540 1321 3578 extra
1344 3534 1447 3579 ltn-
1527 3532 1580 3578 in
1598 3540 1848 3595 sumptum
1873 3530 2102 3594 flagitare.
2129 3532 2275 3578 Mur.

419 3610 552 3658 liam.
575 3612 671 3660 En.
1603 3626 1685 3658 ao.
1725 3610 1936 3659 Tulliam
1977 3626 2004 3656 e
2142 3609 2274 3658 ’tar-e.
2308 3612 2560 3661 Manutiu-

496 3692 579 3738 18.
622 3691 751 3736 Tuas
792 3703 967 3735 causas
1003 3705 1165 3736 nosco.
1212 3691 1325 3736 Hoc
1356 3697 1448 3745 eet,
1538 3688 1812 3735 Terentiam
1837 3688 2056 3752 legebat,
2081 3688 2220 3752 quod
2242 3689 2296 3737 in
2331 3700 2450 3738 nota
2476 3707 2561 3739 su-

420 3780 550 3816 mam
574 3770 938 3816 excusationem
965 3767 1172 3829 accipio.
1202 3767 1379 3815 Guv.
1540 3766 1730 3831 periore
1760 3767 2075 3816 correximus.
2104 3770 2194 3815 En.

494 3864 577 3911 ¹9·
612 3850 679 3896 Te
706 3847 813 3895 istic
837 3862 955 3895 esse.
982 3848 1169 3894 Romae.
1194 3871 1263 3882 —
1286 3844 1378 3892 Vel
1399 3856 1456 3893 ut
1615 3860 1676 3891 21
1691 3880 1702 3891 .
1737 3846 1814 3891 Ne
1842 3843 1958 3903 hoc,
1999 3855 2092 3893 etc.
2113 3846 2232 3894 vult
2256 3848 2474 3897 Atticum
2499 3849 2571 3899 ita

419 3944 527 3975 cnm
547 3928 625 3977 iis.
651 3929 747 3977 1110
773 3928 1009 3993 particula
1034 3926 1147 3985 vel,
1176 3941 1279 3974 non
1303 3925 1449 3973 itera·
1542 3922 1852 3971 facultatibus
1879 3924 1980 3971 suis
1999 3923 2204 3973 Tulliam
2225 3928 2423 3987 juvare,
2443 3938 2496 3975 ut
2515 3929 2569 3977 id

416 4019 523 4066 tur,
557 4005 646 4055 sed
668 4008 873 4065 refertur
897 4008 961 4056 ad
980 4006 1107 4054 illud
1121 4040 1135 4064 ,
1165 4003 1300 4069 quod
1327 4005 1451 4053 infra
1539 4001 1834 4051 beneficium
1852 4002 1946 4067 ipsi
1959 4003 2243 4053 damnosum
2258 4009 2449 4055 nonsit.
2467 4008 2564 4054 En.

420 4086 550 4135 dicet
566 4087 833 4146 ‚walterum
857 4099 957 4146 est,
989 4102 1078 4136 cur
1103 4098 1151 4135 te
1173 4085 1323 4133 nolitn
1350 4084 1452 4133 dia·
1615 4098 1704 4131 aa.
1741 4081 1886 4147 Quod
1903 4080 2084 4131 literas.
2123 4084 2311 4150 Nempe
2337 4102 2446 4134 meu
2473 4100 2568 4133 no-

419 4166 649 4215 cedere».
684 4168 813 4217 Nam
839 4166 949 4217 duze
976 4180 1135 4215 cansae
1164 4176 1327 4228 erant,
1366 4180 1457 4213 cur
1542 4161 1672 4211 mine
1691 4163 1911 4227 scriptas.
1940 4163 2036 4212 En.
