3019 4681
456 423 653 496 ‚290
1139 399 1233 466 M.
1284 398 1362 466 T.
1418 389 2006 466 cicERole

506 521 659 592 dies
722 525 795 592 in
862 519 1027 590 villa
1079 520 1259 590 ista?
1312 521 1546 616 Igitur
1603 517 1846 588 malim
1912 516 2226 614 primum
2284 515 2633 610 Othonis»,

504 630 767 703 deinde
824 629 1110 701 Clodiae.
1174 630 1245 698 Si
1305 628 1485 698 nihil
1537 625 1702 714 fiet,
1759 641 1884 698 aut
1931 629 2172 698 Druso
2225 625 2482 699 ludus⁷
2529 645 2635 702 est

504 738 1033 837 suggerendae,
1086 751 1213 808 aut
1263 737 1622 808 utendum
1681 736 2112 808 Tusculana
2167 733 2386 826 Quod
2440 737 2638 811 domi

474 861 579 922 ‘te
616 851 1005 936 inclusisti,
1054 853 1333 920 ratione
1367 846 1618 920 fecisti.
1652 846 1791 920 Sed
1815 902 1834 935 ‚
1877 871 2121 945 quaeso
2144 904 2164 936 ‚
2205 846 2485 920 confice
2507 906 2526 937 ‚
2565 865 2638 921 et

504 977 577 1032 te
620 985 929 1032 vacuum
961 957 1187 1030 redde
1237 955 1470 1030 nobis.
1517 961 1668 1056 Ego
1709 957 1918 1046 hinc,
1967 972 2052 1029 ut
2091 960 2347 1056 scripsi
2389 975 2638 1047 autea,

503 1069 851 1169 postridie
899 1068 996 1140 id.
1041 1072 1493 1155 Lanuvium,
1537 1067 1802 1140 deinde
1843 1067 2192 1165 postridie
2242 1073 2315 1138 in
2361 1073 2636 1140 Tuscu-

505 1181 691 1252 lano.
726 1178 1046 1252 Contudi
1074 1181 1267 1250 enim
1296 1178 1619 1248 animum
1639 1232 1659 1266 ,
1691 1193 1766 1248 et
1797 1175 2097 1250 fortasse
2127 1180 2302 1266 vici,
2331 1182 2389 1250 si
2419 1177 2638 1250 modo

508 1313 995 1387 permansero.
1037 1290 1231 1360 Scies
1278 1289 1501 1384 igitur
1543 1286 1840 1358 fortasse
1878 1313 2071 1376 cras,
2113 1312 2480 1359 summum
2514 1313 2638 1387 pe-

503 1398 775 1470 rendie.
832 1395 973 1469 Sed
1033 1396 1213 1495 quid
1270 1412 1419 1484 est,
1468 1397 1761 1495 quaeso?
1811 1397 2240 1470 Philotimus
2292 1423 2426 1471 nec
2470 1406 2640 1473 Car-

504 1489 707 1579 te1ae⁸
744 1508 1169 1604 Pompeium
1210 1507 1440 1578 teneri
1479 1510 1682 1605 (qua
1712 1506 1804 1578 de
1841 1533 1919 1578 re
1953 1507 2325 1579 literarum
2357 1506 2448 1578 ad
2479 1509 2642 1578 Clo-

507 1617 707 1690 dium
764 1621 1181 1690 Patavinum
1244 1621 1624 1690 missarum
1676 1617 2090 1716 exemplum
2139 1618 2316 1688 mihi
2361 1620 2643 1716 Oppius

504 1745 578 1800 et
612 1727 877 1800 Balbus
914 1729 1289 1816 miserant,
1327 1753 1403 1799 se
1444 1727 1518 1798 id
1555 1726 1826 1798 factum
1868 1726 2283 1824 arbitrari),
2331 1727 2640 1800 bellum-

508 1863 653 1935 que
686 1851 928 1908 narrat
956 1837 1320 1933 reliquum
1346 1839 1516 1909 satis
1535 1855 1905 1934 magnum.
1941 1835 2140 1909 Solet
2163 1843 2465 1908 omnino
2493 1862 2644 1910 esse

502 1949 974 2020 Fulviniaster
988 1957 1042 2018 9.
1093 1947 1231 2020 Sed
1278 1968 1519 2019 tamen
1543 2000 1562 2037 ,
1599 1950 1660 2020 si
1700 1947 1878 2046 quid
1923 1947 2170 2019 habes.
2207 1948 2394 2020 Volo
2432 1949 2643 2020 etiam

514 2059 605 2129 de
642 2057 1017 2154 naufragio
1054 2059 1540 2128 Caniniano¹⁰
1583 2062 1801 2146 scire,
1839 2056 2016 2153 quid
2048 2058 2158 2126 sit.

506 2227 658 2290 patris
680 2226 874 2274 familia
900 2223 1066 2273 officio
1082 2247 1123 2272 ιι.
1160 2226 1304 2274 Villae
1336 2225 1446 2288 ¹Silii
1484 2238 1536 2275 et

507 2303 655 2354 Drusi
702 2305 827 2353 adeo
870 2303 1058 2369 pusilla
1098 2314 1264 2365 eraut,
1303 2315 1359 2354 ut
1400 2305 1536 2355 bono

508 2383 839 2449 patrifamilias
886 2384 1095 2447 dee-net,
1131 2386 1183 2431 in
1226 2400 1329 2449 quo
1370 2395 1536 2450 posset

509 2464 755 2527 occupari.
782 2465 977 2512 Beatus.

584 2558 630 2602 7.
678 2544 838 2589 Druso
882 2541 1037 2589 ludus.
1078 2542 1299 2605 Aliquod
1340 2542 1538 2592 malitie

510 2634 663 2685 genus
678 2632 752 2669 est
769 2620 1139 2684 excogitandum
1149 2656 1164 2680 ‚
1178 2632 1235 2669 ut
1250 2635 1367 2671 suos
1391 2622 1538 2670 nobis

508 2700 681 2747 hortos
704 2700 895 2748 Drusus
915 2698 1093 2749 vmdnt
1126 2700 1338 2765 :quiere
1355 2703 1535 2767 pretio.

509 2780 656 2827 Mn.

1695 2243 1745 2290 9.
1781 2224 2064 2274 Fulvia-tter.
2103 2224 2276 2273 Fulvio
2297 2224 2466 2272 similis
2487 2239 2502 2272 :
2526 2223 2650 2273 solet

1625 2303 1848 2354 Fulvium
1875 2292 2083 2363 imitari,
2110 2304 2196 2368 qui
2216 2320 2307 2369 pro
2329 2305 2560 2369 Pompeio
2583 2306 2650 2352 sa·

1623 2384 1718 2433 cilo
1743 2382 2080 2432 mentiebatur.
2121 2384 2272 2434 Multi
2320 2386 2444 2432 MSS
2471 2384 2650 2432 habent

1624 2464 1959 2543 Feelviniaster,
1978 2474 2034 2513 ut
2053 2465 2158 2527 ipse
2179 2465 2355 2513 cicero
2389 2465 2584 2527 scripsit
2613 2464 2651 2513 l.

1625 2544 1792 2607 X‚.cp
1811 2542 1960 2604 9init.
1966 2542 2090 2604 Quis
2100 2554 2260 2590 autem
2279 2544 2342 2591 ait
2357 2542 2438 2589 ille
2457 2542 2574 2589 Fulv
2547 2544 2653 2589 vim

1625 2622 1863 2670 incertum
1897 2632 1986 2669 est.
2021 2622 2201 2670 Putant
2229 2620 2392 2669 notari
2430 2620 2652 2669 Fulvium

1626 2702 1962 2749 Potthumiun
1979 2684 2300 2749 Cauri-nim
2319 2734 2334 2759 ,
2354 2701 2440 2765 qui
2462 2701 2534 2748 sic
2559 2716 2652 2765 pro

1629 2782 1815 2830 Cas-re
1837 2780 2034 2828 mentiri
2057 2780 2232 2829 solitus
2255 2780 2336 2827 nit.
2373 2780 2656 2829 Gronovius

589 2858 640 2906 8.
668 2856 891 2907 Carteiae.
917 2860 977 2905 In
1014 2869 1226 2907 extrem·
1247 2860 1453 2918 Betim,
1478 2860 1544 2908 ad
1633 2860 1923 2921 conjiciebat
1983 2846 2244 2925 legendum
2299 2854 2651 2927 ψωδομάρτυρ.

516 2951 645 2986 mre
662 2938 919 2987 Ibericum.
960 2940 1172 2988 Mum.
1198 2966 1269 2977 —
1293 2940 1427 3003 Alii,
1456 2951 1546 2987 nec
1632 2939 1749 2988 Seu.

515 3018 691 3066 arctim
715 3019 773 3065 P.
802 3028 837 3065 ε.
863 3018 915 3067 J.
938 3017 1005 3066 V.
1028 3018 1085 3067 1..

514 3172 583 3190 w
606 3164 2264 3191 mmmmm-mmmm

1715 3032 1794 3065 ιο.
1819 3016 2114 3067 Caniniano.
2135 3015 2290 3083 Supra
2307 3018 2454 3082 epist.
2479 3017 2570 3066 36.

2559 3170 2650 3190 m

1141 3303 1740 3384 EPISTOLA
1791 3303 2044 3383 XLV.

518 3470 609 3525 De
636 3464 801 3523 libris
823 3484 859 3522 a
889 3482 951 3522 se
978 3482 1169 3542 nuper
1198 3464 1464 3541 scriptis;
1513 3462 1589 3522 de
1618 3464 1826 3521 Atticae
1857 3474 1916 3521 et
1941 3462 2120 3522 Attici
2149 3463 2471 3523 valitudine
2495 3486 2513 3535 3
2551 3484 2660 3523 cur

598 3563 657 3619 in
689 3561 1018 3621 Tusculano
1044 3579 1169 3620 esse
1194 3560 1368 3632 velit3
1434 3560 1508 3620 de
1533 3560 1774 3620 Caesaris
1803 3574 1990 3619 statua
2033 3561 2093 3619 in
2139 3562 2358 3641 templo
2391 3559 2658 3635 Quirini3

598 3658 671 3717 de
700 3659 873 3717 Hirtii
900 3658 1054 3717 libro
1085 3657 1465 3736 divulgando.
1496 3659 1522 3738 (
1546 3662 1614 3717 In
1643 3658 1897 3731 Antiati,
1925 3678 2078 3716 anuo
2104 3663 2182 3720 U.
2203 3664 2266 3718 C.
2296 3661 2432 3731 708,
2465 3678 2661 3717 mense
2763 3730 2772 3739 ·

600 3756 770 3813 maio.
796 3756 819 3832 )

1204 3860 1518 3924 CICERO
1563 3860 1885 3924 ATTICO
1929 3860 1992 3924 S.

620 4014 788 4081 Eoo
854 4008 973 4080 hic
1030 4008 1180 4082 duo
1252 4034 1518 4107 magna
1571 4011 2022 4109 unwina-arv
2093 4010 2388 4084 absolvi.
2431 4011 2664 4083 Nullo

596 4152 640 4184 ι.
668 4132 1003 4204 Zoni-naara..
1052 4134 1314 4184 Volumina
1327 4169 1344 4196 ,
1372 4134 1540 4184 libros.
