3019 4681
525 354 1074 424 EPISTOLAE
1123 357 1250 426 AD
1299 355 1815 442 ATTICUM,
1858 357 2049 442 XII,
2102 352 2217 426 38.
2322 355 2449 428 281

351 474 516 546 nihil
542 489 648 548 est
667 529 689 563 ,
731 478 836 547 sic
873 471 1144 566 scribes
1174 475 1448 574 aliquid
1476 531 1497 563 ,
1542 477 1617 550 si'
1643 476 1947 548 vacabis.
1990 476 2207 568 Quod
2248 494 2461 576 putas

353 601 672 686 oportere
697 585 1054 685 pervideri
1071 586 1218 681 jam
1247 587 1472 658 animi
1499 590 1642 660 mei
1672 585 2080 658 firmitatem
2101 641 2120 672 ‚
2151 590 2461 684 gravius-

353 721 486 794 que
523 695 870 795 quosdam
906 695 1158 770 scribis
1190 697 1282 769 de
1316 722 1432 770 me
1459 697 1696 795 loqui,
1748 722 1966 795 quam
2011 711 2136 768 aut
2172 713 2245 768 te
2282 700 2460 769 scri-

347 805 550 895 here,
587 822 712 880 aut
738 814 1078 896 Brutum,
1120 809 1210 897 si,
1262 808 1390 905 qui
1416 832 1535 880 me
1561 806 1869 879 fractum
1914 829 2067 878 esse
2104 807 2348 878 animo
2388 821 2461 879 et

347 913 786 988 debilitatum
833 931 1098 1015 putant
1120 971 1142 1004 ,
1187 920 1415 989 sciant
1472 917 1652 1016 quid
1716 918 2081 988 literarum
2136 931 2213 989 et
2250 917 2461 1012 cujus

343 1029 616 1122 generis
643 1023 1054 1118 conficiam3
1092 1025 1310 1099 credo
1330 1080 1349 1114 ,
1385 1030 1443 1100 si
1479 1025 1704 1099 modo
1730 1024 2065 1098 homines
2101 1027 2283 1115 sint,
2320 1029 2461 1097 exi-

343 1137 628 1207 stiment
651 1161 806 1227 me,
851 1141 1000 1209 sive
1035 1123 1135 1208 ita
1161 1137 1436 1208 levatus
1463 1139 1598 1209 sim
1620 1191 1640 1226 ,
1672 1151 1759 1208 ut
1790 1137 2114 1208 animum
2150 1159 2458 1208 vacuum

341 1241 433 1314 ad
471 1268 581 1316 res
615 1243 942 1318 difficiles
969 1245 1381 1319 scribendas
1410 1245 1707 1318 afferam
1725 1301 1745 1334 ‚
1772 1245 2457 1345 reprehendendum

341 1378 490 1424 non
514 1378 698 1444 esse;
737 1359 888 1428 sive
915 1355 1103 1428 hanc
1131 1353 1663 1432 aberrationem
1690 1381 1732 1426 a
1756 1355 2009 1430 dolore
2043 1355 2461 1453 delegerim,

341 1487 500 1559 quae
523 1466 832 1537 maxime
867 1464 1358 1539 liberalissima
1374 1471 1406 1520 4
1423 1520 1445 1556 ,
1481 1465 1850 1562 doctoque
1874 1465 2173 1538 homine
2199 1466 2461 1562 dignis-

339 1573 551 1662 sima,
589 1573 866 1646 laudari
894 1600 1012 1648 me
1049 1578 1266 1649 etiam
1308 1591 1676 1678 oportere.⁴
1702 1575 1879 1665 Sed,
1915 1601 2148 1674 quum
2183 1602 2316 1674 ego
2349 1575 2455 1648 fa-

339 1683 516 1756 ciam
551 1687 794 1758 omnia
814 1740 836 1774 ,
877 1711 1040 1784 quae
1071 1685 1304 1760 facere
1338 1689 1611 1786 possim
1648 1685 1741 1758 ad
1775 1710 1891 1758 me
1927 1686 2411 1782 adjuvandum
2437 1741 2457 1772 ,

275 1874 282 1888 Ι
337 1805 422 1862 tu
450 1791 647 1866 effice
689 1795 768 1866 id
794 1851 814 1885 ,
849 1796 1052 1894 quod
1083 1796 1297 1868 video
1323 1812 1396 1869 te
1424 1819 1576 1867 non
1606 1799 1849 1866 minus
1869 1849 1891 1883 ,
1927 1819 2146 1892 quam
2176 1821 2291 1868 me
2311 1849 2331 1883 ,
2355 1795 2459 1866 la-

337 1897 609 1976 borare.
645 1911 800 1978 Hoc
830 1907 1012 1978 mihi
1045 1907 1313 1980 debere
1351 1905 1601 1978 videor
1619 1959 1639 1994 ,
1682 1928 1923 2003 neque
1956 1904 2175 1976 levari
2202 1928 2413 2004 posse
2436 1959 2456 1992 ‚

334 2013 472 2084 nisi
517 2016 835 2103 solvero,
872 2033 1000 2088 aut
1045 2017 1300 2090 videro
1323 2073 1342 2103 ,
1388 2041 1505 2090 me
1557 2039 1769 2116 posse
1820 2014 2096 2087 solvere
2119 2069 2142 2104 ,
2186 2014 2259 2087 id
2306 2029 2412 2086 est
2439 2069 2459 2102 ,

334 2121 572 2194 locum
595 2179 616 2212 ,
657 2127 946 2224 qualem
981 2127 1180 2216 vo10,
1225 2129 1594 2200 invenero,
1633 2123 1949 2198 Heredes
2003 2124 2371 2226 Scapulae-'³
2402 2125 2461 2195 si

334 2233 503 2306 istos
529 2235 818 2326 hortos,
841 2252 922 2308 ut
945 2237 1196 2310 scribis
1225 2237 1360 2312 tibi
1392 2237 1763 2312 Othonem
1796 2236 2055 2312 dixisse
2077 2291 2097 2323 ,
2134 2234 2461 2335 partibus

333 2360 645 2441 quatuor
683 2344 925 2436 factis,
964 2349 1166 2423 liceri
1200 2354 1569 2451 cogitant3
1617 2350 1797 2421 nihil
1838 2364 1947 2421 est
1993 2348 2263 2421 scilicet
2306 2374 2457 2421 em-

335 2459 522 2550 ptori
548 2456 710 2529 loci.
739 2459 864 2530 Sin
894 2458 1287 2547 venibunt,
1334 2457 1516 2559 quid
1545 2457 1703 2532 fieri
1736 2454 1983 2556 possit,
2019 2458 2458 2545 {videbimus

336 2567 510 2641 Nam
574 2567 695 2640 ille
741 2568 946 2641 locus
999 2569 1464 2643 Publicianus
1486 2568 1521 2615 ⁶
1542 2625 1562 2659 ,
1624 2573 1754 2669 qui
1828 2584 1937 2643 est
1993 2567 2337 2642 Trebonii
2390 2582 2463 2639 et

338 2760 516 2823 dem»,
555 2766 788 2831 supplet,
818 2766 917 2827 jem
938 2766 1130 2832 pridem
1164 2729 1227 2815 eb
1261 2766 1350 2817 illo

337 2853 518 2891 enatum
543 2854 632 2892 eet.
663 2845 757 2892 En.

1438 2769 1551 2821 dam
1584 2767 1825 2817 interierit
1840 2800 1857 2827 ,
1894 2764 1959 2813 de
1987 2780 2089 2829 quo
2122 2766 2325 2817 nuntius
2357 2779 2463 2817 non

1436 2848 1577 2913 prius
1598 2862 1747 2911 quam
1778 2844 1907 2909 prid.
1933 2845 2162 2893 Pau-ilium
2180 2880 2195 2907 ‚
2218 2842 2274 2893 h.
2305 2859 2351 2891 e.
2382 2842 2464 2892 die

404 2929 451 2978 4.
471 2921 698 2969 Maxime
711 2922 1076 2971 liberalissima.
1095 2925 1166 2973 Ut
1181 2940 1354 2989 suspe-

337 3008 436 3048 ctus
460 3000 543 3049 hio
572 3002 640 3054 eit
665 3000 828 3059 loeus,
853 3018 1029 3067 negare
1057 3014 1219 3053 umen
1246 3019 1354 3051 non

341 3094 587 3141 poseamus
621 3080 744 3129 alios
773 3080 845 3128 sic
869 3080 1025 3145 loqui.
1065 3081 1351 3132 Columella

337 3168 404 3205 eet
424 3158 506 3208 lib.
535 3160 622 3217 Ι,
653 3174 764 3223 etp.
795 3160 858 3207 3:
884 3180 910 3202 ιι
937 3162 1062 3226 Apis
1085 3162 1128 3209 ei
1152 3162 1349 3223 sevior,

339 3238 528 3286 mxime
555 3239 764 3302 pentima
791 3248 863 3287 eet
877 3260 920 3289 n.
947 3239 1166 3303 Agelliue
1193 3242 1318 3287 xm
1333 3274 1349 3300 ,

345 3316 428 3365 15:
455 3340 479 3360 ι
507 3318 578 3365 Hi
605 3328 724 3365 eunt
755 3318 830 3365 vel
862 3318 1074 3373 maxime
1103 3317 1349 3365 humenis·

340 3394 492 3446 timi».
520 3397 762 3459 Vossius,
789 3395 852 3446 de
879 3398 1156 3449 Comtmot.
1181 3413 1228 3447 e.
1265 3410 1346 3457 17.

343 3472 578 3525 Bdendum
604 3478 802 3538 eut-avi,
824 3476 961 3525 libris
982 3478 1210 3527 omnibus
1226 3476 1350 3525 invi-

343 3552 398 3601 tis
412 3586 428 3613 ,
468 3577 492 3597 -
507 3556 766 3621 delegerim
791 3556 1002 3605 maxime
1027 3572 1137 3621 quae
1171 3556 1350 3607 libern-

344 3629 527 3694 linima,
552 3648 650 3685 ete.
665 3657 694 3678 n
718 3638 886 3685 hun.

407 3714 450 3761 5.
474 3714 685 3782 flend-es
705 3714 946 3779 Scapula.
974 3714 1218 3764 Corradus
1236 3716 1288 3765 h.
1308 3714 1343 3764 l.

345 3802 472 3853 pum
491 3809 590 3842 esee
608 3796 669 3843 T.
689 3793 930 3855 Quintum
954 3794 1238 3857 scapulam,
1259 3794 1346 3858 qui

348 3882 479 3931 quum
504 3871 684 3921 bellum
716 3871 771 3918 in
809 3872 1094 3935 Hispaniam
1119 3888 1342 3920 commo-

349 3947 502 4011 νίκα,
531 3963 705 4015 poete·
739 3950 873 3999 vieto
903 3952 993 3999 Cn.
1025 3951 1262 4016 Pompeio
1291 3968 1342 4001 se

347 4026 706 4092 insulariiuuit.
727 4030 950 4079 DeBello
969 4032 1176 4096 Hispan.
1193 4050 1236 4080 c.
1259 4033 1342 4080 33.

351 4106 582 4175 &dquam
611 4110 696 4159 ille
724 4120 836 4175 poet
861 4112 1080 4177 praelium
1101 4110 1166 4160 nd
1192 4113 1344 4160 Mun·

1437 2942 1504 2974 xx
1536 2926 1705 2989 epi-ilie
1740 2926 1947 2971 Romam
1992 2922 2205 2987 perlatus
2236 2934 2337 2981 eet,
2376 2923 2465 2970 vix

1437 3003 1536 3051 hoe
1554 3015 1770 3068 tempore
1784 3038 1800 3063 ,
1814 3019 1915 3067 quo
1932 3003 2039 3050 hoee
2058 3001 2263 3067 epistola
2280 3001 2461 3067 scripta

1438 3091 1509 3129 est
1523 3115 1538 3139 ,
1578 3082 1637 3129 de
1682 3081 1785 3141 ejus
1828 3091 1983 3129 morte
2022 3082 2193 3130 Romo
2234 3092 2459 3131 constare

1437 3161 1605 3224 potuit
1622 3194 1637 3221 ‚
1681 3161 1861 3208 nedum
1906 3169 1962 3208 ut
1999 3160 2099 3219 iam
2142 3159 2459 3209 hereditatem

1438 3239 1573 3287 adire
1598 3240 1849 3304 potuerint
1878 3239 1982 3299 ejus
2006 3237 2222 3287 heredes.
2254 3240 2463 3289 Accedit

1436 3318 1577 3381 quod
1598 3318 1683 3367 vix
1702 3316 1935 3367 credibile
1960 3327 2063 3379 eet,
2084 3316 2215 3365 illius
2241 3318 2463 3382 Scapula

1435 3396 1595 3458 bone,
1628 3398 1683 3444 in
1715 3412 1861 3461 quem
1892 3395 2095 3445 Caesuiz
2126 3395 2295 3443 odium
2320 3413 2464 3444 acer-

1435 3476 1688 3525 bieeirnum
1706 3492 1809 3525 esee
1830 3474 2028 3537 debuit,
2053 3476 2156 3537 eim
2170 3476 2309 3537 jussu
2330 3476 2466 3526 haud.

1433 3555 1683 3621 publio-ta
1700 3556 1862 3605 suisne.
1880 3557 1996 3604 Seu.

1507 3635 1559 3684 6.
1600 3635 1937 3685 Publicianus.
1976 3635 2075 3698 Qui
2110 3632 2297 3681 scnicet
2334 3646 2461 3686 unet

1433 3712 1498 3763 ed
1516 3716 1642 3763 viam
1660 3714 1931 3764 Publicium
1946 3716 2119 3763 Remae
2139 3713 2191 3760 in
2209 3713 2339 3761 clivo
2362 3714 2462 3762 Pu-

1430 3793 1605 3852 micio,
1636 3795 1696 3842 de
1722 3810 1825 3858 quo
1844 3796 2003 3841 Varro
2032 3804 2081 3841 et
2107 3792 2331 3842 Ovidius.
2358 3792 2455 3841 Sed

1432 3875 1605 3925 cicero
1626 3889 1729 3921 non
1749 3872 1907 3921 voluit
1927 3873 1981 3921 iu
2004 3872 2127 3921 urbe
2151 3872 2315 3921 senum
2340 3870 2455 3920 filim

1431 3963 1700 4012 exstruere,
1729 3963 1787 4001 ut
1809 3953 1924 4001 entis
1940 3964 2150 4002 constat.
2172 3952 2455 4002 Publicacus

1429 4041 1591 4079 autem
1617 4042 1690 4079 eet
1708 4030 1907 4096 publice
1932 4032 2114 4080 venalis
2140 4032 2421 4097 propositus
2438 4068 2454 4089 ‚

1430 4112 1753 4177 proscriptus.
1786 4112 1847 4161 Et
1880 4111 2007 4161 hene
2034 4111 2295 4161 lectionem
2332 4126 2457 4175 pm-
