3019 4681
431 404 575 493 456
1065 408 1166 476 Μ.
1214 408 1291 475 Τ.
1344 406 1931 478 CICERONIS

428 529 713 602 tuosius
740 526 833 599 ad
868 552 985 600 me
1024 532 1236 600 etiam
1266 529 1459 599 illam
1494 532 1982 627 suspicionem
2012 527 2334 626 pertulit.
2367 527 2564 618 Quid

432 650 515 709 tu
557 638 851 709 autem?
887 636 975 706 τὰ
1008 640 1118 732 μὲν
1162 629 1548 733 sedwa?
1595 636 1894 707 Nullum
1937 636 2134 706 enim
2177 634 2482 707 verbum
2525 662 2564 707 a

434 748 709 845 Siregio
728 745 779 817 ⁵.
827 750 997 820 Non
1049 747 1308 844 placet.
1372 750 1481 817 De
1535 742 1918 817 Plaetorio⁶
1959 747 2196 816 vicino
2237 758 2368 816 tuo
2396 770 2565 844 per-

432 858 737 931 moleste
781 858 915 929 tuli
953 880 1396 955 quemquam
1437 858 1640 954 prius
1677 857 1958 929 audisse
1981 911 2000 946 ,
2033 880 2250 954 quam
2276 880 2418 927 me.
2456 860 2565 927 De

434 972 661 1064 Syro⁷
706 967 1129 1066 prudenter.
1182 970 1261 1037 L.
1316 968 1715 1038 Antonium
1769 992 1900 1065 per
1949 972 2047 1037 M.
2095 965 2388 1038 fratrem
2416 1020 2436 1055 ,
2483 980 2567 1037 ut

440 1077 780 1167 arbitror,
836 1075 1167 1149 facillime
1217 1076 1616 1149 deterrebis
1635 1072 1688 1149 ⁸.
1741 1078 2046 1149 Autroni
2099 1079 2294 1148 vetui
2321 1087 2386 1166 93
2441 1076 2567 1148 sed

436 1185 769 1258 nondum
799 1211 1177 1285 acceperas
1206 1186 1487 1276 literas;
1523 1212 1660 1260 nec
1699 1192 2065 1285 cuiquam,
2094 1188 2230 1258 nisi
2245 1190 2324 1258 L.
2351 1184 2568 1257 Fadio

438 1297 671 1369 aedili:
718 1296 921 1369 aliter
961 1298 1156 1368 enim
1201 1322 1335 1370 nec
1388 1311 1644 1389 caute,
1698 1322 1835 1369 nec
1884 1298 2050 1393 jure
2103 1296 2262 1369 fieri
2307 1312 2564 1396 potest.

438 1407 659 1497 Quod
710 1408 962 1480 scribis
1011 1406 1143 1481 tihi
1195 1407 1441 1481 deesse
1482 1414 1618 1480 H-S
1645 1434 1717 1497 c,
1757 1432 1922 1505 quae
1961 1409 2292 1480 Ciceroni
2327 1423 2572 1480 curata

438 1520 617 1607 sint,
651 1519 863 1589 velim
894 1518 985 1589 ab
1012 1522 1228 1592 Erote
1248 1544 1528 1617 quaeras
1546 1575 1565 1610 ,
1583 1519 1714 1591 ubi
1742 1522 1834 1591 sit
1855 1544 2130 1591 merces
2147 1519 2570 1591 insularum.

436 1626 785 1700 Arabioni
809 1628 899 1701 de
926 1634 1175 1702 Sitio¹⁰
1196 1631 1379 1703 nihil
1404 1634 1688 1703 irascor.
1721 1634 1872 1728 Ego
1892 1628 1982 1701 de
2009 1630 2292 1719 itinere,
2308 1632 2443 1701 nisi
2456 1655 2573 1702 ex·

436 1738 705 1834 plicato
730 1752 788 1813 A
812 1748 903 1829 ¹¹,
940 1741 1122 1813 nihil
1150 1743 1428 1840 cogito:
1463 1740 1666 1839 quod
1693 1739 1887 1810 idem
1921 1738 2054 1810 tibi
2080 1739 2306 1811 videri
2329 1756 2531 1839 putu.

532 1848 771 1923 Habes
814 1852 906 1923 ad
950 1855 1422 1952 superiorem.
1462 1855 1677 1924 Nunc
1726 1849 1895 1920 audi
1947 1846 2038 1921 ad
2087 1850 2405 1921 alteram.
2463 1856 2576 1923 Tu

438 1982 613 2033 vero
649 1960 855 2052 faciS,
896 1978 979 2034 ut
1022 1965 1265 2035 omnia
1296 2019 1314 2050 ,
1359 1961 1563 2060 quod
1612 1961 1918 2033 Serviliae
1965 1986 2119 2032 non
2161 1959 2450 2050 dees¹²‚
2498 1960 2576 2033 id

440 2085 589 2157 est,
632 2076 879 2145 Bruto.
922 2078 1033 2145 De
1072 2076 1323 2172 regina
1358 2072 1639 2171 gaudeo
1671 2088 1744 2145 te
1779 2098 1934 2143 non
1967 2071 2332 2165 laborare3
2382 2088 2575 2147 certe

443 2186 659 2254 etiam
696 2184 835 2256 tibi
866 2184 1162 2287 probari
1182 2184 1271 2257 ¹³.
1310 2187 1546 2299 protis
1586 2186 1903 2257 rationes
1931 2198 2004 2256 et
2036 2182 2126 2255 eir
2155 2185 2418 2257 Tirone
2449 2209 2574 2259 co·

516 2381 669 2440 4..Τὰ
694 2385 778 2454 μὶν
804 2381 1061 2456 διδόμενα.
1090 2391 1219 2440 'Vide
1244 2391 1349 2452 VI,
1378 2391 1427 2438 5.

518 2463 566 2513 5.
598 2465 801 2532 Sit-egio.
826 2471 972 2517 Forte
1002 2470 1111 2518 Se'ra
1138 2471 1294 2536 regio.
1332 2471 1381 2519 J.
1408 2473 1462 2517 F.

1551 2389 1722 2439 Sittius
1735 2392 1924 2438 occisus
1940 2399 2028 2439 est.
2049 2390 2145 2438 En.
2163 2416 2234 2426 -—
2247 2394 2409 2452 Forte,
2418 2390 2575 2440 Sittio.

1628 2485 1650 2516 1
1664 2484 1709 2518 1.
1738 2469 1846 2516 Nisi
1859 2467 2103 2532 explicato
2113 2474 2175 2518 A.
2195 2471 2380 2518 Locum
2401 2471 2577 2518 obscu-

446 2545 620 2593 Gnon.
640 2572 712 2582 —
733 2547 857 2609 Quae
880 2549 923 2596 si
944 2551 1186 2598 eorrectio
1212 2549 1466 2614 probatur,

448 2624 497 2672 J.
515 2624 579 2670 V.
604 2625 658 2672 L.
678 2635 817 2688 putat
834 2626 981 2676 finisse
1000 2627 1247 2676 hominem
1268 2643 1297 2674 e
1318 2627 1465 2676 domo

446 2698 740 2768 Cleopatra.
768 2707 863 2754 En.
901 2733 973 2743 —
1007 2708 1289 2757 Gronovius
1312 2707 1469 2768 conji-

448 2782 607 2832 ciebat
631 2801 693 2832 ex
724 2784 919 2849 epistol.
940 2783 1028 2847 15,
1062 2787 1189 2835 Sara
1216 2786 1368 2852 regio.
1392 2789 1469 2834 In·

446 2863 659 2927 geniose.
683 2867 734 2916 J.
753 2869 817 2914 V.
839 2869 893 2914 1..

522 2943 573 2992 6.
598 2947 675 2992 De
696 2945 941 2995 Plaeeorio.
972 2950 1143 3008 Forte,
1169 2946 1299 2996 hune
1323 2947 1469 2996 fnisse

448 3023 511 3072 ab
534 3025 703 3075 exsilio
722 3037 1017 3076 revocatum.
1036 3029 1310 3078 Mortuum.

526 3121 575 3166 7.
608 3107 683 3152 De
706 3107 845 3166 Syro.
872 3107 962 3171 Ep.
1000 3123 1077 3169 17,
1120 3107 1206 3156 lib.
1250 3108 1386 3168 111,
1420 3117 1469 3155 et

453 3184 654 3233 fortasse
673 3187 849 3236 Horat.
874 3189 975 3236 Sat.
996 3187 1055 3248 6,
1071 3185 1157 3234 lib.
1178 3189 1293 3234 ΧΠ.
1308 3187 1469 3236 Con.

452 3289 525 3301 -
549 3265 745 3312 Nomen
776 3276 849 3312 est
876 3266 1003 3314 servi
1016 3301 1033 3328 ,
1064 3267 1191 3314 forte
1212 3267 1385 3328 Attici,
1408 3265 1471 3315 de

448 3360 552 3410 qno
570 3347 671 3392 111
688 3381 705 3406 ,
736 3361 819 3394 aa.
842 3348 894 3396 J·
912 3349 975 3395 V.
1004 3347 1055 3392 1..

523 3425 576 3472 8.
630 3425 911 3474 Deterreba‘s.
958 3424 1035 3474 Ne
1082 3425 1351 3474 Buthrotiis
1405 3424 1471 3473 sit

450 3503 701 3554 molestus.
724 3506 816 3568 Ep.
841 3505 903 3552 15
923 3505 1069 3566 hujus
1086 3505 1216 3552 libri.
1244 3506 1397 3552 Ῑοιιι.

522 3597 571 3646 9.
622 3583 837 3632 Arm-oni
876 3584 1036 3632 vetui.
1083 3585 1365 3648 Quidquam
1408 3583 1471 3632 de

452 3663 665 3710 nummis
689 3664 996 3727 Arpinatium
1025 3663 1145 3712 dari.
1180 3667 1363 3728 Supra,
1392 3680 1471 3728 ep.

460 3741 525 3788 15
542 3774 557 3799 ,
586 3751 637 3788 et
666 3741 821 3802 infra,
847 3759 929 3806 ep.
972 3759 1035 3792 ιο
1063 3743 1205 3802 hujus
1236 3742 1367 3792 libri.
1402 3768 1471 3780 -·-

454 3820 580 3882 Quis
602 3820 745 3866 suerit
764 3821 847 3869 hic
868 3823 1028 3869 Antro
1044 3855 1059 3880 ‚
1082 3821 1265 3869 neseio.
1298 3823 1389 3869 En.

532 3911 609 3945 ιο.
636 3899 877 3947 Arabium·
900 3899 963 3946 de
988 3898 1131 3948 Sirio.
1168 3901 1243 3954 Hi,
1260 3901 1345 3964 qui
1370 3901 1472 3948 sue-

453 3976 555 4026 rint
566 3976 729 4024 neseio
744 3976 869 4040 ,⁴:1⁸1
884 3977 1008 4028 bene
1024 3979 1077 4028 J.
1094 3982 1162 4027 V.
1182 3981 1238 4026 L.
1262 3979 1474 4040 coniecit

454 4055 627 4104 Sitium
652 4057 875 4105 eumdem
896 4073 999 4105 esse
1025 4074 1082 4105 ae
1108 4061 1167 4108 P.
1195 4058 1393 4106 Sittium
1418 4057 1471 4104 in

448 4135 660 4201 Appiam.
706 4146 754 4184 et
800 4135 1095 4188 Arabionem
1136 4153 1245 4186 eum
1292 4153 1319 4184 a
1368 4150 1469 4200 quo

1555 2558 1629 2596 rat
1659 2549 1763 2596 haee
1799 2548 1918 2612 sigla
1947 2552 2020 2608 A,
2047 2565 2156 2612 quae
2186 2551 2332 2597 torsit
2357 2549 2572 2598 criticos.

1553 2629 1844 2694 Opportune
1874 2627 2092 2676 eamdem
2125 2627 2360 2676 habemus
2387 2641 2576 2678 senten-

1557 2707 1673 2754 tiam
1699 2707 1826 2754 clare
1853 2707 2142 2772 explicatam
2167 2723 2336 2772 supra,
2371 2725 2453 2773 ep.
2489 2709 2575 2758 15:

1559 2807 1582 2831 ι
1601 2788 1955 2834 Profectionem
1973 2803 2126 2835 meam
2138 2821 2153 2846 ,
2172 2798 2227 2835 ut
2243 2787 2406 2849 video,
2419 2788 2578 2837 Erotis

1559 2864 1857 2930 dispensatio
1891 2867 2097 2930 impedit
2115 2888 2156 2913 »-
2203 2867 2355 2928 Infra,
2384 2883 2462 2932 ep.
2482 2883 2577 2915 ao:

1557 2967 1584 2987 «ε
1601 2945 1710 2994 Nisi
1750 2945 1989 3009 explicata
2031 2945 2276 2994 solut-lone
2325 2962 2427 2995 non
2471 2962 2578 2994 sum

1558 3023 1854 3074 discessurus
1875 3047 1917 3072 n.
1956 3026 2067 3074 Jam
2107 3025 2148 3072 si
2184 3027 2422 3088 quaeritur
2455 3026 2578 3090 qnid

1557 3103 1676 3167 sigla
1698 3104 1946 3151 contineat
1969 3118 1983 3152 :
2003 3103 2154 3167 aliqui
2182 3103 2402 3153 scribunt
2427 3106 2494 3153 A.
2523 3117 2581 3152 ut

1559 3182 1624 3230 sit
1656 3184 1904 3247 Argenta,
1945 3184 2094 3244 Asse,
2137 3182 2234 3230 hoc
2267 3196 2446 3231 sensus
2487 3181 2584 3230 nisi

1559 3261 1803 3325 explicato
1817 3277 1968 3326 argen
1975 3271 2048 3319 to,
2070 3262 2298 3310 exsoluto
2318 3261 2454 3310 omni
2473 3277 2580 3309 asse

1559 3343 1666 3388 aeris
1683 3341 1864 3388 alienis.
1877 3341 2048 3389 Bosius
2067 3340 2357 3388 rescribebat
2371 3345 2407 3388 Δ
2421 3377 2435 3400 ,
2455 3342 2580 3404 lege-

1558 3420 1738 3484 batque
1773 3414 1950 3487 ὃανιίῳ
1969 3455 1984 3480 ,
2023 3418 2121 3467 hoe
2146 3431 2248 3480 est,
2275 3434 2369 3468 cre
2403 3421 2579 3470 alieno.

1559 3500 1781 3563 Plerique
1793 3501 2000 3546 retinent
2012 3503 2072 3558 A,
2088 3514 2232 3546 sensu
2245 3513 2348 3546 non
2369 3498 2581 3549 diverso.

1559 3579 1630 3625 Ut
1665 3577 1792 3625 enim
1832 3577 2171 3624 animadvertit
2207 3577 2452 3626 Corradus
2495 3579 2516 3644 (
2551 3596 2578 3627 e

1561 3657 1712 3706 veteri
1743 3655 2084 3721 Aristophanis
2116 3656 2370 3705 scholiasta
2391 3693 2406 3718 ,
2445 3659 2578 3708 Plnt.

1559 3739 1650 3793 lv,
1675 3737 1704 3784 3
1721 3737 1767 3802 )‚
1783 3741 1830 3785 Δ
1849 3737 2144 3800 trigesimum
2164 3737 2342 3784 Atticis
2359 3737 2580 3801 signabat

1563 3817 1739 3864 mensis
1772 3816 1897 3864 diem
1911 3849 1925 3874 ,
1956 3831 2058 3880 quo
2101 3815 2182 3864 die
2217 3815 2580 3864 dissolvendum

1562 3907 1663 3944 erat
1715 3912 1780 3944 aes
1841 3895 2070 3942 alienum.
2115 3896 2286 3958 Itaque
2339 3897 2583 3960 explicare

1561 3973 1758 4026 lambda
1775 3985 1850 4023 est
1865 3989 1931 4022 aes
1947 3973 2159 4022 alienum
2181 3973 2463 4024 dissolvere.
2483 3976 2582 4025 01..

1633 4071 1717 4103 ια.
1741 4055 1820 4102 ΔΙ.
1843 4070 1942 4102 non
1965 4052 2107 4102 desit.
2129 4054 2180 4102 J.
2201 4055 2264 4101 V.
2287 4055 2344 4102 L.

1639 4137 1716 4184 13.
1745 4134 1964 4182 Probari.
1985 4133 2192 4199 supple,
2211 4132 2288 4194 id,
2311 4133 2446 4196 qnod
2469 4135 2580 4183 feei.
