<?xml version="1.0" encoding="UTF-8"?>
<!DOCTYPE html PUBLIC "-//W3C//DTD XHTML 1.0 Transitional//EN"
    "http://www.w3.org/TR/xhtml1/DTD/xhtml1-transitional.dtd">
<html xmlns="http://www.w3.org/1999/xhtml" xml:lang="en" lang="en">
 <head>
  <title>
</title>
<meta http-equiv="Content-Type" content="text/html;charset=utf-8" />
  <meta name='ocr-system' content='tesseract 3.04.00' />
  <meta name='ocr-capabilities' content='ocr_page ocr_carea ocr_par ocr_line ocrx_word'/>
</head>
<body>
  <div class='ocr_page' id='page_1' title='image "./mtciceronisquae04lemagoog_0411.png"; bbox 0 0 3019 4681; ppageno 0'>
   <div class='ocr_carea' id='block_1_1' title="bbox 668 392 2576 480">
    <p class='ocr_par' dir='ltr' id='par_1_1' title="bbox 668 392 2576 480">
     <span class='ocr_line' id='line_1_1' title="bbox 668 392 2576 480; baseline 0.003 -21"><span class='ocrx_word' id='word_1_1' title='bbox 668 392 1182 461; x_wconf 83' lang='lat' dir='ltr'><strong>EPISTOLAE</strong></span> <span class='ocrx_word' id='word_1_2' title='bbox 1230 392 1367 459; x_wconf 84' lang='lat' dir='ltr'><strong>AD</strong></span> <span class='ocrx_word' id='word_1_3' title='bbox 1421 393 2173 480; x_wconf 68' lang='lat' dir='ltr'><strong>Arrlcum‚x1v‚</strong></span> <span class='ocrx_word' id='word_1_4' title='bbox 2229 392 2335 461; x_wconf 78' lang='lat'><strong>16.</strong></span> <span class='ocrx_word' id='word_1_5' title='bbox 2436 392 2576 479; x_wconf 74' lang='lat'><strong>405</strong></span> 
     </span>
    </p>
   </div>
   <div class='ocr_carea' id='block_1_2' title="bbox 1639 592 1914 618">
    <p class='ocr_par' dir='ltr' id='par_1_2' title="bbox 1639 592 1914 618">
     <span class='ocr_line' id='line_1_2' title="bbox 1639 592 1914 618; baseline 0 4063"><span class='ocrx_word' id='word_1_6' title='bbox 1639 592 1914 618; x_wconf 95' lang='lat' dir='ltr'><strong> </strong></span> 
     </span>
    </p>
   </div>
   <div class='ocr_carea' id='block_1_3' title="bbox 1915 592 2558 621">
    <p class='ocr_par' dir='ltr' id='par_1_3' title="bbox 1915 592 2558 621">
     <span class='ocr_line' id='line_1_3' title="bbox 1915 592 2558 621; baseline 0.003 -10"><span class='ocrx_word' id='word_1_7' title='bbox 1915 592 2558 621; x_wconf 53' lang='lat' dir='ltr'><strong>mmm-“mm</strong></span> 
     </span>
    </p>
   </div>
   <div class='ocr_carea' id='block_1_4' title="bbox 1047 762 1961 843">
    <p class='ocr_par' dir='ltr' id='par_1_4' title="bbox 1047 762 1961 843">
     <span class='ocr_line' id='line_1_4' title="bbox 1047 762 1961 843; baseline 0.002 -3"><span class='ocrx_word' id='word_1_8' title='bbox 1047 762 1666 843; x_wconf 91' lang='lat' dir='ltr'><strong>EPISTOLA</strong></span> <span class='ocrx_word' id='word_1_9' title='bbox 1734 764 1961 842; x_wconf 86' lang='lat' dir='ltr'><strong>XVI.</strong></span> 
     </span>
    </p>
   </div>
   <div class='ocr_carea' id='block_1_5' title="bbox 445 912 2576 1185">
    <p class='ocr_par' dir='ltr' id='par_1_5' title="bbox 445 912 2576 1185">
     <span class='ocr_line' id='line_1_5' title="bbox 445 912 2576 997; baseline 0.002 -24"><span class='ocrx_word' id='word_1_10' title='bbox 445 912 672 973; x_wconf 82' lang='lat' dir='ltr'><strong>Laudat</strong></span> <span class='ocrx_word' id='word_1_11' title='bbox 708 912 1101 987; x_wconf 84' lang='lat' dir='ltr'><strong>Dolabellam3</strong></span> <span class='ocrx_word' id='word_1_12' title='bbox 1136 914 1299 974; x_wconf 85' lang='lat' dir='ltr'><strong>addit</strong></span> <span class='ocrx_word' id='word_1_13' title='bbox 1338 914 1412 973; x_wconf 86' lang='lat' dir='ltr'><strong>de</strong></span> <span class='ocrx_word' id='word_1_14' title='bbox 1440 915 1648 973; x_wconf 83' lang='lat' dir='ltr'><strong>itinere</strong></span> <span class='ocrx_word' id='word_1_15' title='bbox 1679 936 1784 974; x_wconf 89' lang='lat' dir='ltr'><strong>suo</strong></span> <span class='ocrx_word' id='word_1_16' title='bbox 1813 916 1871 974; x_wconf 88' lang='lat' dir='ltr'><strong>in</strong></span> <span class='ocrx_word' id='word_1_17' title='bbox 1907 914 2224 988; x_wconf 77' lang='lat' dir='ltr'><strong>Graeciam3</strong></span> <span class='ocrx_word' id='word_1_18' title='bbox 2255 920 2576 997; x_wconf 77' lang='lat' dir='ltr'><strong>Atticoquc</strong></span> 
     </span>
     <span class='ocr_line' id='line_1_6' title="bbox 524 1010 2573 1093; baseline 0.003 -27"><span class='ocrx_word' id='word_1_19' title='bbox 524 1010 815 1086; x_wconf 79' lang='lat' dir='ltr'><strong>negotium</strong></span> <span class='ocrx_word' id='word_1_20' title='bbox 840 1010 1017 1069; x_wconf 88' lang='lat' dir='ltr'><strong>Tullii</strong></span> <span class='ocrx_word' id='word_1_21' title='bbox 1043 1012 1308 1069; x_wconf 79' lang='lat' dir='ltr'><strong>Montani</strong></span> <span class='ocrx_word' id='word_1_22' title='bbox 1335 1010 1717 1069; x_wconf 86' lang='lat' dir='ltr'><strong>commendat.</strong></span> <span class='ocrx_word' id='word_1_23' title='bbox 1741 1012 2044 1085; x_wconf 81' lang='lat' dir='ltr'><strong>(Puteolis,</strong></span> <span class='ocrx_word' id='word_1_24' title='bbox 2066 1031 2218 1071; x_wconf 87' lang='lat' dir='ltr'><strong>anno</strong></span> <span class='ocrx_word' id='word_1_25' title='bbox 2237 1018 2313 1074; x_wconf 89' lang='lat' dir='ltr'><strong>U.</strong></span> <span class='ocrx_word' id='word_1_26' title='bbox 2342 1020 2406 1075; x_wconf 92' lang='lat' dir='ltr'><strong>C.</strong></span> <span class='ocrx_word' id='word_1_27' title='bbox 2437 1036 2573 1093; x_wconf 83' lang='lat'><strong>709,</strong></span> 
     </span>
     <span class='ocr_line' id='line_1_7' title="bbox 525 1107 949 1185; baseline 0 -21"><span class='ocrx_word' id='word_1_28' title='bbox 525 1125 721 1165; x_wconf 87' lang='lat' dir='ltr'><strong>mense</strong></span> <span class='ocrx_word' id='word_1_29' title='bbox 748 1107 949 1185; x_wconf 90' lang='lat' dir='ltr'><strong>maio.)</strong></span> 
     </span>
    </p>
   </div>
   <div class='ocr_carea' id='block_1_6' title="bbox 1122 1249 1893 1315">
    <p class='ocr_par' dir='ltr' id='par_1_6' title="bbox 1122 1249 1893 1315">
     <span class='ocr_line' id='line_1_8' title="bbox 1122 1249 1893 1315; baseline 0 -2"><span class='ocrx_word' id='word_1_30' title='bbox 1122 1249 1425 1313; x_wconf 84' lang='lat' dir='ltr'>CICERO</span> <span class='ocrx_word' id='word_1_31' title='bbox 1469 1250 1786 1315; x_wconf 87' lang='lat' dir='ltr'>ATTICO</span> <span class='ocrx_word' id='word_1_32' title='bbox 1831 1253 1893 1315; x_wconf 91' lang='lat' dir='ltr'><strong>S.</strong></span> 
     </span>
    </p>
   </div>
   <div class='ocr_carea' id='block_1_7' title="bbox 442 1393 2582 3465">
    <p class='ocr_par' dir='ltr' id='par_1_7' title="bbox 442 1393 2582 3465">
     <span class='ocr_line' id='line_1_9' title="bbox 544 1393 2577 1483; baseline 0 -19"><span class='ocrx_word' id='word_1_33' title='bbox 544 1395 835 1483; x_wconf 71' lang='lat' dir='ltr'><strong>Qunt‘ro</strong></span> <span class='ocrx_word' id='word_1_34' title='bbox 887 1419 1061 1466; x_wconf 90' lang='lat' dir='ltr'><strong>non.</strong></span> <span class='ocrx_word' id='word_1_35' title='bbox 1104 1393 1597 1466; x_wconf 89' lang='lat' dir='ltr'><strong>conscendens</strong></span> <span class='ocrx_word' id='word_1_36' title='bbox 1653 1393 1744 1465; x_wconf 93' lang='lat' dir='ltr'><strong>ab</strong></span> <span class='ocrx_word' id='word_1_37' title='bbox 1799 1394 2028 1466; x_wconf 88' lang='lat' dir='ltr'><strong>hortis</strong></span> <span class='ocrx_word' id='word_1_38' title='bbox 2081 1396 2446 1468; x_wconf 80' lang='lat' dir='ltr'><strong>Cluvianis</strong></span> <span class='ocrx_word' id='word_1_39' title='bbox 2499 1398 2577 1465; x_wconf 90' lang='lat' dir='ltr'><strong>in</strong></span> 
     </span>
     <span class='ocr_line' id='line_1_10' title="bbox 444 1502 2578 1603; baseline 0.002 -30"><span class='ocrx_word' id='word_1_40' title='bbox 444 1502 821 1601; x_wconf 86' lang='lat' dir='ltr'><strong>phaselum</strong></span> <span class='ocrx_word' id='word_1_41' title='bbox 878 1509 1265 1603; x_wconf 88' lang='lat' dir='ltr'><strong>epicopum</strong></span> <span class='ocrx_word' id='word_1_42' title='bbox 1296 1512 1319 1547; x_wconf 83' lang='lat'>¹</span> <span class='ocrx_word' id='word_1_43' title='bbox 1371 1504 1499 1575; x_wconf 89' lang='lat' dir='ltr'><strong>has</strong></span> <span class='ocrx_word' id='word_1_44' title='bbox 1544 1502 1711 1575; x_wconf 92' lang='lat' dir='ltr'><strong>dedi</strong></span> <span class='ocrx_word' id='word_1_45' title='bbox 1770 1503 2009 1577; x_wconf 84' lang='lat' dir='ltr'><strong>literas</strong></span> <span class='ocrx_word' id='word_1_46' title='bbox 2037 1558 2058 1593; x_wconf 86' lang='lat'>‚</span> <span class='ocrx_word' id='word_1_47' title='bbox 2110 1530 2340 1602; x_wconf 84' lang='lat' dir='ltr'><strong>quum</strong></span> <span class='ocrx_word' id='word_1_48' title='bbox 2390 1504 2578 1577; x_wconf 83' lang='lat' dir='ltr'><strong>Piliae</strong></span> 
     </span>
     <span class='ocr_line' id='line_1_11' title="bbox 443 1614 2578 1710; baseline 0.001 -29"><span class='ocrx_word' id='word_1_49' title='bbox 443 1627 707 1684; x_wconf 85' lang='lat' dir='ltr'><strong>nostrae</strong></span> <span class='ocrx_word' id='word_1_50' title='bbox 746 1614 989 1685; x_wconf 79' lang='lat' dir='ltr'><strong>villam</strong></span> <span class='ocrx_word' id='word_1_51' title='bbox 1038 1614 1127 1685; x_wconf 87' lang='lat' dir='ltr'><strong>ad</strong></span> <span class='ocrx_word' id='word_1_52' title='bbox 1182 1614 1579 1687; x_wconf 86' lang='lat' dir='ltr'><strong>Lucrinum</strong></span> <span class='ocrx_word' id='word_1_53' title='bbox 1602 1670 1622 1701; x_wconf 87' lang='lat'><strong>‚</strong></span> <span class='ocrx_word' id='word_1_54' title='bbox 1667 1614 1980 1687; x_wconf 81' lang='lat' dir='ltr'><strong>villicos²</strong></span> <span class='ocrx_word' id='word_1_55' title='bbox 2015 1668 2034 1701; x_wconf 90' lang='lat'>,</span> <span class='ocrx_word' id='word_1_56' title='bbox 2072 1630 2578 1710; x_wconf 82' lang='lat' dir='ltr'><strong>procuratores</strong></span> 
     </span>
     <span class='ocr_line' id='line_1_12' title="bbox 444 1722 2578 1821; baseline 0.001 -28"><span class='ocrx_word' id='word_1_57' title='bbox 444 1722 914 1796; x_wconf 82' lang='lat' dir='ltr'><strong>tradidissem.</strong></span> <span class='ocrx_word' id='word_1_58' title='bbox 955 1729 1114 1820; x_wconf 90' lang='lat' dir='ltr'><strong>Ipse</strong></span> <span class='ocrx_word' id='word_1_59' title='bbox 1150 1740 1387 1797; x_wconf 82' lang='lat' dir='ltr'><strong>autem</strong></span> <span class='ocrx_word' id='word_1_60' title='bbox 1426 1749 1516 1796; x_wconf 89' lang='lat' dir='ltr'><strong>eo</strong></span> <span class='ocrx_word' id='word_1_61' title='bbox 1560 1723 1674 1795; x_wconf 88' lang='lat' dir='ltr'><strong>die</strong></span> <span class='ocrx_word' id='word_1_62' title='bbox 1707 1725 1784 1793; x_wconf 88' lang='lat' dir='ltr'><strong>in</strong></span> <span class='ocrx_word' id='word_1_63' title='bbox 1830 1726 2003 1795; x_wconf 72' lang='lat' dir='ltr'><strong>Paeti</strong></span> <span class='ocrx_word' id='word_1_64' title='bbox 2043 1726 2272 1801; x_wconf 82' lang='lat' dir='ltr'><strong>nostri</strong></span> <span class='ocrx_word' id='word_1_65' title='bbox 2308 1739 2578 1821; x_wconf 85' lang='lat' dir='ltr'><strong>tyrota-</strong></span> 
     </span>
     <span class='ocr_line' id='line_1_13' title="bbox 443 1832 2578 1933; baseline 0.001 -29"><span class='ocrx_word' id='word_1_66' title='bbox 443 1832 726 1904; x_wconf 88' lang='lat' dir='ltr'><strong>richum</strong></span> <span class='ocrx_word' id='word_1_67' title='bbox 752 1832 779 1878; x_wconf 82' lang='lat'>³</span> <span class='ocrx_word' id='word_1_68' title='bbox 818 1834 1328 1923; x_wconf 82' lang='lat' dir='ltr'><strong>imminebam3</strong></span> <span class='ocrx_word' id='word_1_69' title='bbox 1364 1835 1748 1933; x_wconf 86' lang='lat' dir='ltr'><strong>perpaucis</strong></span> <span class='ocrx_word' id='word_1_70' title='bbox 1784 1832 2040 1905; x_wconf 87' lang='lat' dir='ltr'><strong>diebus</strong></span> <span class='ocrx_word' id='word_1_71' title='bbox 2090 1835 2166 1903; x_wconf 88' lang='lat' dir='ltr'><strong>in</strong></span> <span class='ocrx_word' id='word_1_72' title='bbox 2203 1837 2578 1931; x_wconf 87' lang='lat' dir='ltr'><strong>Pompeia·</strong></span> 
     </span>
     <span class='ocr_line' id='line_1_14' title="bbox 444 1944 2578 2041; baseline 0.001 -28"><span class='ocrx_word' id='word_1_73' title='bbox 444 1968 665 2031; x_wconf 80' lang='lat' dir='ltr'><strong>num3</strong></span> <span class='ocrx_word' id='word_1_74' title='bbox 703 1959 869 2041; x_wconf 90' lang='lat' dir='ltr'><strong>post</strong></span> <span class='ocrx_word' id='word_1_75' title='bbox 900 1946 975 2014; x_wconf 89' lang='lat' dir='ltr'><strong>in</strong></span> <span class='ocrx_word' id='word_1_76' title='bbox 1016 1944 1167 2016; x_wconf 86' lang='lat' dir='ltr'><strong>haec</strong></span> <span class='ocrx_word' id='word_1_77' title='bbox 1198 1947 1624 2031; x_wconf 87' lang='lat' dir='ltr'><strong>Puteolana,</strong></span> <span class='ocrx_word' id='word_1_78' title='bbox 1663 1959 1737 2017; x_wconf 89' lang='lat' dir='ltr'><strong>et</strong></span> <span class='ocrx_word' id='word_1_79' title='bbox 1767 1948 2088 2017; x_wconf 90' lang='lat' dir='ltr'><strong>Cumana</strong></span> <span class='ocrx_word' id='word_1_80' title='bbox 2119 1968 2340 2041; x_wconf 87' lang='lat' dir='ltr'><strong>regna</strong></span> <span class='ocrx_word' id='word_1_81' title='bbox 2375 1970 2578 2017; x_wconf 86' lang='lat' dir='ltr'><strong>rena·</strong></span> 
     </span>
     <span class='ocr_line' id='line_1_15' title="bbox 442 2053 2582 2153; baseline 0.001 -30"><span class='ocrx_word' id='word_1_82' title='bbox 442 2054 687 2151; x_wconf 80' lang='lat' dir='ltr'><strong>vigaro</strong></span> <span class='ocrx_word' id='word_1_83' title='bbox 710 2059 768 2123; x_wconf 73' lang='lat'><strong>⁴.</strong></span> <span class='ocrx_word' id='word_1_84' title='bbox 804 2058 869 2125; x_wconf 91' lang='grc' dir='ltr'><strong>Ο</strong></span> <span class='ocrx_word' id='word_1_85' title='bbox 888 2055 1045 2127; x_wconf 92' lang='lat' dir='ltr'><strong>loca</strong></span> <span class='ocrx_word' id='word_1_86' title='bbox 1068 2060 1438 2152; x_wconf 88' lang='lat' dir='ltr'><strong>ceteroqui</strong></span> <span class='ocrx_word' id='word_1_87' title='bbox 1467 2054 1495 2101; x_wconf 85' lang='lat'><strong>⁵</strong></span> <span class='ocrx_word' id='word_1_88' title='bbox 1525 2054 1730 2127; x_wconf 79' lang='lat' dir='ltr'><strong>valde</strong></span> <span class='ocrx_word' id='word_1_89' title='bbox 1765 2053 2164 2153; x_wconf 84' lang='lat' dir='ltr'><strong>expetenda</strong></span> <span class='ocrx_word' id='word_1_90' title='bbox 2186 2109 2206 2143; x_wconf 87' lang='lat'>‚</span> <span class='ocrx_word' id='word_1_91' title='bbox 2235 2054 2582 2153; x_wconf 88' lang='lat' dir='ltr'><strong>interpel-</strong></span> 
     </span>
     <span class='ocr_line' id='line_1_16' title="bbox 443 2162 2580 2263; baseline 0 -29"><span class='ocrx_word' id='word_1_92' title='bbox 443 2163 749 2235; x_wconf 87' lang='lat' dir='ltr'><strong>lantium</strong></span> <span class='ocrx_word' id='word_1_93' title='bbox 804 2180 1043 2237; x_wconf 89' lang='lat' dir='ltr'><strong>autem</strong></span> <span class='ocrx_word' id='word_1_94' title='bbox 1094 2164 1558 2237; x_wconf 88' lang='lat' dir='ltr'><strong>multitudine</strong></span> <span class='ocrx_word' id='word_1_95' title='bbox 1613 2190 1816 2263; x_wconf 85' lang='lat' dir='ltr'><strong>paene</strong></span> <span class='ocrx_word' id='word_1_96' title='bbox 1861 2162 2246 2261; x_wconf 86' lang='lat' dir='ltr'><strong>fugienda!</strong></span> <span class='ocrx_word' id='word_1_97' title='bbox 2303 2162 2443 2235; x_wconf 85' lang='lat' dir='ltr'><strong>Sed</strong></span> <span class='ocrx_word' id='word_1_98' title='bbox 2485 2163 2580 2235; x_wconf 87' lang='lat' dir='ltr'><strong>ad</strong></span> 
     </span>
     <span class='ocr_line' id='line_1_17' title="bbox 445 2267 2578 2369; baseline 0 -29"><span class='ocrx_word' id='word_1_99' title='bbox 445 2294 597 2342; x_wconf 89' lang='lat' dir='ltr'><strong>rem</strong></span> <span class='ocrx_word' id='word_1_100' title='bbox 626 2286 710 2342; x_wconf 90' lang='lat' dir='ltr'><strong>ut</strong></span> <span class='ocrx_word' id='word_1_101' title='bbox 738 2273 1017 2344; x_wconf 84' lang='lat' dir='ltr'><strong>veniam</strong></span> <span class='ocrx_word' id='word_1_102' title='bbox 1038 2326 1058 2359; x_wconf 88' lang='lat'>‚</span> <span class='ocrx_word' id='word_1_103' title='bbox 1092 2297 1137 2344; x_wconf 96' lang='lat' dir='ltr'><strong>o</strong></span> <span class='ocrx_word' id='word_1_104' title='bbox 1166 2272 1554 2348; x_wconf 73' lang='lat' dir='ltr'><strong>Dolabellae</strong></span> <span class='ocrx_word' id='word_1_105' title='bbox 1575 2273 1801 2347; x_wconf 89' lang='lat' dir='ltr'><strong>nostri</strong></span> <span class='ocrx_word' id='word_1_106' title='bbox 1827 2294 2155 2369; x_wconf 86' lang='lat' dir='ltr'><strong>magnam</strong></span> <span class='ocrx_word' id='word_1_107' title='bbox 2177 2272 2483 2367; x_wconf 81' lang='grc' dir='ltr'>ἀριστείαν</span> <span class='ocrx_word' id='word_1_108' title='bbox 2503 2267 2578 2340; x_wconf 75' lang='lat'><strong>⁶!</strong></span> 
     </span>
     <span class='ocr_line' id='line_1_18' title="bbox 446 2369 2577 2475; baseline 0.001 -29"><span class='ocrx_word' id='word_1_109' title='bbox 446 2391 719 2472; x_wconf 89' lang='lat' dir='ltr'><strong>quanta</strong></span> <span class='ocrx_word' id='word_1_110' title='bbox 754 2393 861 2450; x_wconf 90' lang='lat' dir='ltr'><strong>est</strong></span> <span class='ocrx_word' id='word_1_111' title='bbox 898 2379 1336 2475; x_wconf 72' lang='grc' dir='ltr'><strong>ἆναθεώρησιςῖ)</strong></span> <span class='ocrx_word' id='word_1_112' title='bbox 1370 2369 1726 2475; x_wconf 88' lang='lat' dir='ltr'><strong>Equidem</strong></span> <span class='ocrx_word' id='word_1_113' title='bbox 1765 2374 2054 2448; x_wconf 84' lang='lat' dir='ltr'><strong>laudare</strong></span> <span class='ocrx_word' id='word_1_114' title='bbox 2095 2402 2262 2447; x_wconf 88' lang='lat' dir='ltr'><strong>eum</strong></span> <span class='ocrx_word' id='word_1_115' title='bbox 2301 2392 2376 2448; x_wconf 91' lang='lat' dir='ltr'><strong>et</strong></span> <span class='ocrx_word' id='word_1_116' title='bbox 2407 2377 2577 2448; x_wconf 90' lang='lat' dir='ltr'><strong>hor-</strong></span> 
     </span>
     <span class='ocr_line' id='line_1_19' title="bbox 442 2486 2580 2584; baseline 0 -26"><span class='ocrx_word' id='word_1_117' title='bbox 442 2489 580 2558; x_wconf 86' lang='lat' dir='ltr'><strong>tari</strong></span> <span class='ocrx_word' id='word_1_118' title='bbox 604 2511 756 2557; x_wconf 89' lang='lat' dir='ltr'><strong>non</strong></span> <span class='ocrx_word' id='word_1_119' title='bbox 782 2486 1071 2559; x_wconf 87' lang='lat' dir='ltr'><strong>desisto.</strong></span> <span class='ocrx_word' id='word_1_120' title='bbox 1099 2494 1319 2560; x_wconf 88' lang='lat' dir='ltr'><strong>Recte</strong></span> <span class='ocrx_word' id='word_1_121' title='bbox 1354 2503 1431 2559; x_wconf 93' lang='lat' dir='ltr'><strong>tu</strong></span> <span class='ocrx_word' id='word_1_122' title='bbox 1464 2487 1806 2559; x_wconf 88' lang='lat' dir='ltr'><strong>omnibus</strong></span> <span class='ocrx_word' id='word_1_123' title='bbox 1835 2487 2154 2584; x_wconf 86' lang='lat' dir='ltr'><strong>epistolis</strong></span> <span class='ocrx_word' id='word_1_124' title='bbox 2185 2486 2541 2583; x_wconf 85' lang='lat' dir='ltr'><strong>significas</strong></span> <span class='ocrx_word' id='word_1_125' title='bbox 2559 2543 2580 2576; x_wconf 89' lang='lat'>‚</span> 
     </span>
     <span class='ocr_line' id='line_1_20' title="bbox 444 2594 2581 2697; baseline 0 -31"><span class='ocrx_word' id='word_1_126' title='bbox 444 2595 621 2692; x_wconf 87' lang='lat' dir='ltr'><strong>quid</strong></span> <span class='ocrx_word' id='word_1_127' title='bbox 659 2594 749 2668; x_wconf 92' lang='lat' dir='ltr'><strong>de</strong></span> <span class='ocrx_word' id='word_1_128' title='bbox 784 2623 900 2685; x_wconf 87' lang='lat' dir='ltr'><strong>re,</strong></span> <span class='ocrx_word' id='word_1_129' title='bbox 935 2596 1222 2697; x_wconf 90' lang='lat' dir='ltr'><strong>quidde</strong></span> <span class='ocrx_word' id='word_1_130' title='bbox 1258 2601 1415 2668; x_wconf 87' lang='lat' dir='ltr'><strong>viro</strong></span> <span class='ocrx_word' id='word_1_131' title='bbox 1442 2599 1728 2668; x_wconf 77' lang='lat' dir='ltr'><strong>sentias,</strong></span> <span class='ocrx_word' id='word_1_132' title='bbox 1763 2596 1941 2667; x_wconf 89' lang='lat' dir='ltr'><strong>Mihi</strong></span> <span class='ocrx_word' id='word_1_133' title='bbox 1971 2595 2267 2693; x_wconf 89' lang='lat' dir='ltr'><strong>quidem</strong></span> <span class='ocrx_word' id='word_1_134' title='bbox 2295 2595 2581 2668; x_wconf 81' lang='lat' dir='ltr'><strong>videtur</strong></span> 
     </span>
     <span class='ocr_line' id='line_1_21' title="bbox 443 2704 2576 2804; baseline 0 -28"><span class='ocrx_word' id='word_1_135' title='bbox 443 2709 707 2778; x_wconf 87' lang='lat' dir='ltr'><strong>Brutus</strong></span> <span class='ocrx_word' id='word_1_136' title='bbox 764 2724 1013 2781; x_wconf 87' lang='lat' dir='ltr'><strong>noster</strong></span> <span class='ocrx_word' id='word_1_137' title='bbox 1060 2709 1210 2804; x_wconf 86' lang='lat' dir='ltr'><strong>jam</strong></span> <span class='ocrx_word' id='word_1_138' title='bbox 1264 2707 1377 2779; x_wconf 87' lang='lat' dir='ltr'><strong>vel</strong></span> <span class='ocrx_word' id='word_1_139' title='bbox 1418 2731 1758 2779; x_wconf 87' lang='lat' dir='ltr'><strong>coronam</strong></span> <span class='ocrx_word' id='word_1_140' title='bbox 1819 2730 2104 2778; x_wconf 86' lang='lat' dir='ltr'><strong>auream</strong></span> <span class='ocrx_word' id='word_1_141' title='bbox 2155 2729 2288 2803; x_wconf 90' lang='lat' dir='ltr'><strong>per</strong></span> <span class='ocrx_word' id='word_1_142' title='bbox 2339 2704 2576 2777; x_wconf 83' lang='lat' dir='ltr'><strong>forum</strong></span> 
     </span>
     <span class='ocr_line' id='line_1_22' title="bbox 444 2815 2577 2916; baseline 0 -30"><span class='ocrx_word' id='word_1_143' title='bbox 444 2815 632 2889; x_wconf 86' lang='lat' dir='ltr'><strong>ferre</strong></span> <span class='ocrx_word' id='word_1_144' title='bbox 677 2843 908 2916; x_wconf 89' lang='lat' dir='ltr'><strong>posse.</strong></span> <span class='ocrx_word' id='word_1_145' title='bbox 957 2822 1141 2910; x_wconf 88' lang='lat' dir='ltr'><strong>Quis</strong></span> <span class='ocrx_word' id='word_1_146' title='bbox 1207 2822 1404 2891; x_wconf 90' lang='lat' dir='ltr'><strong>euim</strong></span> <span class='ocrx_word' id='word_1_147' title='bbox 1477 2816 1737 2890; x_wconf 87' lang='lat' dir='ltr'><strong>audeat</strong></span> <span class='ocrx_word' id='word_1_148' title='bbox 1777 2815 2095 2887; x_wconf 80' lang='lat' dir='ltr'><strong>violare⁷</strong></span> <span class='ocrx_word' id='word_1_149' title='bbox 2127 2871 2150 2904; x_wconf 87' lang='lat'>,</span> <span class='ocrx_word' id='word_1_150' title='bbox 2207 2818 2577 2914; x_wconf 90' lang='lat' dir='ltr'><strong>proposita</strong></span> 
     </span>
     <span class='ocr_line' id='line_1_23' title="bbox 446 2925 2579 3027; baseline 0 -30"><span class='ocrx_word' id='word_1_151' title='bbox 446 2951 661 3000; x_wconf 87' lang='lat' dir='ltr'><strong>cruce</strong></span> <span class='ocrx_word' id='word_1_152' title='bbox 681 2982 700 3012; x_wconf 88' lang='lat'>‚</span> <span class='ocrx_word' id='word_1_153' title='bbox 751 2943 875 3000; x_wconf 89' lang='lat' dir='ltr'><strong>aut</strong></span> <span class='ocrx_word' id='word_1_154' title='bbox 930 2930 1153 3001; x_wconf 83' lang='lat' dir='ltr'><strong>saxo?</strong></span> <span class='ocrx_word' id='word_1_155' title='bbox 1195 2933 1590 3027; x_wconf 74' lang='lat' dir='ltr'><strong>praesertim</strong></span> <span class='ocrx_word' id='word_1_156' title='bbox 1651 2928 1866 2998; x_wconf 89' lang='lat' dir='ltr'><strong>tantis</strong></span> <span class='ocrx_word' id='word_1_157' title='bbox 1919 2925 2292 3024; x_wconf 89' lang='lat' dir='ltr'><strong>plausibus</strong></span> <span class='ocrx_word' id='word_1_158' title='bbox 2322 2981 2342 3015; x_wconf 87' lang='lat'>‚</span> <span class='ocrx_word' id='word_1_159' title='bbox 2382 2939 2579 2998; x_wconf 87' lang='lat' dir='ltr'><strong>tanta</strong></span> 
     </span>
     <span class='ocr_line' id='line_1_24' title="bbox 445 3034 2579 3134; baseline -0.001 -26"><span class='ocrx_word' id='word_1_160' title='bbox 445 3035 969 3134; x_wconf 84' lang='lat' dir='ltr'><strong>approbatione</strong></span> <span class='ocrx_word' id='word_1_161' title='bbox 1004 3039 1469 3110; x_wconf 84' lang='lat' dir='ltr'><strong>infimorum?</strong></span> <span class='ocrx_word' id='word_1_162' title='bbox 1504 3042 1755 3126; x_wconf 87' lang='lat' dir='ltr'><strong>Nunc,</strong></span> <span class='ocrx_word' id='word_1_163' title='bbox 1787 3038 1880 3107; x_wconf 88' lang='lat' dir='ltr'><strong>mi</strong></span> <span class='ocrx_word' id='word_1_164' title='bbox 1916 3037 2178 3125; x_wconf 87' lang='lat' dir='ltr'><strong>Attice,</strong></span> <span class='ocrx_word' id='word_1_165' title='bbox 2209 3061 2327 3107; x_wconf 87' lang='lat' dir='ltr'><strong>me</strong></span> <span class='ocrx_word' id='word_1_166' title='bbox 2353 3034 2464 3106; x_wconf 86' lang='lat' dir='ltr'><strong>fac</strong></span> <span class='ocrx_word' id='word_1_167' title='bbox 2495 3050 2579 3106; x_wconf 88' lang='lat' dir='ltr'><strong>ut</strong></span> 
     </span>
     <span class='ocr_line' id='line_1_25' title="bbox 446 3143 2575 3247; baseline 0 -31"><span class='ocrx_word' id='word_1_168' title='bbox 446 3145 801 3243; x_wconf 86' lang='lat' dir='ltr'><strong>expedias.</strong></span> <span class='ocrx_word' id='word_1_169' title='bbox 844 3151 1115 3247; x_wconf 80' lang='lat' dir='ltr'><strong>Cupie,</strong></span> <span class='ocrx_word' id='word_1_170' title='bbox 1157 3173 1387 3247; x_wconf 89' lang='lat' dir='ltr'><strong>quum</strong></span> <span class='ocrx_word' id='word_1_171' title='bbox 1440 3153 1678 3219; x_wconf 75' lang='lat' dir='ltr'><strong>Bruto·</strong></span> <span class='ocrx_word' id='word_1_172' title='bbox 1703 3161 1954 3218; x_wconf 89' lang='lat' dir='ltr'><strong>nostro</strong></span> <span class='ocrx_word' id='word_1_173' title='bbox 1990 3143 2260 3216; x_wconf 87' lang='lat' dir='ltr'><strong>affatim</strong></span> <span class='ocrx_word' id='word_1_174' title='bbox 2299 3144 2575 3216; x_wconf 69' lang='lat' dir='ltr'><strong>satisfe-</strong></span> 
     </span>
     <span class='ocr_line' id='line_1_26' title="bbox 447 3256 2572 3354; baseline -0.001 -29"><span class='ocrx_word' id='word_1_175' title='bbox 447 3256 699 3344; x_wconf 86' lang='lat' dir='ltr'><strong>cerim,</strong></span> <span class='ocrx_word' id='word_1_176' title='bbox 734 3281 1113 3329; x_wconf 85' lang='lat' dir='ltr'><strong>excurrere</strong></span> <span class='ocrx_word' id='word_1_177' title='bbox 1148 3263 1221 3328; x_wconf 90' lang='lat' dir='ltr'><strong>in</strong></span> <span class='ocrx_word' id='word_1_178' title='bbox 1262 3261 1632 3330; x_wconf 71' lang='lat' dir='ltr'><strong>Graeciam.</strong></span> <span class='ocrx_word' id='word_1_179' title='bbox 1677 3257 1920 3354; x_wconf 87' lang='lat' dir='ltr'><strong>Magni</strong></span> <span class='ocrx_word' id='word_1_180' title='bbox 1953 3257 2252 3325; x_wconf 89' lang='lat' dir='ltr'><strong>interest</strong></span> <span class='ocrx_word' id='word_1_181' title='bbox 2289 3257 2572 3324; x_wconf 88' lang='lat' dir='ltr'><strong>Cicero·</strong></span> 
     </span>
     <span class='ocr_line' id='line_1_27' title="bbox 446 3365 2572 3465; baseline -0.001 -29"><span class='ocrx_word' id='word_1_182' title='bbox 446 3366 593 3452; x_wconf 88' lang='lat' dir='ltr'><strong>nis,</strong></span> <span class='ocrx_word' id='word_1_183' title='bbox 632 3365 747 3437; x_wconf 85' lang='lat' dir='ltr'><strong>vel</strong></span> <span class='ocrx_word' id='word_1_184' title='bbox 781 3391 939 3438; x_wconf 88' lang='lat' dir='ltr'><strong>mea</strong></span> <span class='ocrx_word' id='word_1_185' title='bbox 967 3369 1239 3465; x_wconf 85' lang='lat' dir='ltr'><strong>potius,</strong></span> <span class='ocrx_word' id='word_1_186' title='bbox 1266 3368 1383 3440; x_wconf 87' lang='lat' dir='ltr'><strong>vel</strong></span> <span class='ocrx_word' id='word_1_187' title='bbox 1417 3367 1826 3440; x_wconf 88' lang='lat' dir='ltr'><strong>mehercule</strong></span> <span class='ocrx_word' id='word_1_188' title='bbox 1859 3369 2275 3462; x_wconf 90' lang='lat' dir='ltr'><strong>utriusque,</strong></span> <span class='ocrx_word' id='word_1_189' title='bbox 2314 3389 2430 3435; x_wconf 89' lang='lat' dir='ltr'><strong>me</strong></span> <span class='ocrx_word' id='word_1_190' title='bbox 2464 3366 2572 3440; x_wconf 88' lang='lat' dir='ltr'><strong>in-</strong></span> 
     </span>
    </p>
   </div>
   <div class='ocr_carea' id='block_1_8' title="bbox 443 3535 2572 3840">
    <p class='ocr_par' dir='ltr' id='par_1_8' title="bbox 443 3535 2572 3840">
     <span class='ocr_line' id='line_1_28' title="bbox 522 3535 2572 3604; baseline -0.002 -16"><span class='ocrx_word' id='word_1_191' title='bbox 522 3555 571 3588; x_wconf 83' lang='lat'><strong>1.</strong></span> <span class='ocrx_word' id='word_1_192' title='bbox 592 3539 874 3604; x_wconf 63' lang='lat' dir='ltr'><strong>EpIcopum.</strong></span> <span class='ocrx_word' id='word_1_193' title='bbox 893 3541 994 3602; x_wconf 83' lang='lat' dir='ltr'><strong>Qui</strong></span> <span class='ocrx_word' id='word_1_194' title='bbox 1010 3541 1152 3587; x_wconf 78' lang='lat' dir='ltr'><strong>remis</strong></span> <span class='ocrx_word' id='word_1_195' title='bbox 1167 3540 1391 3604; x_wconf 74' lang='lat' dir='ltr'><strong>agitatur.</strong></span> <span class='ocrx_word' id='word_1_196' title='bbox 1548 3555 1700 3604; x_wconf 71' lang='lat' dir='ltr'><strong>gare,</strong></span> <span class='ocrx_word' id='word_1_197' title='bbox 1745 3538 1881 3603; x_wconf 86' lang='lat' dir='ltr'><strong>quod</strong></span> <span class='ocrx_word' id='word_1_198' title='bbox 1925 3539 2111 3585; x_wconf 83' lang='lat' dir='ltr'><strong>Emest.</strong></span> <span class='ocrx_word' id='word_1_199' title='bbox 2151 3535 2374 3597; x_wconf 72' lang='lat' dir='ltr'><strong>retinuit,</strong></span> <span class='ocrx_word' id='word_1_200' title='bbox 2417 3535 2572 3584; x_wconf 79' lang='lat' dir='ltr'><strong>intell.</strong></span> 
     </span>
     <span class='ocr_line' id='line_1_29' title="bbox 519 3615 2090 3683; baseline -0.002 -16"><span class='ocrx_word' id='word_1_201' title='bbox 519 3633 568 3669; x_wconf 76' lang='lat'><strong>2.</strong></span> <span class='ocrx_word' id='word_1_202' title='bbox 599 3617 748 3682; x_wconf 75' lang='lat' dir='ltr'><strong>Vulg.</strong></span> <span class='ocrx_word' id='word_1_203' title='bbox 769 3617 1067 3682; x_wconf 58' lang='lat' dir='ltr'><strong>villicosque.</strong></span> <span class='ocrx_word' id='word_1_204' title='bbox 1096 3619 1379 3683; x_wconf 79' lang='lat' dir='ltr'><strong>Pignorim,</strong></span> <span class='ocrx_word' id='word_1_205' title='bbox 1402 3617 1463 3666; x_wconf 87' lang='lat' dir='ltr'><strong>de</strong></span> <span class='ocrx_word' id='word_1_206' title='bbox 1551 3615 1842 3681; x_wconf 69' lang='lat' dir='ltr'><strong>cogitabam.</strong></span> <span class='ocrx_word' id='word_1_207' title='bbox 1871 3622 1920 3669; x_wconf 86' lang='lat' dir='ltr'><strong>J.</strong></span> <span class='ocrx_word' id='word_1_208' title='bbox 1938 3619 2004 3664; x_wconf 94' lang='lat' dir='ltr'><strong>V.</strong></span> <span class='ocrx_word' id='word_1_209' title='bbox 2035 3619 2090 3665; x_wconf 91' lang='lat' dir='ltr'><strong>L.</strong></span> 
     </span>
     <span class='ocr_line' id='line_1_30' title="bbox 444 3695 2571 3761; baseline -0.002 -15"><span class='ocrx_word' id='word_1_210' title='bbox 444 3697 631 3760; x_wconf 72' lang='lat' dir='ltr'><strong>Servis,</strong></span> <span class='ocrx_word' id='word_1_211' title='bbox 659 3695 1011 3745; x_wconf 78' lang='lat' dir='ltr'><strong>emendandum</strong></span> <span class='ocrx_word' id='word_1_212' title='bbox 1047 3707 1211 3761; x_wconf 83' lang='lat' dir='ltr'><strong>putat,</strong></span> <span class='ocrx_word' id='word_1_213' title='bbox 1245 3697 1461 3745; x_wconf 73' lang='lat' dir='ltr'><strong>villicos·</strong></span> <span class='ocrx_word' id='word_1_214' title='bbox 1624 3695 1674 3744; x_wconf 82' lang='lat'><strong>5.</strong></span> <span class='ocrx_word' id='word_1_215' title='bbox 1701 3696 1956 3760; x_wconf 66' lang='lat' dir='ltr'><strong>Ceteroqui</strong></span> <span class='ocrx_word' id='word_1_216' title='bbox 1980 3695 2134 3744; x_wconf 80' lang='lat' dir='ltr'><strong>valde</strong></span> <span class='ocrx_word' id='word_1_217' title='bbox 2160 3695 2447 3757; x_wconf 70' lang='lat' dir='ltr'><strong>expetenda.</strong></span> <span class='ocrx_word' id='word_1_218' title='bbox 2481 3696 2571 3742; x_wconf 86' lang='lat' dir='ltr'><strong>Er-</strong></span> 
     </span>
     <span class='ocr_line' id='line_1_31' title="bbox 443 3773 2570 3840; baseline -0 -17"><span class='ocrx_word' id='word_1_219' title='bbox 443 3791 565 3840; x_wconf 84' lang='lat' dir='ltr'><strong>que,</strong></span> <span class='ocrx_word' id='word_1_220' title='bbox 595 3787 645 3823; x_wconf 80' lang='lat' dir='ltr'><strong>ee</strong></span> <span class='ocrx_word' id='word_1_221' title='bbox 663 3787 1013 3839; x_wconf 69' lang='lat' dir='ltr'><strong>procuratores.</strong></span> <span class='ocrx_word' id='word_1_222' title='bbox 1042 3780 1091 3827; x_wconf 86' lang='lat' dir='ltr'><strong>J.</strong></span> <span class='ocrx_word' id='word_1_223' title='bbox 1106 3779 1167 3826; x_wconf 90' lang='lat' dir='ltr'><strong>V.</strong></span> <span class='ocrx_word' id='word_1_224' title='bbox 1191 3779 1249 3825; x_wconf 91' lang='lat' dir='ltr'><strong>L.</strong></span> <span class='ocrx_word' id='word_1_225' title='bbox 1550 3785 1678 3824; x_wconf 78' lang='lat' dir='ltr'><strong>nest.</strong></span> <span class='ocrx_word' id='word_1_226' title='bbox 1708 3787 1823 3840; x_wconf 73' lang='lat' dir='ltr'><strong>post</strong></span> <span class='ocrx_word' id='word_1_227' title='bbox 1854 3775 2102 3826; x_wconf 76' lang='lat' dir='ltr'><strong>Graevium</strong></span> <span class='ocrx_word' id='word_1_228' title='bbox 2135 3773 2333 3832; x_wconf 65' lang='lat' dir='ltr'><strong>ualuit,</strong></span> <span class='ocrx_word' id='word_1_229' title='bbox 2359 3795 2385 3815; x_wconf 74' lang='grc' dir='ltr'><strong>α</strong></span> <span class='ocrx_word' id='word_1_230' title='bbox 2413 3785 2570 3822; x_wconf 71' lang='lat' dir='ltr'><strong>cetera</strong></span> 
     </span>
    </p>
   </div>
   <div class='ocr_carea' id='block_1_9' title="bbox 442 3853 2568 4161">
    <p class='ocr_par' dir='ltr' id='par_1_9' title="bbox 442 3853 2568 4080">
     <span class='ocr_line' id='line_1_32' title="bbox 514 3853 2568 3920; baseline -0.001 -17"><span class='ocrx_word' id='word_1_231' title='bbox 514 3857 569 3903; x_wconf 81' lang='lat'><strong>3.</strong></span> <span class='ocrx_word' id='word_1_232' title='bbox 621 3854 1003 3920; x_wconf 57' lang='lat' dir='ltr'><strong>muniebam.</strong></span> <span class='ocrx_word' id='word_1_233' title='bbox 1048 3855 1348 3913; x_wconf 81' lang='lat' dir='ltr'><strong>obsonium,</strong></span> <span class='ocrx_word' id='word_1_234' title='bbox 1399 3871 1461 3902; x_wconf 82' lang='lat' dir='ltr'><strong>ex</strong></span> <span class='ocrx_word' id='word_1_235' title='bbox 1552 3869 1698 3917; x_wconf 77' lang='lat' dir='ltr'><strong>quam</strong></span> <span class='ocrx_word' id='word_1_236' title='bbox 1735 3853 1880 3903; x_wconf 73' lang='lat' dir='ltr'><strong>valde</strong></span> <span class='ocrx_word' id='word_1_237' title='bbox 1919 3853 2188 3920; x_wconf 77' lang='lat' dir='ltr'><strong>expetenda</strong></span> <span class='ocrx_word' id='word_1_238' title='bbox 2206 3875 2248 3899; x_wconf 84' lang='lat'><strong>-.</strong></span> <span class='ocrx_word' id='word_1_239' title='bbox 2275 3853 2471 3912; x_wconf 71' lang='lat' dir='ltr'><strong>Minus,</strong></span> <span class='ocrx_word' id='word_1_240' title='bbox 2511 3865 2568 3901; x_wconf 83' lang='lat' dir='ltr'><strong>nt</strong></span> 
     </span>
     <span class='ocr_line' id='line_1_33' title="bbox 442 3932 2393 3994; baseline -0.001 -12"><span class='ocrx_word' id='word_1_241' title='bbox 442 3949 585 3982; x_wconf 72' lang='lat' dir='ltr'><strong>caseo</strong></span> <span class='ocrx_word' id='word_1_242' title='bbox 625 3945 674 3983; x_wconf 83' lang='lat' dir='ltr'><strong>ct</strong></span> <span class='ocrx_word' id='word_1_243' title='bbox 716 3934 977 3982; x_wconf 68' lang='lat' dir='ltr'><strong>salutatis.</strong></span> <span class='ocrx_word' id='word_1_244' title='bbox 1007 3935 1135 3982; x_wconf 86' lang='lat' dir='ltr'><strong>Vide</strong></span> <span class='ocrx_word' id='word_1_245' title='bbox 1172 3934 1235 3984; x_wconf 78' lang='lat' dir='ltr'><strong>ad</strong></span> <span class='ocrx_word' id='word_1_246' title='bbox 1271 3934 1459 3983; x_wconf 74' lang='lat' dir='ltr'><strong>Divers.</strong></span> <span class='ocrx_word' id='word_1_247' title='bbox 1547 3933 1693 3984; x_wconf 76' lang='lat' dir='ltr'><strong>nobis</strong></span> <span class='ocrx_word' id='word_1_248' title='bbox 1709 3932 1924 3994; x_wconf 79' lang='lat' dir='ltr'><strong>videtur,</strong></span> <span class='ocrx_word' id='word_1_249' title='bbox 1942 3933 2162 3983; x_wconf 78' lang='lat' dir='ltr'><strong>feliciter.</strong></span> <span class='ocrx_word' id='word_1_250' title='bbox 2181 3933 2215 3981; x_wconf 85' lang='lat' dir='ltr'><strong>J</strong></span> <span class='ocrx_word' id='word_1_251' title='bbox 2218 3969 2232 3982; x_wconf 95' lang='lat'><strong>.</strong></span> <span class='ocrx_word' id='word_1_252' title='bbox 2245 3935 2309 3982; x_wconf 92' lang='lat' dir='ltr'><strong>V.</strong></span> <span class='ocrx_word' id='word_1_253' title='bbox 2340 3937 2393 3981; x_wconf 90' lang='lat' dir='ltr'><strong>L.</strong></span> 
     </span>
     <span class='ocr_line' id='line_1_34' title="bbox 442 4003 2480 4080; baseline -0.001 -17"><span class='ocrx_word' id='word_1_254' title='bbox 442 4013 531 4064; x_wconf 78' lang='lat' dir='ltr'><strong>lib.</strong></span> <span class='ocrx_word' id='word_1_255' title='bbox 558 4015 635 4062; x_wconf 80' lang='lat' dir='ltr'><strong>lx</strong></span> <span class='ocrx_word' id='word_1_256' title='bbox 654 4049 671 4076; x_wconf 84' lang='lat'><em>,</em></span> <span class='ocrx_word' id='word_1_257' title='bbox 692 4014 835 4078; x_wconf 69' lang='lat' dir='ltr'><strong>epist.</strong></span> <span class='ocrx_word' id='word_1_258' title='bbox 873 4015 955 4064; x_wconf 84' lang='lat'><strong>16.</strong></span> <span class='ocrx_word' id='word_1_259' title='bbox 1619 4013 1670 4059; x_wconf 81' lang='lat'><strong>6.</strong></span> <span class='ocrx_word' id='word_1_260' title='bbox 1700 4003 1941 4080; x_wconf 70' lang='grc' dir='ltr'>Ᾰριςιίσιν.</span> <span class='ocrx_word' id='word_1_261' title='bbox 1969 4013 2256 4062; x_wconf 64' lang='lat' dir='ltr'><strong>praclarum</strong></span> <span class='ocrx_word' id='word_1_262' title='bbox 2279 4013 2480 4078; x_wconf 68' lang='lat' dir='ltr'><strong>faciam.</strong></span> 
     </span>
    </p>

    <p class='ocr_par' dir='ltr' id='par_1_10' title="bbox 516 4091 2268 4161">
     <span class='ocr_line' id='line_1_35' title="bbox 516 4091 2268 4161; baseline 0.001 -20"><span class='ocrx_word' id='word_1_263' title='bbox 516 4101 565 4150; x_wconf 71' lang='lat'><strong>4.</strong></span> <span class='ocrx_word' id='word_1_264' title='bbox 586 4095 665 4142; x_wconf 84' lang='lat' dir='ltr'><strong>Sic</strong></span> <span class='ocrx_word' id='word_1_265' title='bbox 691 4094 861 4144; x_wconf 66' lang='lat' dir='ltr'>Bodu-</span> <span class='ocrx_word' id='word_1_266' title='bbox 884 4111 911 4142; x_wconf 87' lang='lat' dir='ltr'><strong>e</strong></span> <span class='ocrx_word' id='word_1_267' title='bbox 938 4094 1076 4144; x_wconf 83' lang='lat' dir='ltr'><strong>MSS.</strong></span> <span class='ocrx_word' id='word_1_268' title='bbox 1096 4095 1246 4161; x_wconf 77' lang='lat' dir='ltr'><strong>Vulg.</strong></span> <span class='ocrx_word' id='word_1_269' title='bbox 1272 4093 1460 4144; x_wconf 74' lang='lat' dir='ltr'><strong>renavi-</strong></span> <span class='ocrx_word' id='word_1_270' title='bbox 1625 4107 1669 4152; x_wconf 79' lang='lat'><strong>⁶7.</strong></span> <span class='ocrx_word' id='word_1_271' title='bbox 1699 4091 1779 4142; x_wconf 73' lang='lat' dir='ltr'><strong>Al.</strong></span> <span class='ocrx_word' id='word_1_272' title='bbox 1805 4093 2029 4144; x_wconf 80' lang='lat' dir='ltr'><strong>laudare.</strong></span> <span class='ocrx_word' id='word_1_273' title='bbox 2055 4095 2104 4143; x_wconf 85' lang='lat' dir='ltr'><strong>J.</strong></span> <span class='ocrx_word' id='word_1_274' title='bbox 2126 4097 2188 4142; x_wconf 86' lang='lat' dir='ltr'><strong>V.</strong></span> <span class='ocrx_word' id='word_1_275' title='bbox 2214 4095 2268 4142; x_wconf 90' lang='lat' dir='ltr'><strong>L.</strong></span> 
     </span>
    </p>
   </div>
  </div>
 </body>
</html>
