3019 4681
475 370 574 444 90
1111 349 1209 421 Μ.
1264 349 1340 415 Τ.
1395 347 1963 423 clcssnoms

481 549 660 574 m
664 551 756 583 §.Q
761 549 1310 574 mmmm

1133 745 1729 825 EPISTOLA
1784 747 1943 825 XI.

363 911 372 919 “
473 907 696 967 Literas
715 927 778 974 se
801 926 835 964 a
856 904 1108 975 Lentulo
1125 905 1432 991 accepisse,
1444 905 1693 978 Matium
1710 925 1771 964 se
1786 906 2144 980 convenisse,
2163 907 2415 984 itemque
2432 907 2605 973 Cras-

558 1002 818 1086 sipedem
845 1001 1067 1066 scribit.
1094 1003 1184 1081 (ln
1206 1002 1544 1074 Formiano,
1567 1022 1658 1060 an.
1679 1005 1753 1062 U.
1786 1007 1850 1076 C.
1886 1009 2019 1076 704,
2045 1022 2242 1062 mense
2272 1001 2525 1080 martio.)

1149 1177 1461 1242 CICERO
1504 1177 1831 1242 ATTICO
1876 1179 1941 1242 S.

565 1339 968 1404 LENTULUM
991 1339 1013 1371 ¹
1058 1343 1386 1400 nostrum
1420 1331 1555 1400 scis
1580 1330 1889 1401 Puteolis
1924 1355 2116 1454 esse:
2148 1329 2344 1430 quod
2374 1357 2605 1432 quum

471 1469 513 1516 e
549 1444 820 1514 viatore
857 1439 1175 1537 quodam
1213 1454 1398 1510 esset
1437 1438 1763 1510 auditum
1786 1441 1975 1537 ,qui
2015 1465 2090 1512 se
2128 1439 2395 1514 diceret
2434 1466 2605 1517 eum

471 1554 548 1620 in
586 1551 857 1660 Appia,
901 1573 1126 1672 quum
1166 1551 1222 1618 is
1267 1547 1593 1648 paullum
1634 1549 1959 1620 lecticam
2005 1553 2442 1649 aperuisset,
2482 1577 2605 1626 co·

471 1685 731 1758 gnosse
761 1713 780 1750 ,
848 1659 982 1731 etsi
1048 1661 1168 1729 vix
1227 1659 1649 1748 verisimile,
1722 1663 1884 1731 misi
1966 1675 2206 1732 tamen
2266 1662 2607 1741 Puteolos

471 1795 775 1880 puerOS,
806 1775 941 1897 ‘qui
978 1769 1580 1894 pervestigarent,
1619 1783 1689 1839 et
1722 1768 1811 1839 ad
1845 1793 2011 1840 eum
2046 1770 2307 1856 literaS.
2346 1774 2607 1858 Inven-

470 1896 588 1953 tus
619 1895 726 1952 est
755 1884 872 1964 vix
903 1880 976 1949 in
1007 1878 1238 1950 hortis
1267 1881 1416 1950 suis
1448 1903 1524 1949 se
1559 1879 1971 1966 occultans,
2008 1877 2393 1976 literasque
2428 1879 2609 1968 mihi

469 1992 780 2078 remisit,
825 1987 1122 2066 mirifice
1159 1989 1418 2087 gratias
1446 2013 1663 2086 agens
1693 1991 1944 2074 Caesari
1966 2000 1993 2030 ²
2025 2017 2039 2031 ·
2079 1988 2170 2060 de
2203 2014 2335 2078 suo
2365 2003 2605 2076 autem

471 2097 809 2182 consilio-³
845 2103 924 2169 C.
955 2099 1236 2172 Caecio4
1276 2098 1612 2170 mandata
1642 2098 1729 2170 ad
1760 2124 1875 2170 me
1913 2098 2209 2185 dedisse.
2252 2105 2435 2188 Eum
2472 2124 2609 2205 ego

470 2211 692 2282 hodie
731 2209 1229 2307 exspectabam
1251 2261 1272 2296 ‚
1314 2208 1388 2277 id
1425 2223 1713 2297 est,x111
1752 2208 1891 2280 kal.
1926 2208 2363 2306 april.Venit
2396 2209 2607 2298 etiam

475 2323 564 2395 ad
611 2347 728 2403 me
766 2320 1029 2393 Matius
1067 2317 1625 2417 quinquatribus
1650 2316 1706 2406 ⁵,
1754 2317 1978 2393 homo
2033 2317 2481 2417 mehercule,
2528 2332 2609 2392 ut

473 2431 654 2515 mihi
703 2431 896 2502 visus
950 2445 1091 2517 est,
1152 2443 1592 2529 temperatus
1638 2444 1712 2500 et
1760 2430 2119 2528 prudens:
2164 2430 2610 2519 existimatus

476 2540 772 2642 quidem
812 2554 921 2623 est
977 2564 1259 2641 semper
1304 2555 1561 2625 auctor
1617 2542 1765 2627 otii.
1812 2542 2048 2629 Quam
2093 2536 2210 2611 ille
2264 2538 2415 2624 haec
2456 2563 2611 2627 uon

473 2645 786 2745 probare
825 2646 1000 2719 mihi
1043 2646 1337 2744 quidem
1385 2648 1581 2717 visus
1618 2644 1763 2717 est!
1810 2670 2025 2748 quam
2067 2646 2258 2716 illam
2303 2638 2609 2731 νεκυίανὸ,

475 2772 562 2826 ut
601 2769 682 2827 tu
723 2753 1075 2857 appellaS,
1110 2754 1400 2828 timere!
1447 2756 1632 2827 Huic
1670 2780 1805 2853 ego
1845 2757 1922 2830 in
1962 2754 2239 2826 multo⁷
2274 2778 2609 2843 sermone

479 2856 858 2966 epistolam
907 2865 996 2937 ad
1046 2892 1161 2938 me
1212 2866 1505 2938 Caesaris
1555 2865 1841 2937 ostendi
1882 2891 2072 2949 eam,
2118 2866 2327 2961 cujus
2369 2889 2609 2942 exem-

477 2975 682 3077 plum
740 2976 832 3050 ad
889 2991 960 3047 te
1001 2991 1212 3053 antea
1254 2978 1452 3062 misi;
1495 2977 1935 3075 rogavique.
1985 2990 2065 3045 ut
2112 2977 2614 3077 interpretare-

477 3099 634 3172 tur3
687 3085 864 3188 quid
911 3101 1137 3178 esset,
1178 3084 1377 3183 quod
1415 3084 1537 3155 ille
1572 3078 1946 3173 scriberet,
1991 3084 2292 3158 consilio
2332 3109 2495 3155 meo
2536 3109 2609 3153 se

552 3300 596 3333 ι.
623 3285 894 3333 Lentulum.
923 3285 1255 3349 Spintherem,
1271 3282 1496 3331 Ciceroni
1587 3282 1797 3337 nummis
1811 3281 2003 3329 invenit
2024 3284 2079 3329 L.
2105 3280 2297 3331 Cassius
2318 3280 2607 3330 Coeies'anus.

475 3364 821 3423 amicissimum
837 3399 853 3423 ,
877 3362 1088 3413 Corfinii
1126 3380 1241 3412 enm
1277 3362 1499 3421 Domitio
1586 3362 1635 3409 J.
1662 3364 1713 3409 F.
1737 3362 1973 3409 Gnouov.

476 3454 689 3507 captum.
717 3444 865 3493 Conf.
908 3446 1068 3494 Casu·
1106 3442 1166 3491 de
1212 3442 1349 3490 Bello
1388 3438 1498 3493 Civ.
1662 3450 1714 3497 4.
1742 3439 1833 3489 Ed.
1853 3437 2211 3488 sensnmhabet
2224 3438 2386 3487 Οωὶἱο.
2413 3440 2533 3488 ,1.11.
2553 3438 2614 3487 1..

479 3526 503 3570 1
523 3560 536 3583 ,
560 3524 644 3571 23.
673 3526 764 3571 En.
1662 3520 1709 3567 5.
1746 3517 2143 3581 Quinquatribus.
2184 3517 2337 3565 restis
2374 3517 2611 3565 Minervae

552 3618 600 3651 a.
643 3604 836 3651 Coesari.
864 3605 910 3651 A
935 3618 1035 3665 quo
1062 3600 1272 3650 Corfinii
1301 3612 1496 3665 captus,
1588 3598 1784 3657 diebus,
1804 3599 1889 3662 qui
1908 3598 2089 3645 Graecis
2114 3607 2251 3644 erant
2269 3594 2573 3647 Πανπθηναῖα
2594 3608 2608 3642 ;

479 3680 736 3730 incolumis
748 3694 873 3730 esset
886 3680 1130 3729 dimissus.
1148 3684 1240 3743 Ep.
1263 3696 1342 3728 so.
1358 3680 1498 3729 Mur.
1587 3678 1795 3735 Latinis,
1813 3674 2143 3745 Quinquatria
2156 3711 2172 3737 ,
2192 3686 2241 3723 et
2262 3676 2613 3738 Quinquatrus,

551 3763 599 3811 3.
630 3762 851 3811 Consilio.
879 3760 938 3809 Id
964 3772 1066 3821 est,
1090 3760 1226 3825 quod
1245 3759 1351 3823 ipse
1379 3776 1502 3807 con·
1588 3770 1645 3805 ut
1668 3773 1785 3805 mox
1822 3756 2018 3821 epistol.
2048 3756 2127 3803 13.
2166 3753 2363 3801 Fiebant
2390 3770 2480 3801 xxv
2514 3750 2611 3800 kal.

481 3842 692 3891 nituerit
724 3843 779 3888 in
809 3851 1056 3904 posterum
1082 3840 1266 3897 facere,
1304 3837 1358 3905 ici
1384 3838 1503 3885 mihi
1590 3836 1731 3900 april.
1755 3836 1847 3881 En.

480 3920 754 3985 significare
789 3918 1000 3966 voluisse
1041 3936 1127 3983 per
1167 3920 1222 3967 C.
1260 3918 1500 3973 Coecium,
1662 3915 1713 3961 6.
1752 3911 1975 3961 Nauium.
2016 3911 2142 3960 Vide
2186 3910 2482 3974 superiorem
2527 3924 2606 3972 ep.

478 4000 581 4048 aive
611 3997 836 4046 Coeicium
864 4014 882 4043 :
917 4012 1026 4044 nam
1061 3998 1125 4043 ita
1161 3997 1280 4060 legit
1308 3996 1503 4043 Fulvius
1594 4004 1699 4042 not.
1727 3994 1813 4039 28.
1848 3994 1942 4040 En.

482 4078 689 4128 Ursinus
729 4076 782 4123 iu
817 4086 961 4137 gente
1007 4074 1166 4123 Cassia
1208 4087 1222 4121 :
1267 4076 1320 4121 in
1364 4074 1502 4133 cuius
1668 4088 1715 4131 7.
1744 4070 1915 4118 Multo.
1944 4071 2117 4126 Forte,
2144 4077 2321 4113 mutuo.
2349 4066 2563 4114 Cusus.
