3019 4681
1171 398 1266 465 M.
1312 397 1391 464 T.
1447 396 2027 466 CICERONIS

515 576 2265 599 mmmmmmmmmmmmmmm
2272 576 2551 600 mm
2556 582 2639 599 m

523 374 660 489 [οὲ

1082 748 1696 830 EPISTOLA
1764 750 2098 831 XXIX.

520 911 780 971 Breviter
816 908 890 967 de
919 910 1097 968 variis
1127 906 1304 967 rebus
1335 907 1696 979 domesticis,
1726 922 1787 967 et
1819 908 1892 967 de
1924 908 2119 968 subito
2144 910 2345 968 Planci
2370 910 2646 968 Buthrotii

679 1006 886 1067 reditu.
926 1007 1032 1085 (In
1060 1006 1402 1080 FormianO,
1432 1026 1586 1065 anno
1628 1010 1703 1069 U.
1729 1009 1795 1067 C.
1823 1026 1972 1085 709,
1996 1026 2191 1067 mense
2217 1006 2503 1085 quintili.)

1172 1172 1490 1253 CICERO
1539 1172 1861 1239 ATTICO
1905 1174 1970 1239 S.

619 1322 845 1388 Bau-ri
882 1318 976 1388 ad
1013 1331 1084 1388 te
1124 1317 1497 1416 epistolam
1536 1318 1717 1389 misi.
1760 1317 1884 1387 Dii
1922 1314 2144 1405 boni,
2190 1334 2465 1414 quanta
2498 1322 2649 1413 ἄμη-

519 1424 703 1518 >gavia
724 1421 786 1493 ¹!
825 1446 1252 1520 cognosces,
1289 1446 1519 1519 quum
1558 1422 1838 1520 legeriS.
1873 1426 1984 1494 De
2027 1422 2515 1495 celebratione
2552 1424 2649 1493 lu·

523 1532 787 1604 dorum
843 1534 1083 1621 Bruti,
1121 1532 1254 1605 tibi
1293 1535 1667 1605 assentior.
1706 1532 1812 1603 Ad
1859 1538 1957 1603 M.
2002 1534 2263 1606 AElium
2300 1534 2545 1605 nullus
2579 1550 2649 1603 tu

525 1642 821 1740 quidem
875 1644 1177 1716 domum
1203 1654 1260 1734 ²,
1313 1642 1434 1716 sed
1490 1643 1721 1715 sicubi
1772 1643 2130 1715 inciderit.
2180 1649 2290 1717 De
2330 1645 2650 1715 Tulliano

521 1754 811 1825 semisse
831 1752 887 1841 ³,
939 1758 1038 1825 M.
1099 1756 1454 1825 Axianum
1509 1752 1924 1843 adhibebis,
1980 1770 2063 1825 ut
2122 1754 2394 1827 scribiS.
2442 1753 2649 1847 Quod

525 1888 690 1933 cum
731 1865 1044 1936 Cosiano
1084 1866 1330 1961 egisti,
1374 1866 1671 1963 optime.
1726 1864 1947 1955 Quod
1992 1889 2143 1935 non
2182 1865 2417 1937 solum
2464 1889 2653 1948 mea,

523 1998 781 2073 verum
821 1976 1032 2045 etiam
1075 1988 1201 2044 tua
1250 1972 1547 2071 expedis
1570 2028 1589 2063 ,
1626 1989 1931 2071 gratum.
1984 1976 2447 2071 Legationem
2488 1998 2657 2071 pro-

524 2082 683 2153 bari
719 2110 992 2173 meam,
1029 2084 1332 2182 gaudeO.
1371 2084 1591 2176 Quod
1629 2085 2024 2183 promittis,
2056 2083 2155 2154 dii
2186 2082 2439 2156 faxint!
2472 2084 2657 2175 Quid

527 2197 720 2263 enim
767 2196 946 2263 mihi
983 2196 1164 2265 meis
1205 2192 1641 2288 jucundius?
1676 2193 1815 2265 Sed
1862 2195 2109 2283 istam,
2143 2219 2365 2292 quam
2416 2211 2499 2266 tu
2542 2221 2659 2266 ex-

525 2304 744 2400 cipis,
784 2319 1031 2376 metuo
1046 2310 1101 2374 4.
1136 2308 1439 2376 Brutum
1474 2329 1704 2401 quum
1742 2328 2186 2394 convenere,
2222 2304 2661 2404 perscribam

526 2415 793 2483 omnia.
851 2418 960 2486 De
1019 2413 1284 2486 Planco
1345 2429 1416 2486 et
1474 2417 1813 2503 Decimo,
1865 2439 2035 2488 sane
2084 2416 2319 2487 velim.
2372 2420 2661 2488 Sextum

529 2537 813 2593 scutum
867 2523 1177 2619 abjicere
1218 2524 1580 2596 nolebam.
1628 2529 1736 2596 De
1778 2524 2101 2614 MundO,
2141 2529 2199 2597 si
2243 2525 2419 2624 quid
2462 2529 2660 2597 scieS.

531 2635 886 2730 Rescripsi
918 2632 1008 2704 ad
1046 2635 1291 2705 omnia
1329 2650 1470 2706 tua.
1505 2639 1723 2706 Nunc
1757 2651 2008 2708 nostra
2042 2638 2311 2734 accipe.
2350 2639 2665 2727 Quint-us

529 2742 724 2814 filius
751 2769 984 2842 usque
1006 2745 1346 2817 Puteolos
1367 2743 1398 2788 ⁵
1431 2747 1707 2843 (mirus
1740 2748 1949 2833 civis,
1976 2760 2061 2818 ut
2089 2760 2173 2817 tu
2204 2745 2669 2831 Favonium⁶‚

533 2855 854 2925 Asinium
873 2866 899 2912 7
935 2855 1126 2927 dicas
1147 2858 1211 2952 ):
1247 2871 1323 2929 et
1348 2857 1645 2954 quidem
1668 2845 1853 2928 ⁴duas
1877 2855 1975 2928 ob
2005 2880 2291 2946 causaS,
2317 2872 2394 2928 et
2416 2872 2500 2928 ut
2527 2882 2669 2928 me-

607 3037 627 3068 1
640 3055 653 3068 .
674 3007 946 3089 Ᾰμηχανία.
974 3023 1175 3072 Consilii
1203 3023 1386 3088 inopia.

606 3117 652 3150 α.
676 3103 854 3152 Nullas
877 3117 930 3152 tu
957 3105 1153 3169 quidem
1179 3105 1399 3155 domum.
1437 3105 1555 3153 Non

532 3193 587 3229 tu
619 3181 816 3246 quidem
857 3183 922 3231 ad
959 3199 1071 3232 eum
1112 3183 1311 3234 domum
1339 3183 1559 3248 veneria,

528 3259 612 3310 scd
628 3295 642 3320 ,
667 3261 825 3310 sicubi
851 3263 1078 3312 inciderit
1096 3299 1110 3324 ,
1136 3263 1419 3327 alloquaris.
1458 3265 1554 3329 Ep.

535 3341 618 3390 18.
651 3341 796 3391 Mur.
1413 3355 1424 3360 ’

1644 3021 1839 3070 Dictum
1866 3021 1963 3070 hoc
1983 3037 2182 3088 quoquc
2204 3039 2293 3088 per
2314 3024 2506 3085 jocum.
2522 3025 2670 3072 Mou-

1646 3116 1799 3151 exn-r.

1719 3180 1770 3228 5.
1810 3179 2019 3246 Quintus
2053 3178 2188 3243 filius
2234 3195 2384 3244 usque
2422 3181 2671 3232 Puteolos.

1642 3261 1972 3324 Prosequutus
2009 3270 2083 3307 cet
2099 3292 2117 3319 ,
2166 3258 2241 3306 vel
2285 3260 2449 3325 potius
2500 3276 2675 3324 prose·

1642 3349 1823 3403 quetur
1858 3338 2211 3404 profecturum.

1714 3420 1765 3466 6.
1788 3417 1905 3467 Non
1930 3417 2055 3467 bene
2086 3418 2416 3482 compositum
2444 3433 2557 3481 par,
2580 3421 2666 3465 F·-

1643 3499 1821 3546 vonius
1837 3509 1886 3545 et
1906 3497 2123 3544 Asinius.
2148 3496 2378 3558 conjeci,
2398 3498 2681 3545 Favonium

1643 3578 1867 3626 alterum.
1890 3579 2078 3626 Ennea.
2106 3580 2157 3626 J.
2178 3581 2244 3627 V.
2269 3581 2327 3626 1..

1716 3674 1764 3718 7.
1792 3656 2055 3705 Favonium
2084 3667 2134 3705 et
2172 3655 2418 3706 Asinium.
2456 3657 2575 3706 Jam
2620 3655 2683 3704 de

601 3421 649 3467 3.
679 3420 902 3472 Tulliano
929 3422 1136 3470 semisse.
1156 3420 1287 3469 Vide
1303 3421 1446 3486 epist.
1467 3421 1553 3471 26.

530 3501 682 3548 Iunx-

601 3589 650 3636 4.
680 3582 852 3632 Istam,
880 3595 1030 3643 quam
1057 3591 1109 3626 tu
1130 3579 1314 3644 excipis
1328 3613 1344 3638 ,
1371 3589 1553 3628 metuo.

530 3657 606 3704 Ne
635 3673 802 3720 parum
828 3658 1078 3719 iucundus
1104 3659 1148 3706 ei
1169 3673 1304 3705 meus
1331 3658 1393 3705 sit
1418 3658 1555 3706 redi-

528 3745 622 3785 tus.
644 3737 842 3784 Dictum
856 3737 997 3798 joco.
1018 3738 1230 3796 AttIcus,
1249 3736 1313 3785 ad
1331 3737 1553 3802 superio·

529 3832 628 3862 rem
645 3817 944 3880 respondens
969 3816 1226 3881 epistolam
1244 3850 1260 3876 ,
1277 3816 1553 3879 scripserat,

529 3909 666 3957 spem
697 3910 798 3942 esse
813 3930 829 3955 ,
863 3894 1132 3943 rediturum
1171 3895 1312 3943 brevi
1355 3895 1553 3944 Cicero-

529 3989 663 4030 nem,
685 3983 733 4018 et
751 3989 862 4020 cum
880 3973 980 4020 suis
995 3975 1172 4023 Romae
1193 3975 1435 4022 victurum
1456 3990 1470 4023 ε
1497 3974 1551 4022 id

1642 3735 1859 3783 Favonio
1918 3735 2185 3804 diximus„
2210 3735 2414 3786 Catonis
2468 3735 2680 3784 mulo.

1642 3815 1869 3862 Asinium
1892 3815 2193 3872 Pollionem,
2224 3831 2327 3863 nou
2363 3813 2567 3862 credam
2584 3829 2601 3861 ε
2644 3815 2686 3862 is

1640 3895 1771 3942 enim
1794 3895 2095 3943 Caesarianus
2114 3927 2129 3954 ,
2171 3909 2285 3942 mox
2304 3894 2510 3942 Antonii
2540 3895 2685 3942 Fami—

1639 3971 1774 4020 liaris
1814 3973 1900 4020 vix
1940 3972 2137 4021 videtur
2162 3989 2273 4021 cum
2304 3973 2529 4020 Favonio
2558 3989 2683 4021 con·-

530 4069 631 4100 esse
659 4051 884 4099 omnibus
903 4054 1324 4114 jucundissimum,
1355 4065 1547 4118 praeter-
1635 4053 1777 4115 jungi
1804 4068 1966 4116 posue.
2008 4054 2221 4114 Conjieit
2250 4063 2410 4100 tamen
2446 4054 2496 4100 J.
2520 4055 2591 4100 V.
2627 4053 2683 4100 1..

529 4147 670 4193 quam
699 4133 781 4178 uui
805 4131 978 4177 Atticae
998 4165 1011 4188 ,
1041 4147 1149 4193 quae
1177 4133 1351 4196 placari
1382 4133 1548 4182 nollet.

1640 4133 2061 4198 interpretandum
2084 4168 2098 4192 ,
2142 4134 2278 4196 quasi
2316 4143 2371 4179 tn
2404 4147 2552 4192 eum,
2584 4134 2675 4195 qui
