3019 4681
663 386 1211 461 EPISToLAE
1259 380 1399 455 AD
1449 374 1949 472 ATTICUM,
1991 390 2218 472 xvl,
2272 412 2334 483 7·
2437 376 2580 485 493

458 514 587 611 qui
648 510 1029 584 consilium
1102 507 1223 579 dat
1248 562 1283 601 ,ι
1342 521 1674 605 proestare
1746 522 2000 605 praeter
2070 507 2338 581 fidem?
2401 512 2584 583 illud

458 623 795 694 admirari
842 622 1008 691 satis
1054 640 1206 689 non
1251 619 1497 715 potui,
1535 616 1735 713 quod
1771 619 2112 715 scripsisti
2149 619 2261 689 his
2297 620 2580 693 verbis:

456 758 491 792 r<
522 729 755 799 Veni²
814 727 1053 822 igitur,
1113 738 1238 811 tu,
1286 726 1416 819 qui
1472 726 1824 823 εὐθανασζαν
1847 720 1902 793 ³.
1946 722 2182 795 Veni:
2234 726 2584 823 relinquis

458 836 869 934 patriam?»
912 840 1019 905 An
1066 856 1201 929 ego
1235 831 1778 929 relinquebam,
1805 846 1930 904 aut
1974 831 2102 903 tibi
2156 848 2310 905 tum
2362 838 2581 908 relin-

456 970 683 1045 quere
735 943 1075 1017 videbar?
1117 947 1227 1013 Tu
1283 942 1356 1013 id
1413 967 1566 1013 non
1625 943 1848 1014 modo
1907 967 2058 1014 non
2103 944 2582 1042 prohibebas3

455 1078 709 1126 verum
782 1056 997 1123 etiam
1066 1049 1542 1150 approbabas.
1607 1055 1950 1123 Graviora
1971 1106 1990 1137 ‚
2055 1078 2213 1150 quae
2289 1070 2581 1130 restant.

454 1190 489 1226 α
515 1160 750 1231 Velim
788 1162 1077 1256 σχόλιον4
1120 1158 1414 1283 aliquod
1452 1158 1702 1229 elimes
1747 1158 1835 1229 ad
1875 1182 2022 1245 me,
2068 1167 2473 1257 oportuisse
2509 1178 2583 1235 te

351 1312 361 1319 =
457 1274 641 1343 istuc
668 1270 901 1343 facere
918 1300 970 1338 ›³.
1010 1274 1244 1353 Itane,
1279 1271 1381 1339 mi
1406 1269 1680 1341 Attice?
1706 1268 2124 1341 defensione
2151 1287 2312 1367 eget
2335 1296 2580 1345 meum

454 1378 763 1467 factum,
801 1380 1190 1477 praesertim
1226 1377 1419 1489 apud
1455 1393 1566 1465 te,
1600 1380 1729 1474 qui
1762 1379 1834 1448 id
1866 1377 2284 1464 mirabiliter
2319 1406 2581 1481 appr-0·-

453 1484 686 1557 basti?
728 1490 881 1582 Ego
916 1508 1091 1555 vero
1126 1479 1345 1555 istum
1382 1470 1844 1583 ἀπολογισμὸν5
1864 1480 2281 1579 συντ-ἄξομαι,
2323 1486 2449 1557 sed
2487 1486 2580 1557 ad

456 1600 711 1667 eorum
742 1594 1093 1693 aliquem,
1129 1591 1395 1690 quibus
1431 1594 1673 1662 invitis
1709 1606 1780 1662 et
1805 1590 2388 1664 dissuadentibus
2415 1616 2582 1691 pro·-

454 1700 686 1773 fectus
726 1726 909 1773 sum.
951 1701 1100 1770 Etsi
1136 1697 1316 1796 quid
1347 1699 1495 1794 jam
1541 1721 1728 1795 opus
1761 1712 1867 1767 est
1901 1698 2177 1792 σχολίῳῑ)
2226 1700 2298 1768 Si
2345 1722 2582 1796 perse·

451 1836 806 1883 verassem
829 1864 850 1899 ‚
900 1834 1086 1908 opus
1137 1807 1411 1881 fuisset.
1466 1811 1558 1878 At
1601 1807 1744 1878 hoc
1779 1809 2016 1905 ipsum
2053 1832 2206 1879 non
2244 1823 2580 1880 constan·-

454 1920 633 1993 ter⁶.
688 1924 921 1994 Nemo
976 1921 1233 1992 doctus
1276 1940 1630 2014 umquam
1673 1917 1956 2013 (multa
2003 1931 2245 1989 autem
2297 1917 2390 1989 de
2443 1919 2588 1991 hoc

454 2056 719 2128 genere
758 2032 1021 2129 scripta
1056 2028 1276 2124 sunt)
1315 2030 1790 2099 mutationem
1827 2028 2138 2114 consilii,
2173 2029 2584 2100 inconstan-

457 2147 625 2212 tiam
659 2140 836 2211 dixit
871 2166 1046 2213 esse.
1085 2142 1442 2237 Deinceps
1478 2140 1699 2235 igitur
1730 2137 1884 2209 haec
1915 2167 1930 2209 t
1962 2168 1996 2203 κ
2020 2140 2204 2210 Nam
2239 2140 2297 2209 si
2327 2164 2364 2208 a
2392 2138 2587 2209 Phaz-

457 2249 592 2321 dro
615 2262 641 2306 7
702 2264 992 2335 nostro,
1053 2246 1383 2347 expedita
1436 2249 1808 2320 excusatio
1872 2262 2076 2319 esset.
2138 2252 2352 2319 Nunc
2407 2249 2585 2347 quid

457 2360 1081 2458 respondemusP»
1137 2365 1324 2457 Ergo
1380 2360 1456 2430 id
1506 2373 1658 2430 erat
1713 2383 1956 2430 meum
1985 2357 2281 2460 ‘factum
2311 2415 2330 2445 ‚
2387 2361 2587 2458 quod

460 2473 717 2544 Catoni
761 2468 1071 2570 proba're
1116 2495 1267 2542 non
1307 2493 1592 2570 possem
1611 2463 1665 2556 ⁸,
1707 2469 1954 2566 flagitii
1987 2469 2256 2542 scilicet
2289 2470 2585 2569 plenum

461 2597 535 2653 et
566 2580 961 2654 dedecoris.
996 2581 1287 2652 Utinam
1320 2605 1361 2651 a
1397 2582 1636 2679 primo
1672 2581 1772 2650 ita
1813 2579 1946 2651 tibi
1983 2594 2168 2652 esset
2205 2579 2471 2652 visum!
2505 2596 2586 2652 tu

462 2692 678 2779 mihi,
713 2693 900 2763 sicut
936 2715 1091 2762 esse
1136 2690 1357 2776 soles,
1402 2689 1659 2762 fuisses
1703 2694 1901 2761 Cato,
1949 2695 2366 2763 Extremum
2403 2691 2585 2763 illud

460 2801 569 2872 vel
614 2802 1197 2873 molestissimum
1230 2825 1245 2869 ε
1284 2829 1319 2864 α
1342 2803 1526 2873 Nam
1563 2805 1824 2873 Brutus
1858 2815 2106 2873 noster
2140 2801 2336 2873 silet:
2369 2831 2404 2868 >>
2442 2801 2585 2872 hoc

462 2924 609 2996 est,
667 2924 819 2979 non
881 2907 1096 2978 audet
1155 2907 1528 2980 hominem
1577 2908 1653 2980 id
1709 2912 1933 2982 aetatis
1987 2934 2306 2981 monere.
2365 2909 2582 2983 Aliud

462 3017 643 3114 nihil
680 3016 954 3105 habe0,
990 3015 1191 3113 quod
1220 3041 1309 3088 ex
1334 3019 1421 3087 iis
1454 3042 1495 3088 a
1527 3033 1598 3090 te
1625 3018 1862 3090 verbis
1895 3017 2271 3117 significari
2298 3036 2582 3118 putem:

536 3194 587 3227 a.
604 3178 731 3228 Edd.
754 3195 833 3243 pr.
850 3179 1034 3227 habent
1052 3181 1203 3239 Bene,
1223 3179 1481 3243 quodiam
1641 3182 1694 3231 6.
1723 3182 1838 3229 Non
1865 3191 2159 3230 constanter.
2195 3181 2438 3244 objectiO.
2467 3181 2587 3230 Nou

466 3257 654 3322 optimo
692 3273 719 3304 e
746 3259 836 3306 Ms
859 3257 1076 3306 correxit
1095 3257 1360 3308 Victorias.
1380 3260 1480 3307 De·
1569 3261 1818 3323 profectus
1846 3275 1896 3308 es
1922 3259 2148 3324 quidem,
2174 3259 2261 3308 sed
2283 3262 2480 3311 voluisti
2507 3273 2582 3310 ta-

464 3337 581 3385 inde
622 3337 813 3384 Ernest.
852 3337 1067 3400 pra-tulit
1110 3336 1339 3402 relinquis
1370 3338 1480 3386 vul·
1567 3353 1696 3388 men.

466 3427 581 3480 gato
610 3415 851 3478 relinques
878 3433 899 3472 ,-
944 3415 1032 3464 sed
1058 3415 1325 3464 secundum
1354 3415 1482 3464 Veni
1642 3435 1688 3479 7.
1718 3417 1941 3467 Phaedro.
1959 3418 2011 3467 si
2037 3415 2136 3464 hoc
2159 3415 2294 3465 fleret
2323 3433 2352 3465 a
2382 3417 2588 3466 Phaedro

464 3503 606 3558 putat
632 3493 921 3554 delendum3
940 3511 1051 3542 nam
1070 3495 1311 3542 cohaerere
1344 3493 1477 3553 δυο,
1565 3509 1759 3555 nostro,
1779 3497 1934 3544 facilis
1955 3495 2028 3544 illi
2049 3497 2320 3545 exscusatio
2345 3509 2489 3547 esset.
2508 3498 2590 3546 Sic

468 3585 545 3631 m,
559 3572 645 3635 qui
668 3571 944 3622 εὐθανασὶαν
969 3573 1211 3640 (mortem
1228 3572 1479 3620 honestam
1568 3575 1697 3622 enim
1741 3574 2059 3638 responderet
2085 3587 2099 3621 ε
2131 3576 2235 3638 Ego
2274 3575 2334 3624 de
2382 3576 2590 3626 honesto

466 3661 720 3713 tantopere
742 3650 910 3699 laudas
924 3652 965 3714 )‚
982 3649 1213 3714 relinquis
1224 3648 1483 3715 patriam?
1571 3653 1694 3700 nihil
1718 3653 1903 3717 cogito,
1927 3652 2147 3701 dolorem
2171 3654 2332 3721 fugio,
2352 3671 2590 3704 summum

464 3728 664 3778 Nullam
690 3745 881 3777 causam
908 3731 1069 3780 video.
1092 3731 1127 3778 J
1130 3765 1142 3777 .
1165 3730 1229 3777 V.
1253 3731 1312 3777 L.
1571 3730 1756 3779 bonnm
1785 3733 1838 3779 in
1857 3731 2109 3796 voluptate
2132 3747 2284 3795 pono.
2303 3735 2446 3784 Nunc
2473 3735 2594 3799 quid

541 3811 588 3859 3.
615 3808 925 3862 Εὐθανασίαν.
948 3813 1245 3862 Proeclamm
1261 3820 1479 3859 mortem.
1572 3819 1629 3858 tn
1651 3809 1965 3874 respondebis
1979 3847 1992 3870 ‚
2009 3827 2044 3859 o
2063 3811 2234 3860 Cicero
2248 3846 2262 3870 ,
2283 3813 2366 3877 qui
2387 3830 2489 3862 non
2507 3848 2523 3873 ,
2537 3825 2595 3862 ut

467 3889 597 3938 Vide
622 3891 737 3951 XV,
766 3907 852 3939 20.
1571 3887 2134 3954 Phaedrm‚11.pieurenm
2152 3903 2343 3952 sectam,
2363 3893 2448 3942 sed
2461 3894 2593 3942 illam

541 3975 589 4024 4.
616 3969 822 4034 Σχόλιον.
846 3969 1271 4019 Commentarium.
1574 3963 1892 4028 Somumm‘,
1915 3985 2023 4033 quae
2057 3969 2281 4018 virtutem
2307 3982 2353 4021 et
2375 3971 2592 4022 officinm

540 4049 591 4095 5.
617 4035 959 4116 Ᾰπολογισμόν.
986 4045 1329 4112 Dfinsionem
1356 4063 1486 4096 com-
1574 4045 1722 4109 colit,
1741 4061 1790 4094 es
1810 4049 2078 4111 sequutus?
2099 4049 2242 4097 Man.

466 4140 663 4185 pamm
1649 4127 1696 4173 8.
1721 4125 1801 4174 Al.
1819 4127 2020 4191 possim.
2032 4130 2081 4178 J.
2099 4130 2162 4174 V.
2187 4129 2243 4175 L.
