3019 4681
431 360 524 433 38
1077 361 1174 431 Μ.
1225 360 1306 437 T.
1359 360 1925 445 CICERONIS

425 506 660 583 vquarn
705 506 748 555 a
797 495 872 556 te
899 536 920 571 ‚
965 478 1058 553 de
1105 478 1486 579 republica
1542 506 1661 555 me
1710 481 2093 556 certiorem
2147 479 2328 554 fieri.
2392 484 2583 570 Nos,

435 594 734 690 disjecta
767 616 1038 699 manu.
1068 598 1282 691 pares
1329 591 1747 667 adversariis
1784 616 1939 667 esse
1976 618 2129 666 non
2169 618 2581 695 possumus.

431 706 854 801 Conjunctis
883 716 902 751 ¹
955 704 1224 775 nostris
1266 707 1495 802 copiis
1519 760 1540 792 ‚
1584 729 1801 804 spero
1844 729 1978 779 nos
2018 719 2091 775 et
2132 702 2581 804 reipublicae,

431 831 505 889 et
532 817 906 892 communi
945 812 1158 887 saluti
1196 814 1563 913 prodesse.
1602 813 2103 907 Quamobrem
2132 840 2367 913 quum
2408 841 2581 889 cou-

434 930 826 1017 stituisses,
864 943 951 999 ut
975 926 1340 999 Vibullius
1378 926 1560 999 mihi
1600 929 1982 1026 scripserat
2006 952 2068 1001 a.
2099 926 2171 1001 d.
2205 925 2368 998 vid.
2394 924 2581 998 febr.

434 1038 763 1113 Corfinio
815 1036 1178 1138 proficisci
1225 1063 1396 1111 cum
1448 1038 1815 1127 exercitu,
1860 1052 1933 1111 et
1978 1035 2066 1109 ad
2122 1062 2237 1109 me
2292 1038 2585 1123 venire;

430 1153 660 1221 miror
705 1151 884 1248 quid
945 1174 1174 1223 causae
1223 1148 1445 1223 fuerit
1469 1203 1490 1235 ‚
1548 1173 1778 1246 quare
1832 1148 2212 1222 consilium
2257 1150 2583 1221 mutaris.

427 1264 612 1333 Nam
642 1260 758 1331 illa
787 1284 998 1333 causa
1019 1314 1039 1348 ‚
1075 1284 1296 1357 quam
1324 1259 1511 1334 mihi
1540 1258 1909 1333 Vibullius
1936 1258 2191 1333 scribit
2210 1313 2231 1344 ‚
2252 1259 2429 1330 levis
2456 1273 2589 1343 est,

433 1382 504 1440 te
533 1385 921 1468 propterea
958 1384 1320 1443 moratum
1365 1394 1521 1443 esse
1542 1425 1562 1458 ‚
1606 1368 1808 1467 quod
1837 1368 2151 1443 audieris
2172 1424 2193 1459 ‚
2232 1374 2587 1441 Caesarem

435 1480 724 1552 Firmo²
761 1506 1223 1581 progressum
1256 1482 1332 1555 in
1367 1496 1683 1559 castrum
1718 1476 2246 1553 Truentinum³
2276 1483 2583 1553 venisse.

434 1592 731 1681 Quanto
761 1594 956 1665 enim
984 1594 1214 1691 magis
1247 1596 1836 1692 appropinquare
1864 1590 2314 1663 adversarius
2338 1592 2587 1689 coepit,

434 1727 524 1773 eo
563 1700 696 1774 tibi
740 1703 1045 1775 celerius
1080 1704 1444 1803 agendum
1481 1717 1677 1792 erat,
1719 1718 1805 1775 ut
1836 1718 1907 1777 te
1938 1726 2231 1775 mecum
2274 1702 2589 1798 conjun-

434 1838 678 1913 geres,
715 1816 1146 1913 priusquam
1184 1818 1416 1885 Caesar
1450 1828 1579 1885 aut
1615 1826 1827 1884 tuum
1858 1812 1997 1885 iter
2032 1810 2385 1911 impedire
2408 1866 2427 1899 ‚
2464 1825 2591 1883 aut

435 1948 554 1997 me
590 1923 720 1999 abs
757 1940 828 1997 te
863 1925 1256 1998 excludere
1294 1938 1554 2023 posset.

532 2034 1031 2126 Quamobrem
1079 2038 1295 2111 etiam
1342 2051 1564 2133 atque
1609 2034 1823 2108 etiam
1862 2047 1938 2105 te
1975 2057 2157 2131 rogo
2195 2047 2269 2105 et
2306 2033 2590 2117 hortor,

433 2143 511 2219 id
551 2146 756 2242 quod
797 2171 948 2217 non
988 2148 1230 2219 destiti
1281 2143 1785 2245 superioribus
1834 2136 2055 2215 literis
2098 2170 2140 2215 a
2184 2157 2259 2216 te
2294 2158 2545 2242 petere
2568 2196 2589 2231 ‚

433 2269 520 2327 ut
554 2260 795 2353 primo
837 2281 1140 2357 quoque
1187 2256 1304 2333 die
1337 2258 1716 2331 Luceriam
1751 2254 2087 2327 advenias
2102 2257 2160 2344 4,
2200 2270 2591 2354 antequam

439 2368 707 2465 copiae‚
745 2393 925 2466 quas
960 2369 1274 2442 instituit
1311 2371 1545 2440 Caesar
1582 2367 2047 2454 contrahere,
2094 2367 2169 2437 in
2209 2391 2441 2438 unum
2481 2367 2591 2438 lo-

436 2500 608 2548 cum
646 2495 910 2551 coactae
943 2504 1078 2551 nos
1111 2503 1152 2552 a
1188 2477 1406 2550 nobis
1435 2477 1859 2553 distrahant.
1896 2476 2031 2549 Sed
2067 2478 2127 2548 si
2162 2492 2380 2550 erunt
2403 2532 2424 2567 ‚
2460 2481 2591 2575 qui

439 2601 509 2659 te
537 2587 941 2687 impediant
959 2585 1014 2680 ⁵,
1053 2605 1137 2662 ut
1170 2585 1418 2661 villas⁶
1449 2613 1618 2660 suas
1653 2602 1941 2660 servent
1963 2641 1983 2672 ,
2014 2612 2305 2686 aequum
2338 2603 2445 2660 est
2475 2614 2592 2659 me

437 2721 480 2768 a
517 2712 590 2770 te
627 2699 1052 2798 impetrare,
1089 2715 1172 2774 ut
1209 2700 1549 2772 cohortes
1570 2753 1589 2788 ‚
1633 2723 1793 2796 quae
1821 2723 1911 2770 ex
1942 2701 2209 2770 Piceno
2244 2712 2315 2768 et
2344 2702 2593 2770 Came-

433 2809 602 2878 rino
625 2819 652 2864 ⁷
704 2825 1110 2898 venerunt,
1153 2835 1315 2909 quae
1356 2807 1688 2882 fortunas
1736 2833 1901 2882 suas
1947 2809 2453 2907 reliquerunt,
2500 2808 2592 2884 ad

436 2941 555 2990 me
598 2920 894 2993 missum
938 2919 1176 2994 facias).
1666 2919 1673 2930 '

511 3129 557 3163 1.
582 3113 710 3173 Alii,
733 3115 1012 3164 cona-accis.
1034 3117 1068 3164 J
1071 3151 1084 3164 .
1104 3119 1167 3164 V.
1192 3119 1249 3164 L.
1628 3119 1681 3167 5.
1706 3119 1807 3182 Qui
1821 3130 1869 3167 te
1892 3119 2184 3184 impediant.
2204 3117 2585 3180 Albanimarsi,

510 3207 560 3242 2.
579 3191 764 3242 Firmo.
787 3193 926 3244 Urbe
947 3195 1000 3243 in
1024 3196 1221 3248 Piceno.
1246 3197 1338 3245 Eo.
1556 3209 1609 3246 et
1648 3199 1839 3263 Peligni
1880 3200 2054 3259 duces,
2095 3200 2181 3261 qui
2206 3214 2315 3246 suas
2358 3199 2591 3248 cobortes

509 3274 563 3323 3.
596 3272 822 3322 castrum
849 3275 1178 3326 Matinum.
1209 3279 1470 3326 Mantum
1558 3293 1673 3325 cum
1708 3277 1933 3342 periculo
1960 3277 2024 3327 ad
2059 3277 2347 3342 Pompeium
2375 3279 2447 3328 ire
2482 3279 2594 3328 nol-

433 3353 499 3401 ad
537 3363 686 3418 caput
729 3353 944 3402 fluminis
997 3353 1223 3412 Truenn',
1271 3371 1406 3405 nunc
1435 3355 1476 3407 1⁶1
1560 3357 1679 3407 lent.
1705 3358 1913 3406 circiter
1933 3359 2063 3406 enim
2082 3374 2150 3406 xv
2176 3358 2405 3406 cohortes
2423 3361 2597 3408 Domi-

442 3433 618 3480 Tmmo
659 3432 842 3483 dicitur
857 3468 875 3493 ,
920 3436 972 3482 in
1010 3437 1208 3484 Piceno.
1245 3435 1333 3484 sil.
1357 3435 1466 3485 nnl-
1564 3436 1663 3486 tius
1676 3448 1900 3502 coegerat
1917 3453 1977 3486 ex
1992 3437 2119 3486 Alba
2133 3472 2149 3497 ,
2168 3437 2360 3499 Mar-is,
2381 3438 2594 3504 Pelignis

433 3509 580 3571 Vm,
618 3511 722 3572 435
741 3526 756 3562 :
793 3514 1026 3578 «Quique
1047 3515 1338 3563 'I’ruentinas
1365 3532 1464 3563 ser-
1556 3528 1610 3565 et
1630 3515 1852 3565 finitimis
1876 3517 2175 3582 regionibus.
2204 3519 2421 3568 Manum.

431 3601 552 3638 vant
583 3606 695 3638 cum
734 3589 934 3640 flumine
981 3603 1138 3642 turres
1166 3616 1209 3643 ι».
1244 3597 1466 3643 Vocatur
1626 3598 1681 3645 6.
1716 3597 1883 3646 rmus.
1913 3598 2039 3656 Alii,
2080 3598 2206 3645 illas.
2246 3614 2303 3645 ιι
2330 3599 2591 3648 cohortes.

433 3667 807 3727 Strabonivro'hc
825 3670 1158 3738 Τρυιντιῖνωνε
1176 3671 1283 3723 aliis
1300 3687 1462 3724 autem
1503 3673 1515 3680 '
1552 3675 1880 3726 Cotum—
1899 3678 2097 3728 Graevio
2134 3678 2293 3726 vis-zm
2320 3690 2392 3727 est
2418 3680 2591 3743 legen·

429 3749 715 3816 simpliciter
747 3751 1046 3800 mentium.
1070 3755 1166 3802 En.
1559 3756 1679 3804 dum
1705 3755 1876 3805 villas.

503 3839 554 3888 4.
583 3828 852 3879 Adeas-ias.
896 3831 1000 3881 Alii
1022 3866 1039 3891 ,
1067 3849 1094 3880 e
1119 3833 1299 3896 quibu·
1324 3835 1456 3884 oliv.
1630 3853 1675 3896 7.
1695 3836 1971 3884 Camerino.
1994 3836 2128 3885 Urbe
2152 3837 2372 3886 Umbriae
2390 3849 2443 3888 et
2460 3838 2591 3888 Pice·

427 3907 700 3957 advenires.
727 3911 818 3958 En.
1550 3930 1620 3964 uo
1644 3913 1869 3966 finitima.
1900 3913 1996 3965 En.
2386 3947 2397 3956 ›

1249 4083 1262 4096 ·’
1286 4077 1743 4107 *v
