3019 4681
856 245 863 272 J

526 379 1083 489 Ems‘troLAE
1136 421 1281 490 AD
1341 422 1425 509 Q.
1473 419 2254 518 FRATREM‚11‚3.·
2331 421 2458 494 581

339 567 561 614 'runs
580 553 643 599 ²⁷
694 567 1225 627 mcumuiouss
1244 539 1309 590 ²⁸
1370 567 1888 632 ”mosomum-1³3
1934 569 2206 628 LssxQun
2247 572 2340 616 DE
2383 572 2476 636 ns

342 675 713 724 remmon
736 705 757 739 ,
790 677 883 722 UT
907 705 927 734 ,
968 677 1093 736 Qm
1131 679 1273 725 uon
1310 676 1858 744 msclzsslssssnT,
1894 680 1986 726 m
2018 681 2274 745 rmus,
2312 681 2476 740 ρυλε

342 787 465 832 EST
504 787 595 844 DE
636 786 707 832 vi
730 815 753 851 ‚
786 787 1269 834 unsrun-run.

354 933 359 939 .
440 874 520 940 Α.
560 868 629 941 d.
668 895 751 942 111
788 871 883 942 id.
917 869 1069 942 dixi
1108 896 1241 969 pro
1276 873 1507 945 Bestia
1528 881 1596 930 ²9
1631 873 1724 945 de
1757 872 2037 945 ambitu.
2068 874 2261 973 apud
2293 900 2474 973 prae.-

346 993 580 1050 torem
624 983 753 1052 Cn.
794 982 1233 1070 Domitium,
1282 986 1363 1053 in
1406 980 1569 1055 foro
1615 982 1896 1070 medi0‚
1937 987 2250 1059 maximo
2297 1013 2474 1068 con-

340 1105 605 1194 ventu3
660 1091 1029 1188 incidique
1080 1093 1157 1162 in
1209 1117 1377 1164 eum
1432 1094 1676 1165 locum
1731 1095 1809 1165 in
1852 1094 2196 1183 dicendo,
2243 1123 2474 1194 quum

342 1203 662 1289 Sextius,
688 1204 935 1274 multis
956 1205 1033 1274 in
1060 1203 1333 1302 templo
1362 1207 1678 1276 Castoris
1695 1203 2120 1276 vulneribus
2139 1210 2480 1304 acceptiS‚

338 1305 667 1378 subsidio
715 1310 966 1379 Bestiae
1006 1324 1327 1381 servatus
1370 1323 1574 1381 esset.
1613 1311 1745 1382 Hic
1788 1315 2392 1409 προῳκονομησάμην
2413 1311 2479 1358 30

339 1411 690 1508 quiddam
756 1416 1041 1512 εὐκαίρως
1068 1411 1129 1459 ³¹
1202 1415 1293 1486 de
1354 1417 1473 1502 iis,
1539 1439 1700 1520 quae
1754 1419 1830 1500 in
1886 1419 2206 1488 Sextium
2255 1443 2482 1518 appa-

336 1521 694 1594 rabantur
733 1525 1067 1613 crimina,
1109 1539 1181 1596 et
1215 1550 1382 1596 eum
1421 1527 1673 1602 ornavi
1710 1526 1890 1596 veris
1929 1525 2312 1615 laudibus,
2337 1554 2483 1612 ma·.

339 1657 493 1729 gno
540 1657 833 1706 assensu
884 1637 1240 1706 omnium.
1300 1639 1440 1705 Res
1490 1633 1769 1705 homini
1823 1632 1965 1704 fuit
2013 1633 2482 1708 vehementer

340 1757 564 1848 grata.
625 1747 802 1834 Quae
856 1743 993 1815 tibi
1048 1771 1138 1816 eo
1200 1745 1477 1832 scribe,
1534 1743 1734 1842 quod
1773 1768 1892 1816 me
1966 1745 2056 1816 de
2102 1746 2482 1820 retinenda

341 1855 565 1924 Sextii
605 1856 827 1952 gratia
864 1854 1089 1926 literis
1124 1879 1311 1953 saepe
1346 1856 1718 1925 monuisti.

442 1964 630 2036 Prid.
663 1965 754 2036 id.
795 1964 945 2036 haec
978 1967 1230 2064 scripsi
1267 1980 1435 2036 ante
1471 1964 1728 2036 lucem.
1763 1967 1868 2033 Eo
1901 1963 2018 2034 die
2053 1962 2247 2060 apud
2277 1969 2481 2035 Pom-

340 2075 651 2172 ponium
682 2077 755 2145 in
782 2075 940 2170 ejus
967 2071 1319 2173 nuptiis3²
1352 2098 1547 2145 eram
1567 2085 2001 2143 coenaturus
2033 2075 2288 2143 Cetera
2311 2089 2483 2144 sunt

344 2187 421 2255 in
452 2185 675 2256 rebus
706 2188 974 2257 nostris
1005 2183 1427 2282 hujusmodi
1462 2183 1592 2278 (ut
1625 2199 1706 2254 tu
1734 2182 1912 2252 mihi
1943 2181 2094 2254 fere
2121 2181 2482 2255 diffidenti

342 2293 839 2393 praedicabas)
882 2295 1097 2393 plena
1140 2295 1505 2393 dignitatis
1543 2309 1614 2365 et
1663 2295 1902 2391 gratiae
1935 2321 1949 2362 :
1988 2317 2148 2389 quae
2183 2293 2481 2391 quidem

346 2418 473 2475 tua
494 2458 513 2491 ‚
541 2407 641 2474 mi
677 2403 919 2492 frater,
954 2404 1375 2503 prudentia,
1411 2406 1794 2503 patientia,
1831 2406 2132 2488 virtute,
2169 2396 2437 2503 pietate
2460 2460 2480 2493 ‚

346 2514 693 2585 suavitate
731 2516 943 2585 etiam
970 2570 989 2603 ‚
1031 2514 1201 2604 tibi,
1240 2514 1564 2613 mihique
1607 2530 1780 2593 sunt
1810 2518 2158 2587 restituta.
2203 2520 2481 2587 Domus

344 2621 484 2693 tibi
514 2622 603 2692 ad
634 2623 877 2694 lucum
912 2625 1186 2695 Pisonis
1219 2626 1585 2695 Liciniana
1620 2623 1979 2696 conducta
2015 2640 2144 2697 est.
2181 2626 2360 2711 Sed,
2399 2641 2484 2699 ut

346 2756 595 2830 spero,
624 2735 871 2831 paucis
898 2733 1271 2804 mensibus
1306 2748 1475 2833 post
1499 2734 1784 2807 kalend.
1818 2740 2054 2831 qulnt.
2078 2732 2142 2781 ³³
2173 2740 2248 2806 in
2281 2750 2478 2808 tuam

340 2990 487 3046 gatos
514 2980 633 3044 legit
648 2980 931 3039 Turnebus,
952 2996 1097 3057 quem
1119 2980 1232 3031 vide
1257 2980 1369 3030 Ad-

346 3076 475 3109 νει-ι.
493 3061 627 3119 11,
648 3063 699 3110 5.

1456 2980 1764 3029 consulatum
1820 2980 2075 3031 Ciceronis
2129 2984 2480 3047 reprehendere

1458 3062 1632 3111 solitus
1658 3070 1746 3109 est.
1781 3064 1826 3109 Δ
1863 3060 2044 3124 quibus
2081 3060 2211 3109 enim
2251 3064 2478 3123 injuriam

338 3196 347 3203 Ι
422 3156 511 3201 27.
538 3139 855 3188 Sodalitatos.
882 3140 979 3187 Hic
1011 3140 1073 3189 de
1099 3139 1369 3196 sodalitati?

344 3218 440 3269 bns
462 3218 677 3282 intellige
702 3218 912 3267 ambitus
939 3235 1080 3267 causa
1108 3219 1265 3268 factis.

420 3300 507 3347 28.
556 3296 923 3362 neemiaeque.
960 3300 1024 3347 Et
1052 3298 1255 3347 verbum
1294 3298 1375 3345 de-

346 3378 540 3427 cus-iare
560 3386 611 3427 et
644 3378 847 3427 deceat-ia
874 3394 1003 3442 soepe
1035 3392 1137 3425 non
1162 3393 1257 3441 pro
1286 3378 1367 3428 de·

346 3474 455 3505 cem
492 3468 681 3504 tentum
714 3456 996 3504 hominibus
1022 3455 1249 3515 sumitur,
1279 3456 1365 3504 sed

347 3552 442 3600 pro
481 3520 646 3599 aliquo
678 3550 878 3584 numero
909 3535 961 3581 in
992 3550 1143 3582 unum
1170 3546 1368 3595 coacto,

344 3625 399 3663 et
434 3625 680 3678 tunquam
718 3615 773 3662 in
808 3614 1053 3663 decutiam
1094 3613 1369 3679 descripto,

346 3694 565 3755 ejusdem
582 3694 652 3742 rei
675 3693 937 3743 tractandae
954 3708 1114 3741 canu.
1144 3696 1225 3741 Sic
1241 3693 1367 3741 Phil.

346 3774 421 3821 V:
447 3794 471 3815 ι
488 3774 606 3821 Non
640 3772 893 3839 improbos
928 3771 1243 3820 decutiebat?
1268 3788 1371 3820 nou

346 3852 643 3901 sollicitabat
664 3853 877 3917 agrarios
890 3853 913 3900 Ρ
940 3874 967 3894 ιι
987 3855 1047 3901 Et
1066 3852 1121 3900 in
1147 3852 1367 3901 oratione

348 3948 442 3998 pro
466 3932 667 3981 Plancio
692 3948 823 3997 sape
854 3931 1008 3981 utitur
1043 3933 1141 3980 hoe
1180 3931 1333 3981 verbo
1352 3966 1368 3991 ,

349 4026 503 4075 quum
541 4010 773 4073 loquatur
812 4010 873 4059 de
911 4008 1131 4059 ambitu:
1160 4012 1281 4059 item
1316 4012 1367 4059 in

350 4089 567 4138 Verrem.
594 4088 739 4137 Man.
800 4078 803 4085 ¹

422 4183 509 4232 ²9»
528 4167 701 4217 Bestia.
727 4170 785 4219 L.
802 4168 1067 4233 calpurnio
1081 4171 1239 4221 Bestia
1252 4206 1267 4233 ,
1282 4172 1371 4236 qui

1456 3140 1638 3190 tulerat
1650 3174 1666 3198 ,
1692 3155 1778 3188 eos
1800 3154 1927 3204 saepe
1945 3140 2118 3188 Cicero
2136 3138 2356 3189 defendit
2371 3177 2388 3201 ,
2421 3152 2478 3189 ut

1460 3220 1518 3266 P.
1539 3216 1815 3277 Vatinium,
1851 3218 1914 3265 A.
1945 3217 2240 3266 Gabinium:
2277 3222 2478 3283 ejusque

1458 3298 1531 3346 rei
1557 3312 1748 3345 eausam
1767 3295 1972 3361 exponit
1991 3296 2068 3343 his
2085 3295 2248 3345 verbis
2263 3297 2316 3344 in
2335 3298 2478 3362 epist.

1458 3376 1524 3426 td
1563 3378 1809 3425 Marium:
1861 3396 1884 3419 a:
1903 3376 2070 3439 Cogor
2109 3391 2474 3442 nonnumquam

1455 3455 1678 3504 homines
1701 3470 1804 3503 non
1841 3456 2025 3520 optime
2057 3454 2120 3502 de
2147 3472 2223 3502 me
2253 3459 2449 3505 meritos
2464 3493 2480 3518 ,

1454 3546 1626 3599 rogatu
1651 3548 1820 3583 eorum
1835 3568 1850 3593 ,
1887 3534 1971 3598 qui
1999 3532 2124 3581 bene
2145 3536 2302 3583 meriti
2329 3548 2443 3587 sunt
2459 3576 2476 3602 ‚

1458 3613 1716 3662 defendere
1737 3633 1782 3663 »-

1531 3695 1613 3742 30.
1639 3690 2154 3762 Προῳκονομησάμην.
2179 3696 2470 3758 Ρνοοιινανὶ,

1450 3772 1664 3839 ΡΜίᾰί.
1686 3772 1814 3822 Vide
1841 3775 1898 3823 P.
1915 3774 2106 3821 Victor.
2121 3776 2235 3823 Var.
2255 3779 2473 3829 Lection.

1452 3852 1676 3915 XXXV,
1704 3860 1754 3909 4.

1527 3934 1614 3982 31.
1643 3931 1912 4001 Εὐκαῖρως.
1938 3933 2252 3997 Opportune.

1531 4011 1619 4061 32.
1648 4012 1770 4080 Ejus
1795 4010 1990 4075 nuptiis.
2017 4014 2184 4075 Quum
2204 4012 2373 4063 Piliam
2391 4014 2481 4063 du-

1458 4093 1534 4142 xit
1557 4106 1758 4141 uxorem
1782 4094 2238 4157 quinquagenarius.

1533 4173 1616 4221 33.
1629 4172 1870 4229 Kalendis
1885 4172 2041 4237 quine.
2062 4175 2110 4221 Is
2125 4172 2230 4223 dies
2244 4172 2477 4226 terminu
