3019 4681
461 358 605 445 406
1102 356 1197 427 Μ.
1253 360 1330 427 Τ.
1385 351 1968 427 CICERONIS

462 482 819 553 tervenire
872 478 1197 579 discenti.
1251 483 1434 551 Nam
1485 476 1787 576 epistola
1834 474 2213 562 Leonidae,
2255 500 2475 573 quam
2509 478 2604 553 ad

466 617 584 663 me
637 594 935 677 misisti,
981 590 1162 687 quid
1216 589 1477 677 habet,
1514 612 1800 685 quaeso,
1851 589 1926 655 in
1969 610 2122 682 quo
2165 610 2600 683 magnopere

439 701 833 781 laetemur?
867 705 1282 797 Numquam
1320 699 1437 771 ille
1475 696 1653 768 mihi
1691 698 1859 768 satis
1894 694 2164 767 laudari
2197 696 2598 785 ,videbitur‚

463 834 691 906 quum
744 811 843 879 ita
899 807 1351 898 laudabitur,
1400 839 1435 875 α
1469 806 1864 898 Quomodo
1915 830 2112 877 nunc
2147 803 2303 877 est⁸
2339 837 2390 875 ι).
2431 811 2598 881 Νοιι

461 918 754 993 fidentis
786 918 929 989 hoc
960 921 1450 990 testimonium
1473 972 1492 1007 ‚
1527 915 1653 987 sed
1690 918 1934 1014 potius
1961 916 2300 987 timentis.
2331 914 2600 988 Herodi

462 1040 703 1095 autem
740 1024 1195 1109 mandaram,
1234 1040 1319 1095 ut
1354 1022 1534 1094 mihi
1571 1024 1738 1093 κατὰ
1780 1024 1957 1117 μίτον
1981 1034 2014 1080 9
2063 1021 2406 1093 scriberet
2463 1050 2481 1093 ε
2555 1050 2597 1095 a

457 1160 610 1232 quo
646 1134 886 1205 adhuc
918 1134 1113 1205 nulla
1146 1134 1346 1206 litera
1382 1152 1514 1207 est.
1547 1143 1860 1224 Vereor,
1892 1160 1987 1206 ne
2015 1134 2194 1203 nihil
2223 1133 2593 1220 habuerit,

460 1242 660 1339 quod
686 1243 868 1313 mihi
892 1298 911 1331 ,
950 1268 1177 1340 quum
1218 1270 1730 1341 cognoscerem
1756 1254 1848 1334 ¹0,
1876 1242 2280 1339 jucundum
2305 1258 2595 1340 putaret

461 1351 638 1423 sore.
666 1353 884 1444 Quod
912 1353 1001 1424 ad
1042 1358 1420 1426 Xenonem
1456 1358 1830 1455 scripsisti,
1867 1351 2076 1425 valde
2103 1352 2282 1423 mihi
2309 1366 2592 1449 gratum

458 1474 586 1531 est.
624 1462 819 1534 Nihil
854 1464 1047 1533 enim
1102 1464 1349 1535 deesse
1390 1468 1763 1555 Ciceroni,
1801 1487 2030 1563 quum
2093 1463 2184 1534 ad
2226 1462 2592 1553 officium,

460 1586 614 1641 tum
646 1573 733 1643 ad
765 1574 1361 1646 existimationem
1390 1600 1626 1648 meam
1654 1577 1988 1675 pertinet.
2012 1573 2398 1645 Flammam
2433 1572 2592 1643 Fla-

458 1686 762 1751 minium
801 1682 1018 1754 audio
1059 1690 1305 1757 Romae
1354 1706 1529 1759 esse.
1584 1686 1694 1759 Ad
1735 1708 1904 1759 eum
1951 1684 2247 1781 scripsi,
2297 1708 2414 1753 me
2455 1681 2590 1753 tibi

458 1790 831 1863 mandasse
864 1818 995 1891 per
1033 1794 1306 1882 literas,
1358 1809 1443 1867 ut
1484 1795 1576 1868 de
1615 1798 1944 1868 Montani
1997 1794 2292 1890 negotio
2324 1802 2380 1835 ¹¹
2419 1800 2588 1861 curn

461 1921 551 1969 eo
603 1899 987 1998 loquerere
1049 1932 1067 1973 ε
1126 1919 1198 1975 et
1240 1904 1452 1976 velim
1496 1926 1705 1977 cures
1749 1903 2124 2003 epistolam
2152 1959 2173 1990 ‚
2217 1926 2434 1999 quam
2493 1901 2590 1973 ad

456 2032 621 2079 eum
666 2014 867 2101 misi,
922 2013 1401 2103 reddendam3
1448 2030 1524 2088 et
1558 2016 1742 2113 ipse,
1798 2014 1998 2111 quod
2032 2011 2420 2085 commodo
2457 2025 2586 2081 tuo

452 2113 615 2206 fiat,
648 2141 813 2191 cum
844 2146 931 2192 eo
969 2123 1405 2221 colloquare.
1443 2129 1670 2211 Puto,
1709 2128 1768 2197 si
1801 2124 1979 2222 quid
2016 2128 2092 2194 in
2121 2123 2416 2193 homine
2447 2141 2586 2218 pu·-

450 2227 648 2300 doris
698 2244 845 2320 est,
900 2249 1397 2329 praestaturum
1442 2257 1652 2323 eum,
1708 2258 1803 2307 ne
1865 2260 2000 2333 pro
2055 2242 2210 2307 se¹²
2263 2231 2584 2330 quodam

454 2327 679 2410 modo
718 2338 1190 2437 dependatur.
1217 2351 1329 2417 De
1359 2347 1589 2418 Attica
1627 2360 2038 2444 pergratum
2091 2345 2270 2416 mihi
2326 2339 2584 2429 fecisti,

446 2449 647 2545 quod
682 2453 981 2543 curasti,
1019 2467 1103 2526 ut
1124 2453 1187 2498 ¹³
1222 2469 1389 2528 ante
1420 2459 1678 2529 scirem
1715 2469 1910 2529 recte
1943 2479 2096 2529 esse
2121 2511 2141 2542 ‚
2177 2477 2399 2552 quam
2429 2475 2584 2524 non

449 2557 639 2630 belle
666 2559 907 2634 fuisse.

514 2723 565 2772 8.
603 2724 856 2786 Quomodo
883 2743 1013 2774 nunc
1032 2739 1121 2776 est.
1145 2727 1305 2778 Verba
1332 2733 1461 2779 Leo·

440 2799 600 2855 uide,
646 2800 734 2866 qui
770 2804 837 2852 ita
875 2806 1117 2854 scribebat
1154 2823 1169 2858 ε
1210 2809 1463 2872 quomodo

1551 2736 1720 2792 uides,
1749 2746 1799 2783 et
1821 2735 1999 2783 horum
2026 2735 2176 2784 ceteri
2201 2731 2379 2781 similes
2399 2751 2440 2782 ο.
2476 2733 2573 2780 En.

1625 2818 1678 2868 9.
1713 2801 1856 2855 Κατὰ
1883 2807 2034 2872 μίτον.
2078 2808 2168 2855 Per
2197 2803 2334 2853 flium
2349 2839 2365 2864 ,
2412 2803 2578 2867 singu-¹

440 2890 575 2928 nuno
623 2893 725 2939 est,
783 2881 961 2934 Cicero
1010 2883 1143 2934 filins
1194 2887 1465 2938 laudandus

439 2971 511 3008 est
553 2975 568 3009 ε
614 2960 775 3010 adhuc
821 2963 1095 3014 laudandus
1146 2977 1221 3014 est
1244 3001 1260 3025 ,
1304 2968 1465 3017 adhuc

443 3055 556 3086 eum
595 3056 695 3089 non
732 3051 931 3106 possum
968 3061 1070 3092 non
1101 3044 1339 3097 laudate:
1380 3059 1465 3096 aut

438 3115 558 3180 quld
607 3119 779 3170 simile.
820 3121 975 3186 Epist.
1023 3125 1083 3171 18
1126 3123 1272 3185 hujus
1316 3125 1431 3174 libri
1446 3158 1461 3186 ,

435 3206 485 3244 et
503 3213 581 3261 ep.
608 3212 689 3260 17,
712 3199 799 3250 lib.
822 3202 940 3248 XV.
964 3203 1125 3252 Coun.
1148 3230 1219 3239 —
1242 3207 1461 3270 Apparet

434 3287 594 3324 autem
634 3277 767 3326 hunc
802 3273 1047 3328 hominem
1094 3282 1239 3330 fuisse
1285 3299 1459 3348 magna

432 3357 720 3404 auctoritate
774 3369 823 3406 et
880 3359 1263 3420 existimatione,
1308 3377 1461 3426 quum

1551 2885 1706 2934 latim.

1630 2980 1712 3013 10.
1735 2964 1816 3012 Al.
1841 2979 2134 3029 cognossem.
2158 2966 2209 3012 J.
2229 2965 2291 3014 V.
2321 2965 2374 3012 L.

1629 3051 1712 3092 ιἰ.
1752 3045 1824 3090 De
1847 3043 2074 3092 Montani
2095 3043 2304 3108 negotio.
2335 3039 2470 3105 Quid
2503 3039 2572 3089 si-

1551 3123 1750 3188 guffieet
1771 3125 1876 3188 ipse
1900 3123 2114 3172 declarat
2133 3124 2328 3189 epistol.
2356 3121 2452 3186 ⁵2,
2483 3123 2572 3172 ub.

1549 3207 1670 3254 ΧΠ.
1696 3204 1844 3254 Mu.

1626 3301 1707 3334 ια.
1739 3285 1819 3332 Ne
1839 3299 1932 3347 pro
1957 3299 2038 3343 se,
2066 3294 2160 3332 etc.
2191 3285 2319 3331 Puto
2345 3281 2450 3329 fore
2468 3315 2483 3340 ,
2512 3292 2572 3329 ut

1548 3361 1652 3428 lpse
1689 3361 1847 3412 solvat
1875 3362 2010 3426 quod
2041 3361 2222 3412 Planco
2256 3359 2438 3409 debet:
2467 3371 2570 3408 non

434 3435 608 3484 Cicero
641 3434 771 3484 filius
800 3436 862 3484 ad
888 3437 1116 3486 Tironem
1151 3440 1216 3486 ἰυι
1240 3441 1453 3506 scribat;
1545 3454 1604 3492 nt
1627 3443 1894 3494 Montanus
1919 3458 2045 3507 prm
2071 3458 2164 3507 pro
2189 3441 2278 3488 ino
2309 3438 2566 3504 dependat.

436 3534 461 3554 α
503 3513 709 3562 multum
762 3513 905 3564 etiam
961 3533 1150 3565 mecum
1210 3529 1283 3566 est
1341 3520 1459 3585 Epi·
1545 3524 1696 3571 Inna.

439 3604 593 3640 crates
620 3594 851 3658 princeps
872 3596 1238 3646 Atheniensium
1265 3607 1312 3647 et
1330 3599 1455 3648 Leo-

1623 3603 1703 3652 13.
1731 3601 1879 3651 Deest
1907 3611 1964 3649 m
1983 3601 2036 3649 in
2063 3599 2242 3649 multis.
2266 3601 2316 3649 J.
2337 3599 2407 3648 V.
2435 3599 2493 3646 1..

1050 3836 1944 3874 -ῴ--α-
