3019 4681
590 355 721 449 ¹74
1212 351 1311 420 Μ.
1368 353 1441 422 Τ.
1498 353 2084 426 CICERONIS

572 478 692 548 nia
728 488 899 546 sunt
942 497 1109 544 cum
1149 474 1447 560 ceteriS,
1490 471 1749 545 fortius
1783 471 2044 562 feram3
2083 471 2307 571 idque
2345 489 2432 546 ut
2464 473 2728 564 facias,

572 600 644 655 te
670 583 997 655 obtestor
1023 597 1245 680 atque
1282 581 1609 654 obsecro.
1650 589 1803 680 Ego
1829 585 1905 654 in
1932 583 2350 682 cistophoro
2379 582 2409 628 ³
2453 587 2526 656 in
2551 587 2731 658 Asia

575 693 813 767 habeo
850 691 941 764 ad
978 695 1117 764 H-S
1160 692 1277 763 bis
1317 706 1407 764 et=
1430 697 1668 764 vicies,
1707 695 1938 789 Hujus
1974 697 2300 790 pecuniae
2339 708 2727 792 permuta-

571 808 767 878 tione
818 803 1035 875 fidem
1092 817 1413 874 nostram
1466 802 1675 876 facile
1731 803 2024 876 tuebere
2074 833 2091 876 ε
2144 831 2364 902 quam
2417 806 2725 903 quidem

570 940 705 1013 ego
734 915 869 986 nisi
904 911 1313 1010 expeditam
1348 913 1764 1012 relinquere
1802 930 2204 1014 putassem,
2237 915 2588 989 credens⁴
2623 917 2722 1004 ei,

570 1026 689 1096 cui
720 1039 802 1095 tu
830 1025 965 1094 scis
998 1025 1146 1118 jam
1190 1022 1474 1120 pridem
1506 1027 1805 1096 minime
1849 1023 2176 1113 credere,
2203 1042 2722 1114 ‚commoratus

567 1158 794 1204 essem
832 1131 1254 1230 paullisper,
1298 1158 1433 1204 nec
1486 1134 1920 1209 domesticas
1965 1161 2081 1208 res
2124 1136 2507 1234 impeditas
2541 1137 2718 1208 reli-

568 1245 883 1342 quissem
911 1271 925 1313 ε
958 1241 1057 1314 ob
1088 1267 1394 1340 eamque
1423 1267 1710 1315 causam
1735 1247 1964 1318 serius
1989 1246 2078 1316 ad
2105 1260 2177 1316 te
2207 1245 2478 1334 scrib0,
2505 1245 2718 1343 quod

566 1379 728 1427 sero
772 1354 1128 1441 intellexi,
1178 1353 1355 1452 quid
1395 1355 1802 1426 timendum
1837 1371 2046 1430 esset.
2089 1361 2192 1428 Te
2233 1357 2450 1428 etiam
2489 1370 2713 1453 atque

570 1469 787 1538 etiam
820 1491 991 1553 or0,
1036 1481 1120 1536 ut
1166 1489 1283 1536 me
1327 1479 1568 1536 totum
1597 1465 1950 1538 tuendum
1982 1467 2360 1565 suscipias;
2397 1481 2516 1555 ut,
2557 1469 2620 1537 si
2661 1467 2714 1535 ii

565 1575 738 1646 salvi
760 1587 1009 1662 erunt,
1034 1573 1467 1671 quibuscum
1500 1599 1660 1648 sum
1679 1630 1700 1664 ,
1735 1600 1882 1646 una
1907 1601 2070 1646 cum
2098 1578 2182 1646 iis
2211 1578 2481 1675 possim
2512 1577 2710 1647 inco-

564 1688 779 1757 lumis
815 1710 1006 1771 esse,
1057 1685 1513 1782 salutemque
1561 1709 1796 1756 meam
1846 1682 2358 1758 benivolentiae
2409 1699 2550 1756 tuae
2587 1710 2708 1757 ac-

564 1811 847 1895 ceptam
892 1793 1181 1868 referre.

635 1931 685 1978 3.
714 1929 1009 1994 Ciuoplzoro.
1039 1929 1239 1978 Nummi
1266 1943 1421 1992 genus
1447 1927 1590 1975 Asia-
1679 1955 1752 1967 --
1767 1929 1842 1976 De
1868 1928 2155 1996 dstophoro
2179 1928 2262 1978 adi
2282 1939 2404 1978 orat.
2427 1943 2520 1993 pro
2541 1931 2704 1977 Domo

562 2010 666 2060 tici.
706 2011 845 2057 Hanc
882 2009 1134 2072 pecuniam
1172 2009 1344 2057 Cicero
1360 2041 1375 2066 ,
1407 2024 1471 2054 ex
1500 2007 1590 2055 ad·
1675 2023 1761 2056 aua
1775 2045 1789 2070 ,
1809 2025 1919 2073 cap.
1940 2025 2023 2069 20,
2047 2020 2097 2057 et
2113 2009 2179 2057 ad
2198 2011 2303 2057 Aa.
2329 2009 2398 2067 11,
2419 2009 2469 2068 6,
2487 2007 2574 2055 ubi
2594 2007 2704 2056 vide

560 2089 915 2139 ministratione
942 2087 1129 2136 ciliciae
1150 2103 1254 2134 uno
1282 2102 1413 2140 auno
1438 2087 1588 2135 eolle-
1673 2099 1832 2136 notas.
1863 2089 1957 2136 En.

558 2169 845 2234 ctam‚apud
854 2168 1141 2233 publicanos
1154 2167 1374 2230 reliquit:
1391 2166 1586 2224 deinde,
1747 2175 1798 2223 4.
1847 2166 2052 2214 Credens
2097 2164 2162 2215 ei.
2210 2165 2478 2216 Philotimo
2519 2165 2698 2214 libes-to

559 2249 697 2314 quod
733 2249 801 2297 ibi
837 2248 998 2295 minus
1030 2257 1140 2294 tuto
1174 2247 1277 2294 sore
1311 2245 1584 2305 videbatur,
1670 2245 1942 2302 Terentia,
1988 2244 2070 2294 oui
2111 2261 2274 2294 rerum
2325 2245 2698 2294 domesticarum

562 2329 811 2379 dimidiam
854 2329 951 2375 sere
988 2337 1176 2392 partem
1215 2326 1377 2390 exegit
1394 2363 1409 2387 ‚
1444 2337 1492 2375 et
1521 2325 1586 2374 ad
1673 2324 2138 2375 administrationem
2152 2324 2554 2385 commiserat,ad
2565 2327 2699 2373 Pom-

558 2411 817 2476 Eguatium
828 2408 1150 2471 argentarium
1162 2406 1424 2455 transtulit.
1441 2408 1587 2455 Mur.
1675 2406 1842 2471 peium
1861 2406 2187 2475 profecturus.
2211 2407 2419 2459 Por-au.

557 2560 1383 2587 mmm-mmmmm
1391 2561 1477 2582 m
1484 2560 1756 2584 mm
1763 2559 2226 2590 mmmm
2233 2557 2700 2582 mmmm

1236 2718 1821 2801 EPISTOLA
1885 2719 2002 2796 II.

559 2893 702 2946 Rem
742 2884 1081 2943 familiarem
1108 2882 1285 2941 Attici
1318 2902 1473 2939 curae
1515 2880 1882 2939 commendat
1901 2924 1918 2953 ,
1965 2880 2374 2957 miseriamque
2401 2894 2586 2939 status
2610 2880 2698 2937 sui

714 2982 1003 3063 deplorat.
1034 2981 1143 3059 (In
1166 2980 1371 3057 Epiro,
1400 2998 1557 3038 anno
1585 2982 1654 3039 U.
1682 2981 1749 3037 C.
1789 2986 1932 3051 704,
1959 2998 2158 3040 mense
2179 2976 2541 3058 sebasan-io.)

1234 3142 1549 3206 CICERO
1595 3140 1903 3205 ATTICO
1953 3142 2016 3207 S.

648 3284 958 3349 ermms
1003 3290 1159 3345 tuas
1200 3276 1441 3370 accepi
1491 3271 1725 3370 pridie
1762 3296 1994 3343 nonas
2033 3270 2218 3344 febr.
2261 3299 2499 3371 eoque
2536 3278 2694 3371 ipso

552 3392 668 3463 die
704 3414 793 3461 ex
826 3400 1259 3459 testamento
1297 3384 1532 3454 crevi¹
1580 3382 2070 3455 hereditatem.
2109 3388 2212 3453 Ex
2237 3386 2486 3456 multis
2517 3387 2694 3456 meis

632 3552 677 3583 1.
714 3531 865 3581 crevi.
892 3532 952 3577 Iu
978 3538 1268 3577 testamento
1295 3526 1435 3573 heres
1460 3528 1578 3575 seri·

554 3628 667 3680 ptus
690 3612 933 3669 interdum
954 3608 1237 3672 rogabatur,
1256 3605 1579 3668 jubebaturve

548 3694 867 3745 hereditatem
890 3706 1085 3739 eernere
1110 3689 1239 3737 iutra
1263 3698 1449 3735 eertum
1476 3685 1580 3733 die-

550 3792 661 3823 rum
678 3772 911 3836 spatium,
934 3769 1085 3818 veluti
1108 3767 1303 3815 -Titiua
1318 3767 1463 3829 heres⁶
1472 3774 1578 3813 esto

554 3852 839 3916 cernitoque
854 3852 905 3897 in
918 3860 1113 3899 eentum
1134 3846 1307 3895 diebus
1326 3845 1578 3910 proximis,

552 3933 733 3998 quihus
752 3931 917 3979 scieris
934 3928 1216 3993 poterisque
1234 3948 1277 3974 ιο.
1299 3926 1403 3973 Nec
1429 3926 1580 3973 iuter·

552 4026 656 4061 erat
686 4022 852 4060 utrum
875 4011 986 4072 quis
1020 4022 1231 4072 praseae
1255 4022 1319 4055 au
1353 4021 1440 4070 per
1468 4005 1576 4069 epi-

550 4092 725 4141 stolam
756 4098 1001 4147 cerneret,
1037 4085 1307 4134 dnmmodo
1340 4085 1577 4135 solemnia

1667 3544 1724 3579 ac
1755 3527 1970 3591 legitima
2006 3528 2238 3579 cretionis
2265 3528 2412 3595 foeba
2452 3529 2694 3592 proferret

1667 3608 1722 3659 iu
1747 3606 1878 3655 hunc
1899 3607 2098 3657 modum
2121 3622 2136 3657 ε
2169 3630 2194 3653 ι
2211 3610 2470 3670 Quamne
2485 3609 2693 3657 Mevius

1666 3686 1894 3737 herodem
1923 3686 2218 3746 instituerit,
2245 3704 2350 3737 mm
2375 3686 2692 3736 hereditatem

1665 3766 1791 3817 adeo
1826 3781 2074 3829 neruoque
2093 3788 2146 3825 n,

1667 3846 1720 3894 iu
1754 3846 1913 3893 Instit.
1944 3857 1992 3895 et
2019 3846 2236 3895 Isidorus
2258 3846 2348 3895 lib.
2373 3851 2438 3903 V,
2473 3846 2687 3909 Etymol.

1663 3928 1860 3975 Portu.
1885 3950 1960 3961 —-
1985 3926 2114 3990 Ergo
2141 3942 2292 3991 quum
2319 3926 2515 3975 Atticus
2548 3926 2688 3975 Cice·-

1665 4004 1778 4055 roni
1803 4007 2070 4056 nuntiasset
2103 4006 2420 4057 hereditatem
2453 4008 2528 4055 ini
2553 4005 2686 4055 ohti-

1663 4086 1818 4149 giaae‚
1865 4101 2014 4150 quam
2061 4088 2168 4151 ipae
2209 4097 2431 4135 creturus
2475 4086 2542 4134 ait
2583 4085 2684 4149 ejus

2183 3776 2241 3817 ut
2269 3768 2418 3817 tradit
2454 3766 2690 3829 Ulpianus
2796 3824 2806 3834 ι
