3019 4681
574 375 711 450 568
1212 381 1309 448 Μ.
1360 381 1439 448 Τ.
1491 378 2044 450 CICERONIS

565 514 807 571 motus
828 553 849 589 ‚
897 513 1243 572 vetarent.
1283 503 1555 572 Verum
1597 523 1732 596 ego
1768 501 1992 598 magis
2045 501 2316 570 exitum
2336 551 2356 585 ‚
2395 498 2690 571 illorum

558 608 781 714 literis
798 661 818 696 ‚
863 633 1079 706 quam
1125 633 1253 707 spe
1288 623 1482 681 certa
1511 608 2048 708 exspectabam:
2073 613 2255 681 Nam
2295 607 2476 706 quid
2525 633 2691 707 spe-

560 743 752 808 rem,
798 721 1297 818 potentissimo
1348 721 1678 807 inimic0‚
1719 719 2212 790 dominatione
2247 717 2691 790 obtrectato-

560 854 754 914 rum,
810 827 1225 900 infidelibus
1278 831 1553 917 amiciS,
1607 828 1942 927 pluribus
1977 829 2286 901 invidis?
2332 835 2442 900 De
2481 833 2692 902 novis

556 953 795 1010 autem
833 938 1141 1009 tribunis
1178 939 1407 1036 plebis
1442 953 1551 1012 est
1579 940 1700 1012 ille
1733 939 2030 1038 quidem
2065 940 2138 1010 in
2175 965 2292 1011 me
2321 938 2694 1011 officiosis-

556 1049 779 1118 simus
804 1051 1086 1120 Sextius
1104 1101 1123 1136 ‚
1152 1063 1258 1136 et,
1286 1075 1499 1147 spero
1521 1104 1538 1138 ‚
1557 1051 1845 1122 Curtius
1861 1051 1916 1136 4,
1946 1050 2158 1137 Milo,
2186 1049 2444 1122 Fadius
2462 1105 2483 1137 ‚
2512 1055 2689 1121 Gra-

554 1154 861 1244 tidius⁵;
910 1156 1039 1228 sed
1078 1156 1281 1230 valde
1324 1159 1749 1230 adversante
1785 1157 2078 1246 Clodio;
2113 1160 2242 1254 qui
2275 1163 2492 1228 etiam
2536 1160 2686 1255 pri·

552 1280 758 1336 vatus
776 1265 1027 1338 eadem
1052 1291 1271 1338 manu
1292 1271 1560 1365 poterit
1583 1271 1970 1339 conciones
1987 1269 2388 1356 concitare;
2417 1266 2690 1340 deinde

552 1378 767 1446 etiam
788 1377 1218 1449 intercessor
1234 1377 1626 1475 parabitur.
1647 1381 1812 1448 Haec
1837 1377 2016 1448 mihi
2032 1376 2512 1477 proficiscenti
2533 1403 2684 1449 non

549 1487 1187 1585 proponebantur;
1240 1486 1362 1559 sed
1413 1511 1602 1585 saepe
1639 1487 1881 1559 triduo
1923 1512 2204 1560 summa
2251 1513 2419 1558 cum
2459 1488 2690 1585 gloria

555 1595 845 1668 dicebar
881 1621 1033 1668 esse
1060 1597 1445 1669 rediturus.
1484 1596 1680 1689 Quid
1711 1613 1794 1669 tu
1823 1599 2083 1694 igitur?
2108 1602 2413 1695 inquies.
2451 1598 2690 1688 Quid?

552 1708 777 1778 multa
800 1723 1337 1796 convenerunt,
1368 1733 1531 1805 quae
1561 1724 1877 1778 mentem
1911 1706 2379 1779 exturbarent
2413 1733 2685 1780 meam:

549 1816 786 1889 subita
821 1817 1128 1890 defectio
1172 1819 1542 1916 Pompeii,
1603 1817 1936 1890 alienatio
1981 1817 2362 1890 consulum
2386 1872 2406 1907 ‚
2467 1822 2686 1891 etiam

550 1939 978 2025 praetorum,
1048 1930 1265 1998 timor
1331 1927 1884 2025 publicanorum
1899 1926 1958 2011 ⁶,
2021 1951 2234 1998 arma.
2319 1933 2686 2024 Lacrymae

550 2062 878 2109 meorum
905 2063 1023 2110 me
1047 2039 1133 2110 ad
1162 2051 1472 2110 mortem
1506 2039 1610 2108 ire
1639 2035 2217 2134 prohibuerunt;
2256 2036 2456 2134 quod
2487 2053 2685 2110 certe

547 2163 621 2219 et
646 2145 738 2218 ad
766 2148 1217 2220 honestatem
1241 2202 1260 2236 ,
1302 2163 1375 2220 et
1409 2147 1501 2219 ad
1535 2145 1988 2247 effugiendos
2023 2145 2515 2218 intolerabiles
2550 2148 2684 2219 do-

527 2257 730 2328 ‘lores
768 2255 904 2329 fuit
930 2261 1402 2358 aptissimum.
1448 2260 1589 2332 Sed
1632 2258 1722 2330 de
1763 2259 1909 2329 hoc
1945 2259 2195 2355 scripsi
2238 2256 2328 2328 ad
2371 2273 2442 2328 te
2489 2260 2566 2328 in
2604 2283 2682 2329 ea

541 2368 873 2464 epistola,
902 2394 1121 2466 quam
1149 2372 1584 2443 Phaethonti
1616 2369 1802 2441 dedi.
1835 2371 2049 2439 Nunc
2081 2379 2161 2437 tu
2182 2422 2203 2455 ‚
2225 2368 2579 2463 quoniam
2607 2370 2678 2439 in

539 2491 824 2548 tantum
889 2477 1168 2551 luctum
1237 2496 1310 2551 et
1370 2480 1696 2552 laborem
1760 2479 2096 2550 detrusus
2137 2502 2214 2548 es
2238 2534 2258 2567 ‚
2320 2492 2680 2573 quantum

542 2610 758 2657 nemo
794 2612 1143 2685 umquam
1184 2616 1199 2657 ε
1238 2595 1296 2661 si
1334 2591 1648 2662 relevare
1685 2604 1892 2688 potes
1937 2612 2398 2659 communem
2431 2612 2678 2659 casum

544 2696 1026 2769 misericordia
1062 2698 1483 2789 hominum3
1521 2700 1830 2772 scilicet7
1869 2696 2292 2769 incredibile
2327 2697 2676 2794 quiddam

539 2810 968 2902 assequeris:
1007 2811 1119 2877 sin
1158 2808 1371 2905 plane
1404 2810 1799 2881 occidimus
1839 2808 2004 2903 (me
2033 2808 2380 2878 miserum
2403 2805 2506 2901 !)·;
2544 2833 2676 2905 ego

541 2914 882 2988 omnibus
916 2920 1092 2989 meis
1120 2920 1335 2991 exitio
1371 2917 1613 3008 fuero,
1647 2918 1915 3017 quibus
1944 2932 2112 2989 ante
2145 2916 2486 2988 dedecori
2525 2944 2674 2990 non

610 3161 655 3207 4.
684 3152 907 3217 Pighius,
926 3153 991 3203 ad
1013 3171 1126 3204 ann.
1165 3153 1296 3219 696,
1323 3153 1467 3204 docet
1492 3154 1562 3202 le-

546 3232 761 3295 gendum
792 3250 893 3281 ense
916 3234 1100 3283 Curius.
1123 3237 1244 3283 LV.
1260 3237 1315 3283 L.

617 3312 665 3359 5.
696 3312 961 3363 Gratidius.
991 3316 1120 3363 nene
1146 3315 1366 3365 Lamhiu.
1388 3316 1564 3365 admo-

542 3403 692 3439 nente
715 3393 943 3441 Munatio
958 3404 1007 3441 et
1023 3394 1221 3457 Pighius
1238 3394 1401 3445 collat.
1430 3407 1560 3445 orat.

541 3485 633 3533 pro
645 3470 837 3530 sextio,
874 3488 980 3537 cap.
1002 3472 1068 3521 35
1084 3506 1099 3531 ,
1128 3473 1561 3536 reponereq'ubent

540 3548 797 3597 fabricius.
826 3552 921 3598 Hic
956 3553 1083 3599 enim
1107 3562 1401 3599 memoratur
1434 3554 1560 3599 inter

544 3626 768 3676 tribunos
795 3628 952 3691 plebis
966 3664 981 3687 ,
1020 3629 1105 3691 qui
1146 3630 1447 3693 rogationem
1484 3640 1561 3679 tu-

542 3704 703 3753 lerunt
728 3705 789 3754 de
818 3707 1055 3756 Cicerone
1076 3708 1373 3759 revocando.
1394 3710 1487 3757 En.

611 3782 661 3828 6.
704 3784 1085 3835 Public-anorum
1120 3803 1279 3835 arma.
1322 3790 1465 3835 Forte
1500 3787 1558 3835 id

538 3868 609 3907 est
633 3862 773 3921 quod
796 3864 949 3923 dixit,
979 3876 1221 3929 «propter
1240 3866 1409 3915 nescio
1430 3882 1557 3931 quos

536 3949 752 3987 motus».
782 3942 857 3989 Ex
876 3944 1025 3991 armis
1050 3956 1211 3993 autem
1240 3946 1437 4009 gravior
1470 3962 1556 3995 ex·

536 4015 665 4063 sistit
697 4017 825 4067 inter
858 4021 992 4069 cive·
1018 4022 1285 4073 dimensio:
1310 4035 1361 4073 et
1384 4024 1449 4073 ad
1474 4041 1552 4072 re-

464 4164 467 4173 .
536 4093 836 4145 stituendum
882 4099 1169 4149 Ciceronem
1214 4118 1399 4151 summa
1450 4120 1555 4153 om·

1651 3156 1787 3203 nium
1823 3153 2080 3201 consensio
2115 3152 2465 3217 requirebatur.
2493 3156 2672 3202 Verum

1652 3232 1771 3297 quid
1810 3233 1850 3280 si
1885 3232 2026 3280 aliter
2069 3232 2423 3295 distinguatur,
2473 3233 2574 3289 uic,
2599 3234 2669 3282 iu·

1651 3312 1826 3375 quam?
1871 3310 2155 3359 «Alienatio
2194 3309 2455 3359 consulum
2475 3342 2492 3369 ‚
2527 3313 2669 3359 etiam

1651 3402 1946 3455 praetorum,
1985 3389 2135 3437 timor
2158 3388 2536 3453 publicanorum
2552 3426 2568 3448 ,
2591 3407 2667 3439 ut·

1651 3484 1728 3515 ma
1745 3491 1790 3515 a.
1841 3468 1969 3517 Mihi
2011 3467 2210 3532 quidem
2249 3467 2464 3531 placent
2505 3469 2665 3533 magis.

1647 3548 1856 3595 Mum-r.

1720 3644 1768 3687 7.
1815 3625 2021 3675 Scilicet.
2076 3625 2172 3675 Hic
2223 3623 2289 3673 ad
2331 3624 2666 3674 affirmandim

1645 3715 1932 3769 usurpatur,
1951 3720 2058 3753 non
2068 3715 2123 3752 ut
2132 3702 2384 3751 interdum
2399 3738 2416 3765 ,
2433 3720 2550 3752 cum
2565 3704 2662 3751 iro·

1644 3784 1744 3841 nia,
1780 3799 1890 3847 quae
1912 3783 2122 3848 negandi
2159 3784 2258 3829 vim
2297 3782 2468 3830 habet.
2505 3784 2662 3830 Potest

1641 3863 1784 3911 etiam
1821 3861 1903 3911 hic
1945 3862 2085 3911 locus
2109 3861 2250 3909 aliter
2277 3860 2539 3925 distingui,
2577 3876 2660 3907 uec

1643 3942 1808 4006 inepte
1823 3976 1840 3999 ,
1859 3941 1958 3990 sic:
1987 3963 2014 3985 ιι
2031 3940 2082 3989 Si
2103 3940 2260 3988 levare
2275 3950 2424 4004 potes
2451 3954 2658 3987 commu·

1643 4036 1752 4069 nem
1797 4036 1960 4069 casum
1973 4054 1990 4081 ,
2034 4018 2364 4069 misericordia
2407 4018 2654 4067 hominum

1642 4098 1826 4149 scilicet
1845 4132 1862 4159 ‚
1885 4096 2172 4149 incredibile
2193 4094 2460 4161 quiddam,
2483 4106 2576 4145 etc.
2589 4116 2614 4136 ι·
