3019 4681
605 377 1137 449 EPISToLAE
1188 379 1383 450 clc.
1435 380 1568 449 ET
1617 378 1972 465 mmm,
2024 400 2134 473 19.
2297 374 2443 473 699

305 520 625 597 quaerere
640 550 661 587 ‚
704 499 841 571 nisi
888 524 1007 571 me
1061 499 1329 573 utilitas
1378 502 1686 573 civitatis
1739 500 1934 575 forte
1981 501 2442 573 converterit.

306 608 617 704 Majores
672 624 917 683 autem
972 625 1217 709 partes
1262 614 1485 683 animi
1535 628 1607 685 te
1639 668 1660 703 ‚
1703 614 2177 709 Cassiumque
2219 611 2450 708 respi-

310 719 533 789 ciunt.
578 718 1075 810 Quamobrem
1117 722 1217 793 ita
1256 737 1331 795 te
1382 748 1556 821 para
1575 776 1596 812 ‚
1638 729 1856 795 Brute
1875 774 1895 813 ‚
1931 737 2017 794 ut
2051 717 2408 817 intelligas
2435 772 2454 805 ‚

309 843 471 916 aut,
518 832 577 901 si
610 830 753 901 hoc
780 844 1113 928 tempore
1146 829 1338 929 bene
1376 858 1489 905 res
1531 848 1732 932 gesta
1755 836 1886 922 sit,
1914 831 2046 905 tibi
2075 830 2452 903 meliorem

308 938 836 1036 rempublicam
874 964 1029 1013 esse
1063 938 1499 1029 faciendam
1547 958 1676 1015 aut
1699 999 1719 1033 ,
1765 947 1826 1014 si
1871 942 2050 1041 quid
2085 939 2452 1013 offensum

310 1049 441 1137 sit,
470 1073 605 1147 per
640 1064 712 1123 te
740 1075 895 1124 esse
919 1050 1249 1127 eamdem
1274 1052 1868 1152 recuperandam.

310 1204 505 1253 notavit
520 1202 705 1251 Gellius
722 1202 810 1252 lib.
826 1205 879 1262 1,
897 1219 1009 1269 cap.
1038 1221 1086 1265 7.
1104 1204 1165 1252 In
1182 1204 1335 1255 nei-
1424 1206 1564 1254 nium
1595 1206 1840 1273 ducesque
1867 1204 1990 1271 reip.
2023 1201 2164 1251 brevi
2191 1202 2354 1250 futura
2381 1200 2458 1247 vi-

310 1282 487 1347 igitnr,
522 1284 575 1331 in
604 1299 845 1349 pugnam,
882 1298 995 1347 qun
1018 1282 1148 1333 inter
1172 1289 1337 1335 Anto-
1426 1285 1652 1337 debatur.
1677 1288 1827 1335 Mu.

306 1420 399 1439 m
410 1416 1059 1439 mmmm

1430 1408 2458 1443 mmm-mmmmm

952 1564 1554 1647 EPISTOLA
1629 1568 1815 1647 XX.

314 1732 404 1787 De
429 1726 627 1787 Planci
653 1727 885 1805 emgio
912 1726 975 1785 in
1005 1744 1191 1805 remp.
1218 1728 1447 1800 animo,
1498 1740 1559 1787 et
1589 1729 1708 1788 suis
1735 1746 1867 1787 cum
1899 1728 2143 1789 Servilio
2171 1728 2233 1786 in
2261 1736 2458 1787 senatu

398 1824 477 1883 de
522 1824 739 1883 Planco
780 1824 1255 1885 contentionibus
1273 1870 1290 1898 ,
1322 1824 1538 1904 quibus
1565 1844 1698 1885 eum
1721 1826 1955 1885 tandem
1984 1825 2170 1903 fregit.
2195 1826 2462 1903 (Romae,

397 1942 551 1981 anno
570 1926 647 1983 U.
672 1924 737 1983 C.
764 1941 909 1997 710,
936 1941 1133 1981 mense
1160 1923 1375 2001 aprili.)

1015 2080 1331 2145 CICERO
1373 2078 1660 2145 BRUTO
1707 2080 1776 2146 S.

417 2214 716 2283 Pmmcl'
771 2211 1093 2284 animum
1140 2214 1217 2282 in
1258 2212 1784 2309 rempublicam
1811 2214 2214 2311 egregium,
2245 2211 2466 2308 legio-

320 2348 486 2412 neS‚
521 2321 816 2412 auxilia,
843 2322 1085 2421 copias
1118 2347 1206 2396 ex
1233 2320 1459 2395 literis
1494 2323 1690 2421 ejus,
1717 2349 2024 2424 quarum
2057 2320 2464 2420 exemplum

320 2434 459 2506 tibi
492 2436 788 2507 missum
817 2432 1167 2522 arbitror,
1204 2437 1618 2533 perspicere
1663 2436 1984 2534 potuisti.
2021 2433 2318 2537 Lepidi,
2361 2433 2470 2502 tui

322 2543 746 2631 necessarii,
806 2542 939 2640 qui
1007 2541 1412 2615 secundum
1477 2543 1777 2618 fratrem
1804 2557 1833 2589 ²
1887 2543 2142 2618 affines
2211 2542 2475 2630 habet,

323 2679 511 2754 quos
546 2653 818 2742 oderit,
862 2656 1235 2752 proximos
1265 2710 1285 2745 ‚
1344 2653 1705 2728 levitatem
1754 2671 1826 2728 et
1867 2657 2421 2728 inconstantiam
2449 2707 2469 2742 ‚

324 2765 796 2860 animumque
849 2789 1137 2862 semper
1186 2765 1558 2837 inimicum
1613 2767 2027 2866 reipublicae
2060 2768 2206 2863 jam
2253 2763 2470 2837 credo

325 2875 462 2946 tihi
514 2900 603 2947 ex
658 2887 951 2945 tuorum
1018 2875 1244 2947 literis
1292 2900 1445 2948 esse
1500 2893 1986 2976 perspectum.
2017 2881 2164 2948 Nos
2218 2897 2470 2972 exspe-

326 2991 545 3058 ctatio
590 2984 965 3072 sollicitat,
1023 3010 1184 3082 quae
1248 3000 1356 3056 est
1414 2992 1653 3058 omnis
1705 2989 1856 3084 jam
1915 2990 1994 3058 in
2063 3001 2465 3058 extremum

328 3094 639 3167 adducta
681 3093 1089 3164 discrimen.
1146 3093 1269 3164 Est
1310 3097 1501 3164 enim
1562 3120 1726 3195 spes
1797 3097 2036 3169 omnis
2113 3097 2186 3166 in
2252 3100 2474 3164 Bruto

328 3204 819 3304 expediendo,
850 3203 943 3275 de
972 3228 1123 3301 quo
1166 3203 1630 3278 vehementer
1667 3207 2123 3280 timebamus,
2163 3209 2314 3301 Ego
2354 3203 2474 3274 hic

328 3341 497 3388 cum
536 3315 833 3385 homine
890 3307 1168 3385 furioso
1214 3317 1382 3387 satis
1439 3314 1678 3388 habeo
1732 3312 2082 3415 negotii3,
2130 3312 2471 3399 Servilio,

328 3451 553 3525 quem
606 3425 742 3496 tuli
785 3425 1097 3513 diutiuS,
1145 3450 1367 3522 quam
1422 3423 1730 3522 dignitas
1787 3449 1948 3498 mea
1998 3423 2409 3526 patiebatur
2453 3449 2469 3492 :

330 3537 457 3610 sed
493 3536 631 3608 tuli
670 3534 1089 3636 reipublicae
1140 3561 1390 3627 causa,
1433 3562 1532 3642 ne·
1567 3537 1814 3610 darem
1854 3535 2153 3638 perditis
2193 3530 2474 3606 civibus

330 3649 749 3739 bominem,
790 3671 1050 3745 parum
1110 3671 1368 3719 sanum
1426 3645 1633 3720 illum
1683 3647 2020 3747 quidem,
2067 3645 2193 3718 sed
2232 3659 2470 3715 tamen

407 3830 454 3862 1.
491 3811 687 3861 Planci.
721 3811 950 3861 Comana
980 3809 1235 3876 designati.
1267 3813 1359 3859 En.
1452 3811 1625 3861 dendoe
1647 3813 1774 3878 reip.
1798 3814 1944 3862 facta.
1973 3809 2262 3860 Plutarchus
2287 3808 2341 3856 in
2367 3808 2475 3857 An-

405 3908 456 3940 a.
500 3893 735 3941 Fratrem.
778 3891 951 3956 Lepidi
990 3891 1139 3939 frater
1171 3890 1267 3938 fuit
1304 3892 1361 3940 L.
1450 3891 1606 3942 tonio.
1631 3893 1778 3942 Man.

332 3969 553 4030 Paullus,
578 3971 666 4034 qni
690 3968 995 4017 consulatum
1013 3985 1125 4016 cum
1143 3969 1200 4018 C.
1222 3963 1363 4017 Mar·
1523 3965 1570 4012 3.
1591 3963 1720 4012 Satis
1737 3961 1889 4012 habeo
1905 3956 2104 4029 negotii.
2121 3957 2351 4008 Eandem
2372 3973 2470 4010 rem

334 4051 460 4098 cello
485 4061 709 4114 gesserat.
736 4051 859 4098 Mox
880 4065 907 4096 a
930 4049 1075 4098 fratre
1100 4049 1163 4098 ad
1192 4065 1359 4098 necem
1447 4043 1618 4091 scribit
1663 4041 1803 4090 etiam
1845 4043 1910 4090 ad
1959 4041 2192 4091 Plancum
2215 4073 2230 4098 ‚
2269 4037 2472 4104 epistola

340 4129 573 4192 traditus,
608 4129 836 4178 societate
874 4145 901 4176 a
936 4129 1203 4177 triumviris
1244 4143 1359 4192 pet-
1447 4121 1558 4171 data
1577 4139 1641 4172 m
1671 4121 1739 4171 id.
1756 4123 1900 4188 april.
1921 4121 2038 4206 vid..
2067 4118 2130 4168 ad
2153 4119 2268 4168 Div.
2287 4119 2366 4177 X,
2395 4131 2473 4163 xa.
