3019 4681
616 404 1149 485 EPISTOLAE
1199 412 1335 483 AD
1385 410 1884 505 ΑΤΤῙΟΠΜ,
1924 417 2128 501 xlv,
2190 440 2295 512 19.
2397 418 2542 503 413

1034 790 1629 871 EPISTOLA
1681 794 1928 872 XIX.

420 961 757 1040 Respondet
784 963 937 1021 binis
978 962 1156 1022 literis
1182 962 1257 1021 ab
1288 964 1480 1022 Attico
1513 966 1781 1045 acceptis.
1827 965 1850 1045 (
1871 971 1938 1025 In
1964 970 2322 1045 Pompeiano
2337 1010 2356 1041 ,
2399 990 2552 1029 anno

1068 1064 1144 1119 U.
1186 1064 1251 1119 C.
1287 1081 1435 1139 709,
1480 1082 1676 1121 mense
1706 1063 1921 1142 maie.)

1086 1237 1400 1302 CICERO
1443 1236 1772 1303 ATTICO
1817 1230 1882 1304 S.

515 1388 702 1457 Non.
738 1388 899 1455 mai.
933 1410 1165 1480 quum
1193 1410 1421 1457 essem
1450 1386 1528 1455 in
1565 1388 2042 1484 Pompeiano,
2075 1390 2317 1487 accepi
2344 1387 2554 1461 binas

420 1520 463 1565 a
496 1509 567 1566 te
604 1495 877 1581 litera,
918 1495 1178 1565 alteras
1224 1510 1431 1566 sexto
1476 1496 1628 1580 die,
1669 1496 1925 1567 alteras
1959 1513 2240 1592 quarto.
2287 1498 2398 1570 Ad
2434 1524 2556 1570 su-

420 1606 741 1703 periores
778 1606 995 1700 igitur
1036 1606 1255 1703 prius·
1297 1608 1534 1695 Quam
1577 1604 1754 1675 mihi
1793 1605 2236 1697 jucundum,
2283 1632 2556 1706 oppor-

422 1729 598 1786 tune
650 1714 781 1785 tibi
834 1719 1207 1786 Barnaeum
1260 1715 1502 1785 literas
1554 1712 1970 1785 reddidisse.
2014 1719 2122 1785 Tu
2165 1740 2337 1787 vero
2382 1741 2550 1787 cum

420 1824 698 1907 Cassio,
742 1837 825 1895 ut
856 1838 1115 1896 cetera.
1136 1826 1371 1913 Quam
1413 1822 1794 1897 commode
1843 1838 2126 1911 autem,
2161 1825 2361 1921 quod
2389 1836 2440 1915 ¹,
2479 1826 2556 1899 id

420 1936 701 2031 ipsum,
764 1931 966 2031 quod
1020 1958 1133 2005 me
1186 1959 1485 2022 moneS,
1543 1932 1982 2030 quatriduo²
2041 1948 2206 2005 ante
2254 1932 2344 2005 ad
2388 1960 2557 2007 eum

420 2048 882 2143 scripseram,
932 2044 1495 2141 exemplumque
1539 2067 1868 2115 mearum
1919 2042 2290 2115 literarum
2343 2044 2435 2115 ad
2485 2059 2558 2117 te

420 2150 777 2221 miseram.
826 2149 965 2221 Sed
1011 2174 1241 2246 quum
1281 2147 1670 2221 Dolabellae
1711 2150 1916 2243 ἀτισίᾳ
1955 2148 2109 2245 (sic
2135 2154 2326 2220 enim
2358 2164 2439 2221 tu
2467 2150 2559 2222 ad

422 2282 538 2329 me
586 2259 1020 2358 scripseras)
1066 2284 1325 2356 magna
1381 2259 1883 2358 desperatione
1932 2257 2235 2330 affectus
2287 2284 2559 2346 essem,

423 2393 589 2440 ecce
627 2367 759 2439 tibi
799 2385 871 2442 et
914 2374 1155 2458 Bruti,
1194 2385 1268 2441 et
1295 2385 1437 2441 tuae
1478 2371 1722 2443 literae.
1762 2370 1891 2441 Ille
1919 2371 2297 2471 exsilium}
2327 2371 2559 2443 medi-

421 2481 575 2550 tari.
621 2483 772 2551 Nos
808 2494 1049 2552 autem
1092 2481 1311 2552 alium
1352 2495 1652 2578 portum
1673 2477 1700 2524 ⁵
1739 2481 2154 2578 propiorem
2181 2480 2352 2552 huic
2375 2483 2563 2552 aetati

418 2589 843 2663 videbamus
878 2616 892 2659 ε
941 2593 1019 2662 in
1071 2615 1291 2689 quem
1333 2590 1622 2662 mallem
1673 2588 2012 2688 equidem
2057 2586 2394 2687 pervehi,
2431 2590 2564 2662 flo-

420 2716 625 2772 rente
646 2706 872 2772 Bruto
901 2716 1154 2772 nostro
1171 2757 1190 2786 ‚
1212 2703 1754 2797 constitutaque
1777 2699 2170 2798 republica.
2203 2698 2345 2772 Sed
2364 2725 2565 2772 nunc

420 2810 755 2907 quidem,
807 2824 891 2882 ut
930 2809 1227 2895 scribiS,
1278 2837 1427 2883 non
1470 2825 1718 2882 utrum
1765 2812 1893 2881 vis.
1940 2811 2322 2880 Assentiris
2363 2811 2560 2880 enim

420 2921 634 3007 mihi,
674 2934 993 2992 nostram
1030 2935 1309 2994 aetatem
1352 2946 1395 2992 a
1430 2920 1674 2993 castris
1699 2973 1719 3008 ,
1757 2921 2150 3017 praesertim
2196 2917 2560 3007 civilibus,

422 3027 838 3102 abhorrere.
880 3033 1240 3102 Antonius
1285 3029 1372 3102 ad
1415 3054 1530 3100 me
1569 3043 1847 3100 tantum
1892 3027 1982 3099 de
2019 3026 2276 3097 Clodio
2312 3029 2564 3098 rescri-

423 3141 605 3234 psit,
644 3163 877 3208 meam
915 3139 1283 3210 lenitatem
1321 3154 1393 3211 et
1433 3139 1892 3210 clementiam
1928 3152 2002 3209 et
2038 3136 2173 3208 sibi
2213 3161 2368 3207 esse
2401 3159 2559 3232 gra-

424 3263 569 3318 tam
592 3305 612 3338 ,
647 3261 721 3328 et
760 3247 938 3318 mihi
973 3250 1329 3349 voluptati
1368 3273 1642 3347 magnae
1682 3246 1856 3319 fore.
1889 3244 2028 3320 Sed
2060 3251 2288 3318 Pansa
2317 3242 2559 3316 furere

498 3451 547 3486 1.
580 3440 697 3485 Vox
721 3436 947 3485 Ernestio
974 3449 1228 3503 suspecte,
1257 3439 1339 3488 eni
1362 3455 1451 3503 pn·
1609 3445 1658 3494 4.
1689 3437 1951 3486 Exsilium.
1978 3437 2176 3484 Scilicet
2202 3435 2387 3482 Italiam
2421 3435 2562 3484 relin-

422 3531 531 3563 rum
566 3515 758 3579 elegans
788 3514 981 3564 videtur
1011 3516 1148 3580 quod
1178 3527 1275 3565 tam
1310 3518 1449 3566 brevi
1535 3534 1704 3582 quere.
1732 3519 1824 3566 En.

422 3595 681 3644 intervallo
704 3595 950 3644 iteratum.
978 3599 1040 3645 Et
1065 3613 1204 3658 nne,
1228 3598 1271 3646 si
1292 3597 1445 3658 absit,
1609 3592 1660 3646 5.
1671 3595 2382 3660 Aliamporeum.Morsp01-tns
2398 3595 2567 3658 proxi·

422 3691 567 3723 nemo
596 3673 850 3722 desidera·
880 3674 1013 3726 LV.
1038 3679 1092 3724 1..
1142 3665 1147 3674 ’
1535 3692 1645 3724 mm
1657 3675 2184 3732 senectutiAEeneCnto
2199 3675 2560 3722 senem-«Mon

493 3771 545 3802 α.
574 3753 851 3818 Quart-idua
867 3765 1005 3804 ante.
1032 3754 1221 3820 Nempe
1236 3757 1310 3802 Π
1326 3770 1445 3804 non.
1535 3755 1658 3802 mihi
1675 3753 1873 3818 quidem
1894 3763 1992 3801 um
2012 3752 2228 3814 iucunda
2255 3763 2330 3800 est
2345 3787 2360 3812 ,
2379 3764 2433 3802 ut
2459 3769 2562 3816 qno

421 3834 554 3880 maii.
578 3833 722 3882 Cous.
745 3848 825 3907 ep²
857 3847 938 3892 17.
968 3835 1059 3882 En.
1418 3871 1437 3884 .
1535 3833 1740 3899 propius
1773 3831 1833 3880 nd
1870 3841 2076 3880 mortem
2129 3831 2382 3890 accedam,
2420 3832 2560 3896 qnasi

494 3913 543 3960 3.
571 3897 756 3977 Ᾱτισίᾳ.
782 3907 989 3959 Defectu
1014 3911 1291 3961 solutionis.
1326 3915 1445 3962 Ver·
1533 3923 1710 3961 terram
1733 3911 1898 3958 videre
1915 3910 2098 3968 videar,
2117 3909 2479 3974 aliquandoque
2506 3911 2560 3957 in

424 3991 539 4038 bum
568 3989 790 4038 Emestio
812 3989 1005 4040 videnu-
1028 3991 1243 4044 imolem
1270 4003 1318 4040 et
1341 3992 1444 4040 sor·
1533 4001 1732 4057 portum
1751 4007 1812 4038 ex
1828 3990 1972 4053 longa
1994 3990 2298 4052 navigatione
2314 4005 2416 4036 esse
2439 4005 2558 4035 ven·

426 4081 547 4117 tasse
560 4070 1444 4132 abAtticosactumjoeoseadfonnam
1536 4082 1732 4118 turus».
1751 4072 1944 4118 Portu.
1976 4095 2046 4105 --
2078 4068 2208 4116 Male
2239 4069 2464 4117 Gronov.
2497 4067 2558 4114 do

426 4147 625 4205 ἀσιτίας.
655 4151 747 4198 En.
1538 4165 1726 4198 secessu
1753 4148 2110 4214 intelligiussn.
