3019 4681
628 321 1150 395 EPIsToLAE
1199 324 1334 394 AD
1384 324 1477 413 Q.
1530 320 2048 413 FRATREM,
2080 325 2153 412 1,
2204 351 2269 397 2.
2386 323 2525 426 557

386 448 724 546 paginam
756 460 1078 517 tenerem
1101 498 1122 533 ,
1157 450 1238 515 L.
1274 446 1553 518 Flavius
1572 500 1595 532 ‚
1633 460 1905 543 praetor
1940 446 2351 546 designatus
2370 503 2391 537 ‚
2435 448 2527 521 ad
2564 504 2569 509 -

387 580 504 628 me
535 557 770 643 venit,
814 555 1038 626 homo
1075 555 1256 626 mihi
1287 553 1496 628 valde
1538 554 1927 629 familiaris.
1967 560 2039 628 Is
2076 557 2253 628 mihi
2274 604 2297 648 ‚
2326 574 2401 631 te
2436 560 2527 633 ad

390 679 900 766 procuratores
933 689 1104 737 suos
1143 665 1386 737 literas
1417 667 1737 755 misisse3
1776 691 1939 764 quoe
1968 658 2150 739 inihi
2162 670 2327 741 visae
2360 684 2532 747 sunt

389 777 858 874 iniquissimae
896 802 912 844 :
953 801 1046 847 ne
1077 776 1258 873 quid
1289 774 1380 848 de
1405 775 1623 849 bonis
1644 832 1663 863 ‚
1691 800 1855 873 quae
1890 782 1968 849 L.
1994 780 2271 849 Octavii
2310 782 2533 851 Naso-

392 888 504 957 nis
547 884 890 974 suissent‚
949 888 1066 957 cui
1117 890 1193 957 L.
1239 886 1521 959 Flavius
1572 884 1781 957 heres
1838 899 1991 971 est,
2033 886 2537 960 deminus-rent

392 1010 600 1081 ante,
642 1019 864 1091 quam
899 999 978 1067 C.
1031 992 1406 1067 Fundanio
1435 997 1823 1096 pecuniam
1866 995 2267 1067 solvissent.
2320 1001 2539 1070 Item·

393 1130 542 1202 que
580 1107 860 1176 misisse
915 1102 1008 1175 ad
1070 1105 1735 1203 Apollonidienses‚
1787 1130 1883 1177 ne
1932 1103 2025 1177 de
2080 1105 2339 1191 bonis,
2376 1132 2541 1205 quae

393 1216 670 1287 Octavii
703 1213 1011 1285 fuissent
1032 1268 1055 1302 ‚
1084 1213 1407 1287 deminui
1431 1229 1855 1313 paterentur
1871 1270 1892 1302 ‚
1912 1216 2331 1313 priusquam
2354 1220 2541 1287 Fun-

394 1324 616 1396 danio
660 1321 986 1395 debitum
1011 1324 1332 1396 solutum
1355 1339 1561 1395 esset.
1580 1330 1746 1396 Haec
1765 1324 1947 1395 mihi
1963 1324 2371 1396 verisimilia
2388 1348 2540 1395 non

391 1434 734 1506 videntur
767 1460 784 1504 t
823 1447 993 1504 sunt
1036 1436 1228 1504 enim
1249 1458 1288 1504 a
1313 1434 1702 1533 prudentia
1734 1448 1859 1505 tua
1890 1435 2389 1506 remotissima.
2428 1438 2539 1507 Ne

395 1544 774 1615 deminuat
810 1543 1070 1614 heres?
1097 1544 1295 1634 Quid
1321 1545 1381 1615 si
1417 1540 1897 1615 infitiatur²⁵?
1938 1542 2115 1640 quid
2140 1544 2199 1615 si
2232 1546 2539 1615 omnino

395 1677 552 1725 non
585 1652 940 1726 debetur?
978 1653 1158 1750 quid
1189 1654 1220 1724 ἐ’
1252 1668 1517 1751 praetor
1537 1650 1605 1699 ²⁶
1650 1653 1834 1725 solet
1875 1652 2198 1749 judicare
2239 1652 2538 1725 deberi?

397 1762 592 1854 Quid
628 1764 658 1833 Ρ
691 1787 826 1861 ego
873 1762 1252 1835 Fundanio
1301 1789 1454 1835 non
1505 1766 1723 1863 cupio
1752 1762 1783 1833 ?
1819 1788 1971 1833 non
2017 1763 2291 1835 amicus
2324 1764 2541 1835 sum?

394 1897 553 1944 non
583 1870 1068 1944 misericordia
1111 1873 1455 1944 moveor?
1485 1878 1721 1947 Nemo
1760 1873 2026 1971 magis3
2062 1870 2187 1944 sed
2216 1877 2329 1943 via
2358 1872 2543 1967 juris

398 1978 757 2075 ejusmodi
809 1995 918 2053 est
957 1981 1390 2078 quibusdam
1453 1984 1532 2054 in
1570 1982 1791 2055 rebus
1822 2037 1843 2069 ‚
1884 1998 1967 2054 ut
2026 1982 2209 2054 nihil
2260 1986 2353 2055 sit
2401 1982 2545 2053 loci

397 2092 660 2188 gratiae.
705 2094 944 2188 Atque
983 2093 1083 2163 ita
1109 2092 1284 2161 mihi
1321 2090 1609 2165 dicebat
1650 2093 1933 2165 Flavius
1962 2094 2315 2191 scriptum
2352 2096 2431 2163 in
2458 2115 2545 2163 ea

401 2200 742 2299 epistola,
786 2225 1008 2299 quam
1042 2216 1242 2272 tuam
1278 2226 1432 2274 esse
1465 2200 1793 2293 dicebat,
1840 2218 1911 2274 te
1960 2216 2087 2274 aut
2125 2202 2330 2299 quasi
2362 2204 2543 2273 ami-

401 2313 504 2384 cis
547 2311 694 2383 tuis
749 2314 1010 2409 gratias
1075 2325 1448 2402 acturum,
1483 2326 1613 2385 aut
1660 2314 1867 2410 quasi
1906 2313 2218 2384 inimicis
2265 2311 2547 2385 incom-

401 2422 620 2495 moda
641 2422 981 2493 laturum.
1009 2421 1206 2515 Quid
1235 2422 1515 2496 multa?
1545 2421 1822 2496 ferebat
1848 2423 2199 2521 graviter,
2218 2421 2293 2494 id
2322 2422 2547 2495 vehe-

401 2547 690 2603 menter
735 2555 1024 2603 mecum
1094 2534 1541 2630 querebatur
1573 2589 1593 2623 ,
1664 2533 2067 2633 orabatque
2102 2589 2123 2622 ‚
2178 2548 2263 2605 ut
2320 2533 2413 2618 ad
2477 2547 2553 2604 te

403 2668 624 2741 quam
683 2641 1229 2740 diligentissime
1279 2643 1667 2716 scriberem
1719 2670 1738 2713 τ
1792 2645 1995 2742 quod
2039 2642 2225 2716 facio
2246 2695 2269 2730 ‚
2330 2656 2407 2716 et
2474 2657 2551 2714 te

403 2779 704 2852 prorsus
736 2753 1209 2826 vehementer
1246 2759 1462 2827 etiam
1516 2771 1736 2853 atque
1784 2758 2001 2828 etiam
2056 2779 2237 2852 rogo
2257 2807 2278 2842 ‚
2352 2766 2438 2824 ut
2472 2767 2551 2823 et

403 2861 998 2963 procuratoribus
1037 2864 1254 2936 Flavii
1303 2867 1627 2937 remittas
1679 2865 1771 2937 de
1818 2862 2311 2936 deminuendo
2334 2873 2398 2920 ²⁷
2420 2913 2441 2948 ‚
2476 2873 2550 2931 et

405 2975 496 3046 de
532 2974 1282 3073 Apollonidiensibus‚
1323 2999 1416 3046 ne
1441 2972 1617 3072 quid
1655 2974 2057 3072 perscribas
2077 3027 2097 3060 ,
2136 2969 2337 3068 quod
2378 2993 2552 3042 con-

405 3098 516 3156 tra
551 3085 872 3158 Flavium
911 3088 1038 3173 sit,
1080 3085 1431 3183 amplius,
1471 3099 1545 3156 et
1590 3084 1808 3156 Flavii
1864 3107 2119 3170 causa,
2169 3096 2243 3152 et
2278 3080 2552 3152 scilicet

406 3197 776 3294 Pompeii,
835 3193 1048 3266 facias
1111 3197 1378 3266 omnia.
1459 3194 1651 3268 Nolo
1691 3193 1975 3266 medius
2015 3190 2233 3263 fidius
2277 3213 2366 3262 ex
2427 3201 2554 3260 tua

405 3305 670 3402 injuria
699 3307 776 3378 in
813 3306 1053 3395 illum,
1099 3302 1234 3376 tibi
1260 3303 1633 3376 liberalem
1672 3327 1789 3376 me
1821 3302 2092 3390 videri3
2124 3299 2253 3372 sed
2288 3313 2361 3370 et
2376 3293 2441 3342 ²⁸
2472 3312 2551 3370 te

478 3506 566 3554 25.
601 3504 655 3554 δι’
675 3502 931 3572 infitiatur.
955 3503 1137 3554 Deberi
1163 3503 1430 3568 quidquam
1521 3502 1673 3552 dicari
1703 3501 1979 3568 oportebat.
2012 3501 2187 3549 Monet
2214 3497 2364 3562 igitur
2388 3496 2551 3560 Quin-

407 3583 682 3633 Fundanio.
704 3584 851 3633 Mu.
1520 3592 1627 3630 m
1640 3615 1655 3640 ‚
1689 3593 1859 3629 eoum
1893 3577 2293 3630 madium
2322 3591 2435 3624 enm
2466 3575 2551 3624 fe—

481 3663 568 3710 26.
593 3665 798 3712 Praetor.
826 3665 1036 3724 Precor,
1054 3672 1112 3710 ut
1135 3660 1189 3710 in
1212 3660 1344 3709 libro
1369 3660 1434 3709 de
1522 3661 1668 3718 eisne,
1690 3659 1775 3724 qni
1788 3658 2081 3720 judicaverit
2102 3655 2289 3704 deberi.
2312 3657 2463 3703 lm.

413 3741 626 3805 Legibus
648 3739 947 3789 ostendimus
963 3774 980 3802 ,
1021 3755 1124 3789 non
1157 3739 1433 3800 iudicabat,
1594 3755 1683 3801 ²7·
1716 3737 1949 3788 Remieeas
1976 3737 2041 3785 do
2066 3733 2396 3786 dnh-iuuencis».
2426 3734 2549 3782 Per-

411 3819 500 3868 κά
537 3820 620 3880 ius
669 3819 880 3868 diceb-t.
931 3819 1227 3868 Judicabant
1272 3829 1436 3868 autem
1526 3817 1689 3867 mittan
1712 3828 1769 3866 ut
1797 3817 1861 3866 de
1892 3817 2035 3866 bonis
2060 3813 2257 3864 Octavii
2282 3813 2555 3862 diminuere

405 3899 600 3960 judices
622 3914 651 3945 a
677 3909 886 3964 pretore
911 3898 1040 3956 dati,
1062 3915 1214 3963 quum
1238 3898 1348 3946 aliis
1373 3899 1434 3948 de
1467 3887 1478 3892 “
1524 3899 1733 3962 possint.
1761 3899 1911 3947 Ionan.

412 3977 572 4025 cousin
590 4011 606 4036 ,
635 3987 737 4024 tum
769 3978 913 4026 etiam
939 3977 1000 4026 de
1027 3978 1086 4025 iia
1102 4013 1117 4039 ‚
1147 3979 1200 4024 in
1227 3977 1406 4042 quibu·
1422 4012 1437 4037 ,
1597 3978 1684 4023 28.
1708 3974 1808 4022 Sed
1829 3985 1878 4022 ee
1904 3987 1973 4035 ee,
2000 3985 2097 4024 etc.
2120 3970 2273 4024 Mum
2299 3969 2465 4020 delent
2490 3978 2555 4016 ee-

413 4056 562 4120 petita
589 4055 796 4120 pecunia
821 4055 1078 4104 deberetur
1099 4071 1282 4117 necne,
1305 4055 1438 4116 diju·
1529 4054 1561 4102 J
1564 4087 1579 4102 .
1599 4054 1662 4101 V.
1684 4053 1739 4100 L.
