3019 4681
476 469 568 488 m
574 463 1120 487 mmm
1126 463 2328 490 mmmmmmmmm
2333 454 2609 487 mm

982 700 2082 807 ARGUMENTUM

850 960 1132 1029 LIBRI
1183 960 1572 1030 DECIMI
1619 960 1743 1029 ET
1791 958 2219 1049 QUARTI.

474 1172 619 1227 'free
645 1168 895 1245 amplius
916 1188 1141 1228 menses
1168 1169 1345 1229 nullae
1372 1182 1604 1229 exstant
1633 1170 1862 1249 scripte
1891 1169 2100 1229 litera:
2123 1186 2196 1226 ex
2223 1164 2408 1225 tertiis
2437 1163 2605 1225 vide-

552 1264 689 1323 licet
715 1264 1149 1339 Saturnalibus,
1187 1286 1319 1346 quae
1350 1266 1584 1327 fuerunt
1629 1271 1749 1328 XII
1784 1266 1906 1344 jan.
1935 1265 2012 1325 ad
2051 1277 2201 1345 post.
2235 1262 2320 1323 id.
2343 1263 2610 1336 martias,

554 1379 676 1439 quo
694 1360 791 1420 die
806 1365 995 1420 Caesar
1009 1361 1231 1423 occisus
1248 1375 1352 1421 est.
1375 1362 1616 1423 Occisus
1634 1376 1722 1422 est
1740 1378 1954 1435 autem,
1969 1375 2036 1421 ut
2048 1360 2302 1421 Velleius
2315 1361 2416 1434 ait,
2427 1378 2610 1437 quum

551 1459 811 1539 quinque
834 1478 1057 1519 menses
1074 1476 1209 1540 post
1237 1461 1489 1523 reditum
1516 1483 1588 1523 ex
1604 1461 1882 1541 Hispania
1911 1465 2116 1521 Romae
2132 1458 2348 1519 fuisset.
2368 1458 2610 1534 Scriptae

441 1621 456 1630 ,
552 1569 691 1615 sunt
748 1572 940 1616 autem
983 1558 1105 1632 hae,
1158 1564 1241 1618 M.
1270 1562 1565 1635 Antonio,
1612 1575 1671 1620 et
1712 1566 1776 1620 P.
1810 1560 2082 1619 Cornelio
2109 1556 2414 1617 Dolabella
2460 1574 2606 1615 coss.

550 1656 705 1711 Nam
732 1652 782 1711 is
801 1695 817 1721 ,
851 1654 1160 1714 interfecto
1188 1660 1449 1730 Caesare,
1493 1657 1674 1715 fa5ces
1702 1656 1927 1727 statim,
1959 1668 2025 1713 ut
2052 1654 2135 1713 ait
2160 1651 2526 1723 Pater-culus„
2549 1662 2610 1711 et

554 1746 797 1826 insignia
822 1752 1155 1811 consulatus
1181 1750 1292 1811 sibi
1322 1753 1606 1832 arripuit,
1632 1765 1802 1811 antea
1823 1751 2153 1829 designatus
2180 1748 2254 1807 ab
2277 1749 2406 1825 illo,
2436 1764 2608 1826 quem

554 1844 665 1904 sibi
698 1845 1106 1922 substitueret,
1137 1848 1199 1907 in
1230 1849 1479 1909 Parthos
1504 1848 1897 1929 proficiscens.
1920 1848 2233 1908 Continent
2260 1864 2405 1903 vero
2429 1842 2608 1923 potis·

552 1942 762 2022 §imum
816 1944 961 2023 reip.
1014 1958 1410 2025 tempestates,
1462 1966 1625 2025 qum,
1663 1946 1768 2005 ino
1815 1964 1996 2015 caeso,
2043 1957 2416 2021 consequutae
2455 1952 2608 2001 sunt.

556 2041 762 2099 Cicero
796 2040 1034 2118 quidem
1060 2044 1263 2121 primis
1292 2044 1407 2103 inis
1436 2041 1674 2116 diebus,
1700 2062 1880 2121 quum
1909 2054 2170 2102 senatum
2193 2041 2256 2099 in
2281 2058 2446 2099 suam
2471 2058 2608 2098 sen-

557 2138 795 2196 tentiam
822 2140 1217 2217 perduxisset,
1239 2155 1308 2201 ut
1330 2141 1654 2201 eommunis
1686 2139 2011 2203 concordia
2039 2158 2243 2211 causa,
2265 2136 2609 2214 injuriarum

555 2235 834 2296 memoria
872 2230 1222 2315 sempiterna
1253 2237 1547 2297 oblivione
1577 2238 1898 2312 tolleretur,
1927 2242 2114 2297 Roma
2145 2254 2406 2313 egressus
2435 2248 2522 2293 est
2545 2232 2606 2293 in

554 2349 689 2389 suas
718 2330 909 2405 villas,
948 2331 1102 2392 unde
1134 2330 1298 2393 dedit
1322 2332 1427 2394 has
1452 2334 1681 2409 literas,
1711 2335 1887 2394 modo
1917 2333 2074 2415 spei,
2119 2332 2296 2394 modo
2331 2331 2608 2412 despera-

556 2428 729 2486 tionis
766 2429 986 2507 plenas.
1035 2431 1311 2490 Privatim
1358 2451 1502 2492 vero
1543 2433 1842 2492 continent
1869 2433 2165 2512 querelam
2205 2431 2280 2489 de
2324 2427 2608 2489 ementitis

555 2524 699 2584 actis
733 2527 1005 2584 Caesaris:
1055 2526 1274 2586 factum
1309 2526 1661 2587 Dolabellae:
1702 2528 1776 2587 de
1814 2530 2047 2589 Amatio
2077 2527 2411 2586 humillimae
2437 2524 2608 2584 sortis

556 2622 824 2692 homine,
863 2623 967 2700 qui
1011 2643 1182 2686 ausus
1214 2625 1405 2684 fuerat
1442 2625 1503 2683 in
1537 2628 1601 2684 C.
1633 2626 1806 2684 Marii
1835 2645 2050 2684 nomen
2080 2617 2386 2695 invadere,
2431 2641 2607 2699 seque

556 2739 671 2799 pro
694 2733 911 2800 nepote
938 2721 1091 2780 illius
1121 2741 1352 2802 gerere:
1384 2737 1443 2782 et
1471 2722 1784 2782 domestica
1809 2723 2074 2801 quaedam
2100 2721 2403 2804 privatius.
2443 2724 2608 2783 Datne

557 2829 692 2877 sunt
720 2832 871 2898 post.
902 2817 982 2878 id.
1011 2833 1180 2884 mart.
1208 2820 1282 2880 ad
1306 2823 1451 2882 XVI
1473 2820 1706 2882 circiter
1727 2819 1839 2880 kal.
1863 2819 2029 2898 junii.
