3019 4681
406 342 534 429 ‘26
1085 356 1181 425 Μ.
1232 355 1310 425 T.
1365 356 1937 424 CICERONIS

433 480 646 553 ceriae
687 477 931 549 multis
971 474 1431 549 sermonibus
1483 476 1903 549 denuntiata
1959 491 2099 565 est,
2158 500 2377 575 quam
2415 485 2583 551 uni-

437 614 656 663 versae
680 587 738 635 ¹³
784 590 1114 660 interitus
1173 614 1189 657 z
1239 602 1471 658 tantas
1531 591 1607 658 in
1678 586 2137 684 confligendo
2202 592 2583 688 utriusque

435 702 623 771 vires
653 698 866 771 video
900 695 1200 781 futuras.
1243 695 1480 767 Habes
1509 698 1999 793 conjecturam
2034 722 2288 770 meam.
2324 706 2430 771 Tu
2461 726 2583 772 au-

434 825 584 883 tem
629 806 1140 881 consolationis
1184 805 1488 878 fortasse
1532 806 1801 903 aliquid
1848 810 2287 904 exspectasti
2341 834 2357 878 τ
2402 810 2587 880 nihil

437 920 770 1005 inveni03
815 916 998 989 nihil
1033 916 1191 987 fieri
1243 931 1480 1015 potest
1530 918 1861 987 miserius
1889 971 1907 1003 ,
1966 918 2147 987 nihil
2190 919 2583 1015 perditiuS,

432 1026 614 1099 nihil
651 1025 939 1099 foedius.
963 1024 1182 1116 Quod
1209 1027 1502 1123 quaeriS,
1542 1025 1721 1122 quid
1752 1030 1983 1097 Caesar
2008 1026 2097 1097 ad
2132 1054 2247 1099 me
2286 1032 2585 1129 scripse-

436 1141 573 1235 rit-3
613 1134 816 1234 quod
861 1158 1046 1233 saepe
1093 1164 1110 1207 ε
1155 1138 1637 1232 gratissimum
1696 1134 1835 1206 sibi
1896 1162 2083 1225 esse,
2138 1140 2340 1235 quod
2379 1145 2583 1237 quie-

437 1249 615 1334 rim3
651 1261 955 1344 oratque
987 1300 1006 1331 ,
1060 1246 1136 1317 in
1179 1271 1266 1316 eo
1309 1260 1396 1315 ut
1432 1269 1907 1342 perseverem.
1952 1247 2211 1317 Balbus
2242 1248 2309 1303 ¹4
2345 1251 2588 1318 minor

439 1358 602 1431 haec
639 1356 890 1429 eadem
935 1354 1292 1429 mandata.
1330 1361 1479 1425 Iter
1520 1370 1763 1426 autem
1808 1356 1963 1451 ejus
2001 1372 2150 1429 erat
2186 1357 2276 1427 ad
2316 1362 2587 1429 Lentu-

439 1467 596 1539 lum
641 1466 1016 1539 consulem
1069 1490 1237 1537 cum
1300 1466 1523 1536 literis
1583 1468 1921 1554 Caesaris,
1974 1469 2587 1567 praemiorumque

441 1578 852 1676 promissis,
891 1578 948 1645 si
969 1580 1270 1647 Romam
1289 1578 1713 1647 revertisset.
1744 1581 2049 1661 Verum,
2088 1602 2317 1674 quum
2346 1578 2587 1650 habeo

441 1689 802 1759 rationem
839 1684 1156 1773 dierum,
1198 1702 1364 1757 ante
1401 1702 1583 1784 puto
1620 1692 2201 1759 transmissurum
2224 1687 2287 1735 ¹⁵
2310 1744 2329 1775 ,
2366 1715 2589 1787 quam

445 1798 768 1896 potuerit
825 1796 1218 1867 conveniri.
1298 1796 1785 1895 Epistolarum
1835 1800 2166 1893 Pompeii
2236 1796 2588 1883 duarum,

443 1930 622 2003 quas
657 1904 750 1977 ad
795 1931 912 1977 me
947 1908 1172 1989 misit,
1215 1907 1721 2004 negligentiam
1744 1961 1762 1993 ,
1808 1930 2187 2002 meamque
2222 1908 2299 1977 in
2336 1910 2589 1977 rescri-

443 2016 689 2089 bendo
729 2016 1164 2113 diligentiam
1195 2018 1393 2087 volui
1416 2017 1550 2087 tibi
1572 2031 1817 2087 notam
1854 2040 2025 2086 esse.
2057 2020 2317 2089 Earum
2344 2040 2591 2087 exem-

447 2126 567 2225 pla
595 2125 686 2196 ad
712 2141 780 2196 te
808 2129 993 2197 misi.
1021 2128 1313 2199 Caesaris
1337 2126 1458 2196 hic
1485 2150 1617 2223 per
1642 2126 1977 2222 Apuliam
2005 2124 2094 2195 ad
2128 2126 2591 2196 Brundisium

450 2260 700 2307 cursus
739 2235 914 2331 quid
949 2234 1242 2321 efficiat,
1285 2250 1646 2332 exspecto.
1702 2235 1997 2305 Utinam
2048 2234 2321 2333 aliquid
2362 2236 2593 2306 simile

445 2347 789 2418 Parthicis
820 2344 1161 2418 rebusffi!
1202 2346 1429 2415 Simul
1473 2346 1741 2443 aliquid
1785 2345 2123 2434 audierO,
2162 2345 2469 2419 scribam
2504 2345 2595 2417 ad

448 2472 542 2528 te.
579 2462 688 2529 Tu
719 2457 809 2528 ad
846 2483 961 2528 me
1003 2458 1212 2528 velim
1267 2455 1631 2526 bonorum
1689 2482 2058 2528 sermones
2100 2485 2115 2527 :
2160 2463 2404 2528 Romae
2450 2455 2591 2527 sre-

451 2582 762 2664 quentes
800 2591 954 2638 esse
991 2567 1357 2637 dicuntur.
1397 2570 1561 2636 Scio
1608 2566 1949 2664 equidem
1988 2583 2057 2638 te
2104 2569 2177 2637 in
2216 2566 2595 2666 publicum

450 2704 602 2749 non
641 2677 970 2776 prodire3
1007 2675 1132 2748 sed
1169 2693 1410 2747 tamen
1432 2730 1451 2759 ,
1487 2676 1738 2747 audire
1760 2693 1830 2747 te
1850 2676 2104 2765 multa,
2138 2701 2428 2748 neeesse
2464 2689 2594 2745 est.

449 2790 750 2860 Memini
777 2787 1042 2858 librum
1079 2786 1213 2858 tibi
1247 2785 1486 2857 afferri
1518 2811 1557 2857 a
1592 2788 1963 2858 Demetrio
1996 2791 2331 2884 Magnete
2356 2786 2489 2883 (ad
2524 2799 2597 2855 te

451 2898 750 2965 missum
778 2895 1006 2964 scio1⁷
1025 2893 1206 2989 )περὶ
1233 2895 1515 2988 ὁμονᾳίας
1540 2889 1619 2960 ¹⁸.
1648 2897 1829 2964 Eum
1866 2893 2044 2963 mihi
2083 2893 2294 2964 velim
2330 2894 2590 2961 mittas.

452 3003 707 3091 Vides,
763 3029 978 3100 quarn
1023 3027 1306 3074 causam
1346 2997 1673 3074 mediter.

451 3141 598 3190 hahet
636 3141 932 3207 proscriptio
949 3161 967 3198 ,·
1011 3143 1236 3190 Gronov.
1283 3141 1432 3189 sectio
1453 3159 1474 3198 ,-
1566 3141 1615 3187 in
1653 3141 1935 3204 provincias
1980 3143 2308 3203 irrumpentes
2324 3175 2339 3196 ‚
2372 3151 2601 3201 magnum

448 3223 609 3270 Graem
629 3224 759 3288 conj.
779 3221 1003 3286 direptio.
1018 3223 1266 3272 Postrema
1290 3231 1476 3270 tantum
1566 3220 1780 3270 inferunt
1804 3231 2037 3268 terrorem
2060 3235 2074 3267 :
2096 3230 2259 3270 tamen
2278 3217 2410 3268 haud
2427 3231 2602 3279 magua

451 3301 637 3361 syllaba
663 3313 819 3349 exstat
849 3301 898 3348 in
935 3302 1075 3348 MSS.
1103 3300 1238 3362 Quid
1268 3301 1478 3347 voluerit
1568 3299 1809 3346 calamitas
1826 3297 2157 3360 consequitur,
2170 3297 2340 3344 iisdem
2362 3296 2601 3344 continuo

451 3381 654 3438 Cicero,
684 3379 856 3428 vident
875 3415 888 3440 ,
908 3380 958 3426 ni
980 3380 1136 3436 fallor,
1160 3395 1326 3427 omnes
1348 3395 1360 3427 :
1385 3395 1479 3443 qua
1570 3376 1948 3425 discedentibus.
1986 3378 2131 3424 Mur.
2170 3403 2238 3412 —
2272 3375 2384 3424 soh.
2423 3373 2598 3422 aliter:

457 3459 524 3506 sit
541 3475 664 3508 voce
681 3475 799 3508 usus
812 3493 826 3516 ‚
845 3461 1011 3506 nemo.
1039 3461 1190 3506 Our.
1572 3477 1593 3499 ι
1608 3457 1811 3504 Utinam
1826 3455 2041 3502 incursio
2061 3455 2261 3504 Caesaris
2278 3453 2443 3502 brevis
2460 3461 2601 3509 esset,

529 3541 609 3588 13.
647 3540 731 3588 Al.
762 3539 1110 3586 universt'm.1n
1133 3538 1366 3586 universae
1391 3540 1481 3586 int.
1572 3535 1728 3598 qualis
1764 3533 2055 3582 Parthorum
2095 3549 2253 3597 nuper
2287 3535 2339 3579 in
2384 3531 2603 3594 Syriam,

459 3619 636 3671 Italiae.
675 3619 770 3668 En.
1572 3615 1713 3678 isque
1738 3614 1961 3664 celeriter
1998 3623 2048 3662 et
2080 3612 2375 3677 inopinato,
2408 3619 2465 3658 ut
2500 3608 2603 3666 mi,

527 3708 608 3758 14.
637 3698 826 3748 Balbus
851 3697 1030 3746 minor.
1063 3699 1150 3746 Est
1187 3699 1237 3744 1..
1261 3697 1484 3746 Cornelii
1571 3695 1751 3741 rediret
1766 3714 1808 3742 ao.
1830 3695 1923 3742 En.

457 3777 626 3836 Balbi,
660 3776 751 3840 qui
799 3775 916 3824 alias
956 3776 1226 3826 Tartessius
1258 3787 1482 3834 vocatur,
1647 3787 1728 3832 17.
1754 3771 1875 3830 sch..
1894 3769 2021 3818 delet
2036 3770 2165 3820 scio.
2190 3771 2301 3818 Jum
2320 3766 2601 3817 deleverant

457 3873 520 3906 ex
543 3856 697 3904 fratre
723 3870 893 3919 nepos.
917 3855 1012 3903 En.
1573 3851 1676 3899 alii.
1702 3853 1815 3902 J.v
1844 3853 1899 3898 L.

523 3933 1144 3984 15.Transmissurum.Se.
1158 3949 1306 3982 mare.
1325 3933 1438 3980 Sca.
1646 3933 1725 3978 18.
1768 3925 1883 3993 Περὶ
1936 3925 2172 3994 ὁμονοίας.
2206 3929 2281 3974 De
2314 3925 2604 3974 eoncordia.

524 4015 608 4065 16.
635 4011 872 4062 Parthicis
889 4013 1046 4061 rebus.
1069 4015 1289 4076 Quarum
1317 4012 1478 4060 exitus
1568 4010 1697 4058 Vide
1747 4011 1809 4058 G.
1854 4011 1886 4059 J
1894 4045 1907 4056 .
1946 4008 2175 4056 Vossinm
2230 4005 2290 4054 de
2342 4004 2609 4054 Historieis

449 4096 635 4143 inanes.
666 4093 814 4157 Nam,
831 4094 920 4142 etsi
939 4091 1128 4152 Parthi,
1149 4092 1315 4142 subito
1335 4107 1482 4138 cursu
1574 4089 1776 4146 Gumis,
1800 4090 1852 4148 1,
1877 4086 1960 4134 23.
