3019 4681
453 344 595 425 412
1098 341 1197 421 Μ.
1247 341 1325 417 T,
1378 339 1938 409 CICERONIS

454 465 876 561 scripseram
895 515 916 548 ‚
946 462 1115 533 satis
1145 460 1495 532 aculeatas
1523 458 1616 531 ad
1641 458 2087 531 Dolabellam
2117 458 2353 530 literas
2379 458 2584 533 dedi:

452 596 613 670 quae
652 572 713 643 si
761 570 941 642 nihil
985 568 1430 668 profecerint
1449 626 1468 659 ‚
1509 584 1694 669 puto
1730 568 1884 641 fore
1909 624 1930 657 ‚
1979 584 2061 640 ut
2105 594 2221 641 me
2265 594 2586 667 praesen-

450 700 597 758 tem
638 710 789 757 non
828 687 1194 756 sustineat.
1244 684 1636 756 Albianum
1683 698 1756 755 te
1805 680 2201 755 confecisse
2247 682 2582 755 arbitror.

455 800 569 867 De
602 795 1017 867 Patulciano
1069 798 1369 866 nomine
1388 850 1409 881 ,
1444 793 1645 891 quod
1681 793 1860 864 mihi
1902 793 2404 892 suppeditatas
2437 818 2514 865 es
2530 804 2586 880 ²,

449 905 933 1002 gratissimum
969 917 1111 992 est,
1148 918 1221 975 et
1252 904 1485 976 simile
1527 919 1818 976 tuorum
1868 906 2226 976 omnium.
2269 903 2404 976 Sed
2452 928 2586 1001 ego

450 1018 745 1085 Erotem
776 1068 795 1103 ‚
851 1012 944 1084 ad
995 1016 1131 1084 ista
1188 1012 1638 1112 expedienda
1688 1011 1961 1085 factum
1983 1068 2002 1101 ‚
2060 1014 2236 1085 mihi
2291 1012 2586 1085 videbar

449 1123 858 1221 reliquisse3
898 1122 1105 1217 cujus
1155 1148 1309 1193 non
1350 1124 1505 1195 sine
1553 1148 1813 1222 magna
1867 1124 2080 1222 culpa
2133 1122 2581 1194 vacillarunt.

451 1231 591 1305 Sed
648 1258 815 1304 cum
868 1236 1027 1331 ipso
1083 1231 1352 1304 videro.
1412 1238 1523 1305 De
1575 1238 1926 1304 Montano
1949 1286 1970 1323 ,
2016 1248 2098 1304 ut
2147 1257 2334 1331 saepe
2381 1232 2474 1304 ad
2512 1246 2584 1303 te

456 1344 752 1441 scripsi,
795 1344 935 1414 erit
978 1342 1111 1415 tibi
1164 1356 1314 1415 tota
1366 1368 1479 1414 res
1531 1367 1740 1414 curae.
1795 1345 2084 1423 Servius
2120 1340 2585 1442 proficiscens

454 1451 657 1559 quod
686 1452 1151 1551 desperanter
1182 1467 1425 1524 tecum
1453 1454 1804 1552 loquutus
1831 1469 1974 1543 est,
2001 1454 2297 1525 minime
2327 1456 2584 1541 miror3

458 1588 698 1660 neque
740 1565 804 1635 ei
832 1558 1237 1661 'quidquam
1286 1568 1360 1633 in
1396 1561 1902 1661 desperatione
1945 1562 2290 1635 concedo.
2325 1568 2587 1634 Brutus

455 1688 734 1761 noster,
771 1672 1147 1770 singularis
1185 1674 1318 1760 vir,
1366 1674 1425 1744 si
1460 1674 1537 1744 in
1587 1688 1920 1744 senatum
1965 1698 2116 1745 non
2163 1687 2269 1745 est
2297 1671 2583 1744 kalend.

451 1782 673 1878 juniis
710 1798 1057 1855 venturus
1080 1837 1100 1871 ,
1126 1784 1305 1881 quid
1339 1780 1656 1854 facturus
1691 1784 1781 1854 sit
1811 1785 1887 1853 in
1920 1781 2081 1854 foro
2101 1836 2121 1869 ‚
2149 1785 2415 1854 nescio.
2446 1782 2587 1855 Sed
2689 1852 2696 1861 ,

458 1892 603 1965 hoc
637 1899 792 1994 ipse
826 1893 1103 1965 melius.
1148 1898 1300 1991 Ego
1342 1920 1431 1965 ex
1473 1894 1630 1983 his,
1677 1918 1838 1991 quae
1875 1896 2112 1991 parari
2148 1892 2394 1981 viden,
2436 1916 2588 1963 non

362 2056 367 2063 -
454 2004 771 2077 multum
820 2003 1063 2076 idibus
1096 2006 1369 2076 martiis
1418 2002 1828 2103 profectum
1859 2002 2136 2098 judico,
2192 2007 2446 2100 Itaque
2495 2000 2586 2073 de

460 2117 730 2187 Graecia
786 2114 1114 2213 quotidie
1164 2118 1388 2213 magis
1454 2128 1530 2186 et
1591 2115 1816 2210 magis
1873 2115 2138 2209 cogito.
2189 2116 2340 2183 Nec
2393 2114 2588 2183 enim

456 2228 682 2294 Bruto
709 2248 875 2298 meo
892 2280 911 2315 ‚
940 2225 1268 2297 exsilium
1286 2279 1306 2313 ,
1332 2239 1415 2296 ut
1444 2222 1696 2295 scribis
1723 2224 1878 2323 ipse
1895 2277 1914 2311 ,
1939 2221 2348 2309 meditanti,
2375 2222 2586 2294 video

457 2330 637 2427 quid
675 2332 1016 2430 prodesse
1052 2336 1340 2432 possim.
1380 2333 1720 2405 Leonidae
1771 2357 1890 2404 me
1939 2332 2159 2404 literae
2211 2358 2363 2404 non
2421 2335 2589 2405 satis

452 2439 923 2514 delectarunt.
964 2449 1072 2516 De
1103 2444 1388 2516 Herode
1417 2443 1551 2515 tibi
1582 2445 1952 2516 assentior.
1988 2442 2252 2516 Saufeii
2276 2440 2305 2486 ³
2338 2443 2587 2542 legisse

455 2549 737 2624 vellem.
776 2557 927 2650 Ego
966 2579 1055 2624 ex
1088 2555 1530 2652 Pompeiano
1567 2577 1638 2626 v1
1674 2553 1837 2626 idus
1867 2555 2030 2625 mai.
2069 2552 2493 2651 cogitabam.

524 2744 573 2777 2.
601 2728 730 2777 nihi
750 2730 1087 2796 suppeditatas
1112 2747 1177 2780 es.
1200 2733 1297 2779 Pro
1313 2767 1329 2794 ,
1352 2733 1473 2780 mihi
1561 2743 1640 2780 tus
1665 2749 1716 2780 es
1739 2733 1792 2780 in
1817 2732 1983 2780 locum
2015 2733 2220 2780 Petnleii
2239 2769 2254 2792 ‚
2289 2742 2341 2779 et
2370 2731 2507 2795 quod
2539 2741 2587 2779 te

453 2807 788 2872 suppeditati.
838 2810 888 2858 Si
936 2819 1095 2858 tamen
1144 2808 1285 2857 loeus
1334 2821 1475 2858 vacat
1561 2813 1666 2876 ipse
1695 2809 1904 2874 delegari
1927 2809 2059 2858 ultro
2085 2811 2146 2858 ab
2175 2812 2282 2876 ipso
2305 2809 2508 2858 voluisti
2529 2810 2586 2858 in

453 2886 648 2935 mendo.
674 2887 1152 2953 Nam,snppeditor,
1170 2905 1281 2936 eum
1299 2887 1476 2953 agendi
1560 2905 1722 2938 meum
1759 2888 2098 2948 commodum,
2129 2889 2449 2952 gratissimum
2482 2900 2590 2950 est,

454 2963 833 3030 significatione,
854 2967 1156 3014 inusitatum.
1178 2966 1300 3014 Ideo
1319 2966 1475 3030 legen·
1561 2979 1656 3016 etc.
1683 2967 1852 3017 Edidit
1873 2967 2041 3015 Lamb.
2071 2990 2096 3010 ι
2113 2969 2262 3030 Quod
2285 2967 2406 3014 mihi
2427 2967 2513 3014 sbs
2539 2978 2587 3017 te

456 3045 571 3093 dum
585 3045 1477 3109 pntsbstMontsgnsnns‚suppet1heus
1565 3045 1928 3110 suppeditatum
1946 3055 2020 3093 est
2037 3061 2091 3104 υς
2114 3061 2282 3094 verum
2297 3079 2313 3104 ‚
2337 3055 2392 3093 ut
2411 3045 2590 3094 fitetur

454 3140 506 3172 es
524 3141 543 3172 .·
569 3139 660 3188 pro
686 3123 981 3183 subvenisti,
1004 3123 1158 3172 tulisti
1176 3139 1321 3190 opem
1342 3141 1355 3173 ε
1376 3139 1475 3188 quo
1525 3159 1530 3164 -
1564 3127 1669 3190 ipse
1683 3160 1698 3185 ,
1719 3141 1782 3172 ex
1805 3124 2022 3187 ingenio.

456 3203 609 3251 verbo
640 3204 875 3268 Apuleius
894 3221 1009 3252 usus
1041 3216 1127 3256 est.
1146 3205 1286 3252 Man.
1302 3205 1478 3267 Suppe-
1637 3205 1688 3252 3.
1713 3200 1901 3266 Saufeii
1923 3203 2108 3268 legisse.
2159 3202 2372 3270 Supple,
2403 3203 2584 3266 episto-

456 3282 605 3331 u'atus
632 3285 901 3348 ingeniose.
928 3311 997 3322 --
1030 3286 1061 3332 J
1065 3286 1206 3332 unius
1233 3283 1475 3348 explieat:
1565 3282 1678 3331 lam.
1708 3283 1755 3329 Is
1783 3293 1900 3330 tune
1923 3292 2025 3330 erat
2041 3281 2261 3330 Athenis.
2290 3281 2498 3330 Videtur
2524 3281 2588 3330 de

458 3363 610 3424 Quod
628 3373 685 3412 tn
698 3363 820 3412 mihi
838 3378 947 3412 mus
967 3361 1177 3412 debendi
1194 3363 1477 3429 suppedits·
1567 3361 1820 3410 Ciceronis
1839 3359 1946 3409 filio
1965 3361 2188 3425 quedam
2207 3360 2469 3426 scripsisse.
2493 3361 2588 3411 En.
