3019 4681
518 383 663 476 664
850 393 1381 468 EPISTOLAE
1426 400 1622 469 olo.
1675 400 1804 469 ET
1853 398 2200 483 BRUTI,
2247 418 2318 492 7.

520 554 797 575 mmm

1078 558 2666 583 mmmmm

1172 708 1748 790 EPISTOLA
1810 709 2012 791 VII.

526 858 596 912 L.
630 852 903 915 Bibulum
936 868 999 915 ut
1024 856 1085 915 in
1110 860 1307 917 Pansae
1340 860 1532 918 locum
1559 860 1854 933 nominet,
1891 878 1960 917 ac
1981 858 2249 937 pontifex
2271 857 2472 915 minor
2495 877 2664 917 cree-

607 938 721 1025 tur,
752 964 936 1031 rogat.
978 954 1089 1033 (Ex
1116 956 1349 1031 castris,
1390 956 1464 1015 ad
1508 958 1686 1016 imam
1712 956 2091 1031 Candaviam,
2125 974 2279 1015 anno
2309 960 2386 1017 U.
2415 960 2484 1016 C.
2515 974 2663 1030 71⁰,

606 1066 803 1109 mense
824 1048 1023 1130 maio.)

1140 1200 1475 1265 BRUTUS
1523 1200 1926 1266 CICERONI
1971 1200 2034 1264 S.

622 1340 701 1406 L.
730 1340 1036 1409 Bumms
1056 1350 1076 1381 ¹
1121 1364 1341 1437 quam
1382 1366 1592 1414 carus
1639 1340 1818 1413 mihi
1863 1366 2016 1413 esse
2066 1338 2333 1411 debeat
2355 1390 2380 1427 ,
2445 1360 2666 1409 nemo

527 1442 783 1517 melius
818 1444 1141 1542 judicare
1178 1465 1451 1547 potest,
1488 1476 1708 1548 quam
1745 1466 1872 1541 tu;
1905 1450 2114 1547 cujus
2141 1463 2358 1521 tantae
2379 1473 2520 1546 pro
2553 1472 2664 1519 re-

524 1552 815 1653 publica
841 1560 1343 1633 contentiones
1370 1560 2032 1658 sollicitudinesque
2059 1558 2377 1632 fuerunt.
2407 1563 2664 1655 Itaque

528 1662 641 1732 vel
681 1664 906 1761 ipsius
949 1668 1209 1757 virtus,
1240 1670 1353 1741 vel
1390 1686 1636 1743 nostra
1673 1666 2129 1743 necessitudo
2166 1667 2386 1740 debet
2421 1670 2668 1739 conci-

527 1770 702 1843 liare
741 1786 813 1843 te
852 1775 953 1846 illi
997 1801 1016 1847 ε
1068 1803 1220 1875 quo
1261 1781 1501 1852 minus
1559 1781 1789 1853 multa
1844 1780 2025 1851 mihi
2085 1777 2468 1851 scribenda
2511 1800 2664 1847 esse

528 1879 860 1974 arbitror.
918 1885 1270 1960 Voluntas
1315 1893 1514 1962 enim
1564 1905 1638 1963 te
1679 1914 1970 1964 movere
2011 1888 2234 1961 debet
2279 1903 2564 1976 nostra,
2603 1889 2666 1957 si

530 1990 753 2064 modo
793 1995 987 2090 justa
1035 2013 1179 2086 cst,
1215 2014 1341 2071 aut
1377 2025 1515 2099 pro
1544 2000 1788 2073 officio
1814 2003 2218 2073 necessario
2250 1998 2662 2098 suscipitur.

529 2104 618 2171 Iu
651 2106 890 2175 Pansae
928 2104 1173 2177 locum
1208 2124 1455 2207 petere
1480 2121 1511 2153 ²
1557 2113 1934 2184 constituit
1971 2137 1988 2182 ε
2037 2134 2194 2184 eam
2224 2110 2660 2180 nominatio-

532 2232 703 2281 nem
754 2236 797 2283 a
844 2228 916 2286 te
973 2218 1305 2313 petimus.
1354 2221 1610 2319 Neque
1651 2221 2135 2317 conjunctiori
2173 2220 2343 2291 dare
2388 2215 2665 2290 benefi-

533 2322 727 2392 cium
748 2377 769 2412 ,
801 2349 1023 2420 quam
1056 2353 1189 2400 nos
1216 2326 1349 2402 tibi
1388 2357 1670 2419 sumus,
1713 2357 1957 2430 neque
1985 2330 2392 2430 digniorem
2427 2327 2665 2400 nomi-

532 2453 710 2501 nare
757 2447 1006 2529 potes,
1055 2462 1271 2535 quam
1312 2439 1674 2512 Bibulum.
1727 2446 1840 2514 De
1880 2446 2202 2514 Domitio
2253 2455 2327 2512 et
2361 2438 2665 2538 Apuleio

535 2537 713 2633 quid
746 2543 1004 2616 attinet
1042 2571 1158 2619 me
1194 2549 1546 2638 scribere,
1603 2575 1833 2648 quum
1859 2552 1996 2650 ipsi
2029 2575 2165 2649 per
2204 2574 2282 2624 se
2309 2548 2450 2620 tihi
2479 2571 2668 2620 com·

535 2648 1055 2724 mendatissimi
1084 2659 1281 2728 sint?
1315 2660 1701 2757 Apuleium
1743 2685 1917 2732 vero
1964 2675 2044 2730 tu
2079 2675 2205 2730 tua
2239 2659 2669 2730 auctoritate

534 2759 887 2831 sustinere
916 2761 1157 2836 debes.
1176 2768 1315 2839 Sed
1344 2768 1748 2842 Domitius-’⁹
1777 2773 1854 2842 in
1884 2795 2012 2842 sua
2040 2769 2343 2868 epistola
2368 2767 2670 2840 celebra·

533 2864 736 2938 bitur
752 2869 807 2940 ⁴.
841 2871 1177 2946 Bibulum
1216 2879 1369 2949 noli
1410 2879 1772 2953 dimittere
1809 2904 1899 2951 ex
1941 2884 2108 2952 sinu
2157 2894 2321 2968 tu0‚
2384 2893 2668 2949 tantum

528 2978 678 3072 jam
714 2981 948 3052 virum
969 3037 989 3072 ,
1023 3010 1111 3056 ex
1146 2988 1512 3084 quanto⁵,
1555 2989 1768 3062 crede
1803 2991 2016 3078 mihi,
2058 3004 2300 3089 potest
2327 2987 2666 3076 evadere,

534 3089 664 3184 qui
696 3095 945 3166 vestris
981 3121 1380 3194 paucorum
1410 3099 1849 3199 respondeat
1873 3099 2233 3173 laudibus.

610 3265 653 3298 ι.
700 3249 915 3302 Bibulus.
958 3253 1099 3302 Bruti
1134 3255 1403 3320 privignus.
1442 3257 1555 3304 Fuit
1641 3257 1751 3314 fuit,
1767 3256 1992 3306 tribunus
2015 3256 2087 3322 pl.
2113 3255 2367 3306 OEooeonin
2391 3254 2668 3304 familiaris-

532 3327 663 3376 enitn
719 3331 792 3378 M.
836 3331 1091 3396 Calpurnii
1129 3334 1291 3382 Bibuli
1313 3367 1329 3392 ,
1366 3335 1453 3398 qui
1492 3336 1551 3384 C.
1638 3336 1805 3384 simus.
1824 3337 1920 3384 En.

533 3409 736 3459 Castris
776 3411 962 3477 collega
996 3414 1151 3464 fuerat
1187 3416 1239 3463 in
1276 3415 1550 3476 consulatu,
1713 3425 1764 3473 4.
1797 3412 2147 3465 celebrabitur.
2181 3411 2486 3463 laudabitur
2513 3431 2543 3463 ι
2563 3431 2664 3475 nc,

528 3505 591 3538 ex
631 3491 803 3539 Porci·
844 3493 1045 3543 Catoni·
1086 3493 1186 3543 fili·
1232 3495 1397 3545 filius:
1436 3509 1550 3558 quae
1641 3493 1830 3559 tibique
1847 3491 2289 3542 commendabitur.
2313 3495 2474 3556 Quasi
2499 3493 2660 3554 dic-13

531 3580 644 3632 post
664 3569 853 3619 obitum
872 3573 1051 3635 prioris
1074 3575 1167 3622 viri
1196 3577 1345 3623 Bruto
1368 3574 1553 3637 nupsit.
1642 3573 1729 3622 scd
1755 3573 1860 3622 hec
1896 3571 2100 3638 epistola
2125 3570 2292 3620 Bibuli
2325 3572 2488 3620 solum
2521 3589 2662 3620 cau-n

604 3661 657 3696 ο.
686 3651 874 3698 Petere.
892 3653 962 3700 Ut
984 3653 1209 3716 pontifex
1230 3653 1391 3702 minor
1418 3669 1552 3700 crec—
1643 3654 1823 3719 scriptu
1844 3665 1918 3702 est
1939 3667 1954 3704 ε
1977 3652 2220 3700 neminem
2237 3651 2506 3700 admisceo.
2523 3654 2660 3700 Mu.

531 3733 629 3773 tur.
1717 3729 1770 3780 5.
1811 3733 1897 3779 Ea:
1947 3743 2154 3798 quanto.
2207 3733 2285 3779 Ex
2329 3741 2472 3780 tanto
2521 3733 2650 3788 viro,

600 3807 652 3854 3.
696 3806 957 3858 Dan-idus.
994 3811 1147 3876 vulg.
1185 3811 1438 3877 Apuleius.
1486 3813 1552 3860 Et
1639 3823 1850 3875 quantu·
1878 3811 1978 3874 inm
2015 3821 2115 3876 eat,
2149 3811 2292 3860 facile
2317 3819 2394 3858 ent
2427 3810 2656 3870 credun,

525 3884 597 3932 sic
626 3885 811 3936 Eme-t.
832 3887 929 3935 Sed
946 3901 1181 3955 repugnat
1206 3891 1333 3940 ordo
1354 3902 1547 3940 amnen-
1637 3891 1726 3956 qui
1751 3901 1934 3940 vesu-u
1955 3907 2224 3958 paucorum
2249 3889 2422 3940 laudet
2439 3903 2656 3954 unoquo·

527 3961 633 4026 tiaeg
658 3962 795 4028 quod
818 3965 946 4016 vidit
964 3969 1203 4034 Mongalt.
1224 3973 1281 4021 Ρ.
1304 3970 1544 4037 Apuleius
1629 3979 1726 4021 tur.
1759 3974 1916 4022 Intn-

1314 4101 1888 4130 *ψ
