3019 4681
572 406 1095 494 EPISTOLAE
1144 427 1285 494 AD
1332 391 2026 512 ATT1CUM,1x‚
2092 389 2195 496 ’.3.
2319 449 2442 496 101

344 549 553 630 caret,
593 543 836 632 dedit;
880 569 1102 642 quem
1140 546 1259 616 cui
1304 561 1640 618 nostrum
1677 571 1828 617 non
1868 570 2052 645 saepe
2093 547 2463 645 praetulit?

344 659 571 752 Itaque
620 657 839 726 miser
890 669 1273 752 torquetur
1290 653 1381 726 ³7.
1430 655 1570 728 Sed
1595 712 1614 745 ,
1653 682 1748 728 ne
1787 656 1900 728 bis
1937 655 2186 728 eadem
2223 658 2453 754 legaS,

343 765 421 836 ad
444 768 665 864 ipsam
688 780 764 835 te
788 765 1163 863 epistolam
1192 767 1457 862 rejicio,
1486 771 1701 866 Spem
1733 782 1972 838 autem
2002 769 2197 866 pacis
2221 767 2458 841 habeo

340 877 611 947 nullam.
652 875 1028 948 Dolabella
1072 879 1217 950 suis
1256 879 1481 950 literis
1503 934 1523 967 ‚
1552 876 1790 949 idibus
1821 893 2028 949 mart.
2055 877 2272 966 datis,
2305 903 2457 949 me-

338 1011 485 1054 rum
530 983 808 1056 bellum
854 985 1203 1083 loquitur.
1250 991 1673 1060 Maneamus
1715 1011 1888 1086 ergo
1927 987 2003 1058 in
2045 987 2166 1058 illa
2206 987 2457 1059 eadem

338 1097 674 1168 sententia
698 1090 764 1141 ³⁸
818 1098 1079 1168 misera
1122 1111 1195 1168 et
1240 1097 1654 1197 desperata3
1701 1097 1996 1196 quando
2049 1095 2191 1169 hoc
2210 1095 2301 1156 39‘
2331 1101 2462 1169 mi-

339 1208 546 1278 serius
588 1231 743 1296 esse
788 1205 972 1278 nihil
1015 1221 1271 1305 potest.

400 1413 477 1470 37.
498 1410 643 1459 Miser
664 1421 937 1475 torquetur.
964 1410 1242 1478 Εἰρωνικῶς.
1271 1413 1343 1459 'Ut
1502 1412 1590 1461 38.
1622 1411 1886 1460 Sententia.
1922 1411 2234 1460 Discedendi.
2258 1414 2420 1462 Con.

336 1499 381 1536 et
421 1489 559 1548 mud‚·
597 1507 631 1532 ι’
654 1489 795 1539 Balbi
831 1488 1005 1554 optimi
1038 1509 1085 1549 n,-
1120 1489 1341 1555 proxime
1500 1491 1586 1552 39.
1614 1491 1739 1540 Hoc.
1779 1491 1885 1538 Hac
1920 1491 2104 1539 seilicet
2127 1493 2377 1540 mansione
2405 1492 2454 1540 in

338 1569 525 1619 dictum.
552 1573 701 1620 un.
1431 1569 1588 1619 Italia.
1613 1573 1768 1618 Innt.

844 1755 1165 1820 BALBUS
1208 1755 1610 1820 CICERONI
1653 1746 1841 1820 IMP:
1881 1755 1942 1818 S.

422 1913 667 1980 Caesn
694 1905 909 1978 nobis
934 1907 1175 1978 literas
1201 1907 1586 2005 perbreves
1616 1909 1844 1998 misit,
1881 1931 2192 2005 quarum
2219 1931 2462 1980 exem-

340 2017 523 2116 plum
564 2018 971 2116 subscripsi.
1011 2019 1363 2088 Brevitate
1394 2018 1715 2116 epistolae
1744 2020 1924 2089 scire
1956 2021 2261 2116 poteris,
2291 2043 2456 2090 eum

340 2129 523 2200 valde
570 2153 723 2200 esse
766 2129 1163 2200 distentum
1190 2183 1209 2216 ,
1260 2131 1389 2226 qui
1439 2141 1642 2200 tanta
1687 2128 1780 2200 de
1825 2154 1906 2200 re
1952 2143 2100 2214 tam
2151 2128 2466 2200 breviter
2503 2195 2506 2200 .

342 2241 705 2337 scripserit.
770 2241 845 2310 Si
894 2237 1073 2336 quid
1124 2253 1467 2336 praeterea
1520 2241 1694 2310 novi
1737 2237 1997 2329 fuerit,
2041 2243 2278 2312 statim
2323 2239 2459 2311 tibi

344 2348 653 2421 scribam.

779 2502 1073 2569 cAEsAR
1119 2503 1407 2585 OPPIO,
1451 2504 1910 2607 CORNELIO·
1934 2506 1996 2570 s.

422 2656 553 2723 «A.
612 2652 685 2723 d.
733 2676 829 2722 vn
882 2651 981 2749 id.
1034 2666 1239 2722 mart.
1282 2652 1744 2737 Brundisium
1782 2655 1985 2743 veni3
2033 2620 2124 2725 ad
2165 2678 2458 2726 murum

345 2790 373 2825 α
396 2778 613 2835 castra
650 2762 885 2861 posui.
930 2765 1319 2859 Pompeius
1371 2776 1479 2833 est
1532 2760 1908 2833 Brundisii.
1962 2764 2157 2833 Misit
2211 2763 2298 2835 ad
2339 2790 2461 2837 me

344 2875 472 2945 «N.
506 2875 830 2970 Magium
870 2871 963 2944 de
1000 2896 1197 2971 pace.
1238 2876 1415 2963 Quae
1452 2874 1602 2943 visa
1639 2887 1852 2963 sunt,
1895 2874 2260 2971 respondi.
2307 2880 2462 2947 Hoc

344 3008 509 3056 «vos
546 2987 791 3056 statim
838 2987 1019 3055 scire
1052 2984 1283 3055 volui.
1338 2987 1582 3074 Quum
1637 2985 1712 3054 in
1769 3008 1972 3083 spem
2016 3009 2324 3073 venem,
2372 2985 2461 3058 de
2569 3027 2578 3039 ·

345 3098 911 3194 «compositione
955 3092 1231 3191 aliquid
1275 3118 1391 3165 me
1436 3092 1832 3180 conficere,
1875 3096 2110 3163 statim
2150 3114 2278 3165 vos
2313 3118 2465 3165 cer-

346 3208 593 3278 «tiores
628 3205 910 3277 faciam.
931 3236 965 3271 ι)
1356 3266 1359 3274 .

429 3316 815 3407 Quomodo
884 3342 1003 3388 me
1054 3340 1255 3387 nunc
1303 3328 1556 3412 putas,
1602 3315 1705 3383 mi
1753 3314 2048 3396 Cicero,
2099 3318 2464 3408 torqueri,

348 3442 711 3525 postquam
778 3450 1031 3498 rursus
1090 3427 1169 3496 in
1231 3448 1435 3520 spem
1492 3426 1688 3521 pacis
1741 3423 1949 3509 veni,
2005 3446 2098 3491 ne
2151 3445 2298 3519 qua
2347 3447 2464 3517 res

352 3560 575 3609 eorum
619 3540 1227 3637 compositionem
1267 3533 1658 3631 impediat?
1698 3534 2073 3629 Namque,
2107 3529 2306 3628 quod
2343 3508 2465 3603 ab·

350 3668 495 3717 sens
528 3648 766 3721 faeere
810 3671 1153 3745 possum,
1197 3658 1401 3743 opt0.
1456 3644 1675 3735 Quod
1727 3645 1789 3715 si
1841 3666 1988 3713 una
2031 3666 2298 3727 essem,
2343 3642 2466 3713 ali-

354 3748 503 3850 quid
560 3758 861 3831 fortasse
914 3755 1267 3855 proficere
1326 3779 1612 3853 possem
1654 3754 1899 3825 videri.
1958 3758 2171 3827 Nunc
2211 3776 2466 3851 exspe-

359 3869 645 3941 ctatione
686 3870 995 3941 crucior.

1160 4072 1632 4096 „m
