3019 4681
587 369 684 454 46
1223 365 1320 433 Μ.
1373 365 1451 432 Τ.
1505 367 2097 437 CICERONIS

583 489 787 589 quod
829 488 961 560 tibi
989 501 1176 586 puto
1213 510 1368 558 esse
1407 484 1826 560 faciendum
1866 516 1883 558 t
1920 503 1994 560 et
2020 488 2348 585 ignoras,
2378 489 2777 562 Domitius

583 626 755 672 cum
775 593 1228 673 fascibusne³
1259 599 1394 686 sit3
1428 596 1631 694 quod
1661 623 1891 696 quum
1918 599 2101 670 scies
2121 654 2140 689 ‚
2174 596 2428 688 facies,
2458 611 2545 670 ut
2578 601 2777 670 scia-

585 737 771 784 mus.
805 710 1044 784 Habes
1087 708 1179 779 ad
1225 711 1537 807 primam
1570 709 1973 807 epistolam.
1996 714 2337 806 Sequutae
2366 708 2775 796 suntduae‚

585 824 822 923 pridie
855 822 997 893 kal.
1029 817 1261 891 ambae
1295 818 1513 906 datae,
1554 843 1718 916 quae
1760 843 1877 890 me
1919 818 2425 891 convellerunt
2466 819 2560 890 de
2600 821 2772 916 pri-

579 938 778 1009 stino
818 947 1010 1007 statu
1033 983 1052 1018 ‚
1077 931 1226 1027 jam
1259 945 1502 1001 tamen
1526 983 1547 1017 ‚
1586 944 1671 1001 ut
1702 945 1873 1002 ante
1915 930 2007 1002 ad
2046 946 2117 1002 te
2156 933 2449 1028 scripsi,
2486 929 2769 1001 laban-

581 1051 920 1120 tem.Nec
937 1069 1058 1114 me
1081 1056 1355 1128 movet,
1370 1039 1571 1141 quod
1590 1040 1842 1113 scribis
1860 1097 1877 1129 ‚
1898 1047 1975 1112 «J
1980 1043 2097 1112 ovi
2125 1043 2263 1142 ipsi
2287 1042 2626 1138 iniquum
2642 1045 2677 1094 4
2700 1071 2766 1111 ι).

583 1163 768 1231 Nam
813 1152 1221 1254 periculum
1274 1155 1348 1223 in
1395 1155 1779 1250 utriusque
1817 1151 2192 1224 iracundia
2237 1154 2555 1252 positum
2600 1167 2769 1238 ειη

582 1271 882 1340 victoria
919 1281 1162 1336 autem
1207 1265 1301 1334 ita
1342 1265 1655 1348 incerta,
1692 1278 1777 1334 ut
1809 1263 2129 1334 deterior
2173 1288 2389 1335 causa
2424 1263 2767 1359 paratior

581 1379 769 1451 m'ihi
805 1401 958 1449 esse
986 1371 1340 1446 videatur.
1375 1379 1527 1446 Nec
1560 1399 1677 1445 me
1716 1373 2053 1445 consules
2084 1386 2421 1460 movent,
2452 1372 2580 1470 qui
2611 1372 2764 1469 ipsi

578 1490 856 1588 pluma,
885 1502 1011 1559 aut
1051 1484 1231 1557 folio
1274 1481 1555 1556 facilius
1592 1499 2007 1556 moventur.
2046 1483 2289 1555 Officii
2321 1507 2438 1555 me
2470 1482 2757 1555 delibe-

591 1593 780 1671 ratio
828 1596 1142 1686 cruciat‚
1195 1594 1683 1693 cruciavitque
1729 1593 1989 1667 adhuc.
2051 1595 2349 1668 Cautior
2394 1608 2591 1666 certe
2638 1609 2762 1665 est

583 1714 909 1796 mansi03
955 1707 1334 1779 honestior
1377 1709 1828 1777 existimatur
1873 1706 2220 1801 trajectio.
2276 1704 2471 1775 Malo
2518 1706 2753 1775 inter-

583 1825 799 1911 dum,
835 1821 1049 1892 multi
1093 1843 1210 1890 me
1250 1843 1398 1890 non
1448 1833 1695 1906 caute,
1725 1811 1961 1916 quam'
1980 1819 2184 1916 pauci
2228 1838 2378 1887 non
2423 1814 2748 1886 honeste

580 1931 833 2007 fecisse
875 1925 1308 2004 existiment.
1352 1933 1462 2000 De
1499 1929 1777 2029 Lepido
1812 1945 1885 2001 et
1918 1927 2129 2000 Tullo
2175 1926 2380 2025 quod
2430 1927 2697 2024 quaeris
2730 1954 2753 2012 3

580 2045 681 2116 illi
717 2067 892 2116 vero
922 2066 1074 2112 non
1119 2039 1458 2111 dubitant
1483 2093 1503 2128 ‚
1544 2042 1726 2136 quin
1762 2040 2022 2111 Caesari
2056 2054 2319 2137 praesto
2358 2035 2633 2124 futuri,
2665 2040 2749 2106 in

583 2171 1067 2251 senatumque
1105 2153 1389 2222 venturi
1421 2154 1586 2222 sint.

679 2265 1198 2338 Recentissima
1226 2278 1349 2334 tua
1379 2277 1487 2333 est
1518 2262 1820 2360 epistola
1847 2260 1986 2332 kal.
2016 2261 2179 2332 data
2212 2289 2226 2330 :
2259 2262 2332 2330 in
2358 2286 2504 2359 qua
2532 2275 2749 2360 optas

580 2400 1089 2476 congressum,
1137 2398 1535 2472 pacemque
1566 2398 1716 2444 non
1739 2373 2098 2471 desperas.
2125 2372 2262 2444 Sed
2299 2398 2469 2471 eg0‚
2507 2398 2746 2469 quum

579 2488 734 2559 haec
778 2484 1224 2573 scribebam,
1259 2500 1394 2555 nec
1437 2483 1597 2555 illos
1648 2504 2212 2581 congressuros,
2253 2508 2425 2566 nee,
2466 2486 2527 2553 si
2566 2508 2745 2554 con-

579 2598 802 2695 gressi
835 2610 1076 2669 essent
1099 2648 1119 2683 ,
1145 2600 1578 2693 Pompeium
1608 2594 1698 2665 ad
1726 2595 1947 2665 ullam
1980 2593 2479 2665 conditionem
2504 2616 2746 2665 acces-

581 2732 828 2779 surum
870 2704 1240 2803 putabam.
1279 2704 1494 2796 Quod
1552 2703 1814 2777 videris
1858 2728 2009 2776 non
2056 2702 2424 2789 dubitare,
2464 2706 2525 2775 si
2564 2728 2747 2776 con·-

575 2818 770 2890 sules
811 2830 1204 2900 transeant,
1235 2814 1414 2912 quid
1437 2840 1575 2886 nos
1603 2814 1840 2887 facere
1869 2832 2207 2915 oporteat
2235 2843 2251 2885 ε
2286 2830 2480 2886 certe
2510 2830 2743 2887 trans·

585 3024 766 3072 Tendis
793 3026 984 3072 Victor.
1012 3022 1204 3071 Manut.
1227 3020 1449 3069 Lambin.
1491 3022 1611 3068 11ae0
1701 3038 1805 3069 nou
1834 3022 2105 3085 pessimam.
2130 3021 2218 3069 Ille
2239 3032 2404 3069 autem
2420 3020 2741 3070 scribendum

573 3118 678 3154 esse
707 3114 936 3169 corrupta
962 3100 1080 3151 natis
1106 3108 1313 3150 constat.
1336 3100 1608 3163 Malaspina
1700 3103 1891 3150 censuit
1912 3136 1927 3153 .
1963 3123 1987 3143 α
2012 3118 2076 3151 an
2104 3114 2159 3150 tu
2184 3098 2247 3149 ad
2266 3102 2537 3152 Chaoniam
2566 3100 2737 3164 fugam

575 3184 893 3247 emendabat,
921 3184 1036 3233 :Tu
1059 3192 1224 3233 antem
1249 3180 1502 3231 Hoemouis
1532 3180 1609 3227 fu·
1696 3180 1951 3229 intendis?
1965 3202 1990 3223 υ
2009 3179 2518 3230 Omvar.--Scbiitz.
2532 3192 2737 3245 quoque

577 3282 686 3331 gam
707 3266 894 3314 tendis»
910 3280 923 3315 τ
941 3265 1048 3324 vel,
1065 3265 1158 3312 uad
1174 3261 1426 3311 Haemonis
1444 3262 1609 3324 fugam
1694 3259 1827 3308 haue
1856 3259 2116 3325 probavit,
2148 3272 2198 3309 et
2229 3260 2281 3307 in
2318 3271 2507 3309 textum
2532 3260 2737 3325 recepit.

574 3344 839 3393 intendis».
867 3345 1037 3391 Faerni
1065 3344 1194 3391 enim
1212 3342 1338 3390 liber
1367 3338 1517 3389 babet
1535 3339 1610 3386 in-
1696 3340 1774 3387 De
1790 3340 1882 3387 hac
1909 3340 2023 3403 fuga
2051 3350 2102 3389 et
2112 3342 2253 3399 VIII,
2278 3356 2325 3399 1,
2345 3340 2396 3386 in
2412 3338 2511 3387 fine
2531 3340 2735 3403 querit.

577 3425 755 3473 tendis.
783 3426 893 3473 noc
916 3434 1016 3485 est,
1047 3426 1124 3473 Tu
1143 3434 1304 3471 autem
1327 3422 1381 3469 in
1401 3416 1606 3485 Epirum
1695 3422 1793 3470 En.
1824 3450 1890 3459 -
1916 3416 2160 3481 Chaonia,
2204 3434 2315 3483 para
2351 3416 2520 3483 Epiri,
2554 3411 2735 3483 in'qua

573 3505 802 3569 navigare
825 3504 1038 3568 cogitas,
1073 3514 1124 3553 et
1148 3502 1211 3550 ab
1235 3500 1316 3549 his
1335 3514 1495 3548 rerum
1524 3508 1607 3547 tu·
1695 3500 2028 3566 posse-aiones
2054 3500 2209 3549 Attici
2242 3508 2396 3548 erant.
2436 3498 2631 3546 Leviori
2654 3510 2737 3547 ta·

573 3583 811 3633 multibua
849 3594 898 3632 te
933 3583 1202 3632 subducere
1242 3594 1256 3629 :
1285 3579 1608 3644 quemadmo·
1695 3596 1809 3629 men
1832 3580 2126 3636 mutatione,
2162 3594 2265 3627 non
2306 3578 2613 3635 Chaoniam,
2644 3578 2733 3625 sed

493 3648 500 3659 ⁸
572 3666 690 3713 dum
711 3683 738 3714 e
755 3662 889 3714 bello
903 3660 1138 3713 Thebano
1167 3660 1376 3709 naemon
1394 3654 1605 3723 aufugit.
1694 3658 2003 3707 Hoemom'am
2016 3658 2214 3724 legeris:
2235 3675 2347 3707 nam
2366 3658 2571 3707 Graeeiae
2590 3670 2736 3707 vetus

571 3744 1040 3794 Ouum—Multa
1059 3748 1335 3805 congerunt
1359 3738 1414 3786 iu
1435 3738 1605 3802 despe-
1690 3740 1787 3787 fuit
1812 3754 2013 3786 nomen.
2044 3740 2266 3787 Ouva‘r.
2330 3740 2341 3759 ‘

572 3837 730 3877 ratum
755 3825 920 3873 locum
935 3856 952 3881 ,
978 3822 1085 3881 vel,
1110 3836 1268 3877 «ave,
1293 3818 1538 3876 Athenio,
1560 3819 1604 3865 si
1762 3820 1815 3867 3.
1850 3814 2226 3881 Cumfascae'bus.
2250 3816 2379 3879 Quia
2401 3817 2691 3881 proconsul.

573 3906 736 3969 fugam
764 3902 977 3952 intendis
993 3920 1043 3961 ις
1063 3898 1140 3949 vei
1157 3935 1172 3959 ‚
1199 3898 1499 3947 «artemonis
1528 3899 1605 3946 fu·
1768 3896 1936 3953 ⁴..tovi
1944 3895 2039 3961 ipsi
2053 3896 2291 3961 iniquum.
2304 3896 2419 3945 scil.
2434 3893 2729 3961 Pompeium

575 4001 688 4033 nem
713 3982 871 4033 tendis
891 3991 1043 4041 ‚etc-¹·
1061 3983 1200 4029 Mera
1216 3978 1601 4027 somnia.J.v.L.
1695 3976 1802 4024 fore
1824 4010 1839 4034 ,
1864 3976 1906 4023 si
1935 3976 2141 4035 viceri13
2179 3976 2231 4024 id
2275 3986 2347 4023 est
2363 4011 2377 4035 ,
2413 3974 2727 4024 vehementer

573 4064 700 4111 -E
728 4062 968 4111 sexcentis
1004 4058 1113 4108 aliis
1139 4054 1436 4121 conjecturis
1463 4052 1602 4106 Grae-
1691 4054 1872 4105 iratum
1906 4066 1958 4104 et
1986 4065 2348 4121 exasperatum,
2386 4064 2441 4103 ut
2478 4072 2573 4104 uec
2600 4055 2727 4116 diis,

569 4144 758 4191 vinnam
785 4138 1088 4204 Mongaltiu·
1123 4146 1288 4187 noster
1317 4134 1504 4201 seligit,
1550 4146 1606 4184 ut
1692 4147 1783 4185 nec
1811 4134 2095 4185 hominibus
2112 4146 2301 4202 parcat.
2322 4136 2473 4185 onr.
