3019 4681
712 386 1221 457 EPISTOLAE
1269 387 1409 455 AD
1458 389 2167 477 ATTICUM,XV,
2213 388 2306 496 6..
2432 392 2570 487 437

448 510 647 581 Bruti
682 522 757 580 et
795 510 1015 579 Cassii
1047 506 1564 579 commendavi.
1595 509 1724 580 Ille
1751 508 1932 607 quid
1957 510 2136 581 mihi
2173 512 2594 610 rescripsis-·

448 639 556 696 set
576 678 597 711 ,
644 624 823 695 scire
858 639 929 694 te
958 623 1195 710 volui3
1234 625 1293 692 si
1325 620 1516 695 forte
1539 623 1731 694 idem
1757 640 1834 695 tu
1856 678 1874 711 ,
1910 624 2112 721 quod
2143 650 2314 723 ego,
2349 630 2582 698 existi-

450 758 713 823 mares,
748 734 923 805 istos
960 737 1173 804 etiam
1218 757 1415 804 nunc
1469 735 1744 822 vereri,
1779 761 1875 806 ne
1933 732 2120 809 forte
2163 738 2300 835 ipsi
2353 739 2582 809 nostri

446 843 610 941 plus
648 844 867 915 animi
896 841 1242 926 habeant,
1288 867 1507 938 quam
1541 842 1832 915 habent.

952 1072 1299 1137 HIRTIUS
1344 1072 1758 1138 CICERONI
1801 1072 1968 1138 SUO
2015 1073 2080 1137 S.

544 1274 581 1309 α
600 1249 803 1315 Runn
819 1243 967 1338 jam
990 1240 1367 1332 redierim,
1396 1244 1679 1339 quaeris.
1713 1247 1826 1313 An
1859 1268 1998 1340 ego
2021 1297 2041 1332 ,
2075 1268 2307 1341 quum
2327 1270 2582 1319 omnes

446 1353 760 1441 caleant,
791 1353 1139 1450 ignaviter
1162 1350 1437 1450 aliquid
1450 1350 1705 1425 faciam
1723 1354 1754 1423 Ξ)
1775 1354 2000 1424 Etiam
2030 1378 2118 1425 ex
2149 1354 2388 1427 Urbe¹
2423 1378 2578 1428 sum

445 1462 813 1563 profectus
844 1489 860 1534 ε
898 1463 1147 1535 utilius
1179 1465 1375 1533 enim
1419 1465 1639 1534 statui
1677 1460 1944 1534 abesse.
1991 1469 2135 1536 Has
2181 1463 2310 1535 tibi
2346 1461 2583 1537 literas

444 1576 695 1651 exiens
741 1575 817 1644 in
864 1573 1351 1645 Tusculanum
1414 1574 1690 1671 scripsi.
1745 1572 1910 1644 Noli
1965 1588 2208 1645 autem
2262 1602 2380 1647 me
2439 1592 2582 1647 tam

447 1698 829 1756 strenuum
849 1698 1142 1781 putare,
1166 1696 1246 1754 ut
1278 1680 1367 1754 ad
1403 1707 1632 1753 nonas
1671 1707 2034 1755 recurram
2089 1713 2105 1755 ε
2160 1685 2340 1757 nihil
2387 1689 2582 1757 enim

441 1793 587 1889 jam
626 1792 839 1864 video
880 1817 1065 1891 opus
1097 1817 1247 1867 esse
1278 1808 1526 1864 nostra
1565 1817 1773 1881 cura,
1821 1794 2163 1890 quoniam
2205 1793 2578 1891 praesidia²

447 1917 617 1975 sunt
658 1904 731 1973 in
771 1916 883 1973 tot
918 1926 1149 1975 annos
1196 1900 1495 1999 provisa.
1533 1907 1797 1973 Brutus
1837 1917 1910 1975 et
1947 1904 2226 1975 Cassius
2273 1908 2546 1978 utinam
2563 1960 2597 2005 ,-

444 2021 665 2109 quam
704 2009 909 2083 facile
936 2036 979 2082 a
1012 2026 1081 2083 te
1114 2011 1207 2082 de
1245 2036 1361 2085 me
1402 2014 1786 2110 impetrare
1829 2028 2173 2111 ppssunt,
2209 2015 2308 2109 ite.
2347 2039 2479 2113 per
2497 2029 2582 2088 ,ιε

448 2136 878 2211 exorentur,
918 2148 1015 2194 ne
1068 2120 1267 2220 quod
1314 2122 1614 2217 calidius
1666 2125 1930 2219 ineant
1960 2123 2394 2198 consilium!
2443 2130 2581 2199 Ce-

444 2228 747 2303 dentes-²·
791 2236 981 2303 euim
1042 2232 1195 2305 haec
1241 2234 1343 2304 ais
1396 2235 1828 2331 scripsisse.
1878 2235 2088 2331 quo?
2132 2250 2256 2305 aut
2290 2259 2570 2332 quare.
2554 2236 2582 2282 3

446 2345 729 2432 Retine,
774 2343 1079 2418 obsecro
1110 2360 1218 2432 te,
1260 2346 1549 2433 Cicero,
1585 2345 1783 2428 illos;
1831 2359 1904 2418 et
1951 2344 2098 2416 noli
2147 2347 2382 2418 sinere
2430 2345 2584 2418 haec

444 2457 688 2526 omnia
715 2457 983 2554 perire,
1016 2481 1175 2554 quae
1207 2455 1538 2531 funditus
1576 2455 1858 2528 medius
1884 2454 2103 2544 fidius
2132 2459 2433 2555 rapiniS,
2467 2458 2578 2528 in·

443 2589 573 2638 cen
582 2565 747 2653 diis,
773 2567 1086 2638 caedibus
1103 2581 1636 2665 pervertuntur,
1651 2571 1962 2662 Teutam
1979 2620 2000 2654 ‚
2023 2567 2078 2638 si
2095 2565 2274 2664 quid
2293 2569 2586 2650 timent,

444 2691 782 2748 caveant:
818 2676 997 2748 nih'il
1035 2693 1377 2776 praeterea
1402 2677 1816 2770 moliantur.
1850 2681 2016 2750 Non
2053 2677 2335 2778 medius
2367 2675 2583 2765 fidius

444 2788 807 2858 acerrimis
858 2788 1173 2859 consiliis
1214 2789 1415 2886 pluS,
1468 2811 1689 2884 quam
1735 2789 1950 2859 etiam
2003 2786 2546 2870 inertississimis
2567 2839 2587 2868 ,

442 2895 849 2968 dummodo
864 2897 1365 2994 diligentibuS,
1388 2911 1954 2993 consequentur.
1975 2901 2142 2968 Haec
2166 2896 2360 2966 enim
2379 2948 2397 2981 ,
2427 2919 2586 2990 quae

445 3001 725 3090 fluunt,
784 3029 918 3101 per
960 3031 1035 3077 se
1096 3007 1441 3078 diuturna
1498 3031 1654 3077 non
1715 3023 1928 3088 sunu
1984 3007 2064 3076 in
2121 3006 2586 3082 contentione

446 3127 834 3210 praesentes
869 3115 959 3187 ad
990 3118 1404 3187 nocendum
1440 3116 1715 3188 habent
1745 3120 1957 3186 vires.
1989 3113 2186 3220 Quid
2225 3130 2465 3226 speres
2491 3112 2586 3224 de

446 3221 665 3309 illis,
649 3250 725 3294 m
761 3225 1248 3298 Tusculanum
1288 3224 1379 3298 ad
1417 3250 1534 3297 me
1572 3223 1886 3298 scribe.»
2597 3219 2602 3230 ’

543 3333 779 3404 Habes
810 3336 1018 3405 Hirtii
1054 3323 1485 3432 epistolam:
1527 3339 1644 3408 cui
1679 3338 2050 3434 rescripsi,
2083 3334 2182 3404 nil
2213 3333 2378 3404 illos
2415 3297 2584 3403 cali-—

446 3443 607 3513 dius
651 3447 1002 3542 cogitare,
1060 3443 1284 3544 idque
1330 3445 1772 3518 confirmavi.
1841 3449 1996 3516 Hoc
2060 3443 2590 3540 qualecumque

446 3568 667 3639 esset,
700 3569 770 3626 te
812 3555 993 3628 scire
1034 3555 1252 3627 volui.
1302 3555 1704 3655 obsignata
1746 3557 1896 3650 jam
1943 3553 2289 3652 epistola,
2329 3551 2591 3624 Balbus

520 3729 565 3764 ι.
584 3713 751 3762 Etiam
766 3730 831 3762 εκ
855 3717 999 3766 Urbe.
1023 3717 1133 3764 Hoc
1154 3717 1259 3764 vult
1276 3716 1461 3766 dicere:
1559 3719 1754 3779 tequam
1795 3714 2127 3774 occideretur,
2175 3713 2508 3778 designaverat
2536 3715 2590 3762 in
2625 3752 2630 3761 .

442 3806 545 3840 non
564 3791 722 3840 solnm
737 3826 752 3851 ,
769 3793 837 3839 mi
858 3793 1056 3854 Cicero,
1076 3810 1185 3842 rure
1197 3796 1297 3855 jam
1316 3794 1465 3854 redii,
1555 3793 1810 3846 biennium
1823 3831 1838 3856 ,
1861 3807 1918 3844 nt
1933 3795 2104 3844 scribit
2124 3795 2322 3854 Cicero,
2347 3794 2432 3844 lib.
2447 3796 2588 3856 xlv,

444 3869 531 3919 sed
560 3872 705 3919 etiam
722 3907 737 3932 ,
768 3882 1037 3936 postquem-
1059 3871 1210 3934 redii,
1244 3889 1305 3923 ex
1332 3875 1467 3924 Urbe
1555 3875 1700 3938 epist.
1728 3877 1788 3936 6,
1815 3887 1872 3924 et=
1889 3876 2014 3933 Dio,
2051 3873 2144 3922 lib.
2177 3875 2347 3931 xum
2369 3873 2454 3920 sed
2481 3876 2590 3937 Ap-

443 3966 551 3999 m
574 3951 843 4014 Pfflfeem·
875 3953 1042 4003 CORR·
1553 3958 1754 4022 pinum,
1772 3957 1859 4005 lib.
1873 3958 1972 4016 111,
1991 3957 2044 4004 in
2059 3955 2468 4020 quinquennium.
2491 3953 2588 4002 Cui

514 4045 563 4076 α.
590 4028 844 4080 Pmsidia.
884 4033 1107 4082 Prae-idi-
1138 4043 1279 4082 vocat
1314 4037 1466 4100 magi·
1555 4035 1748 4084 videtur
1761 4036 1950 4086 Hirtius
1974 4034 2054 4083 hie
2073 4034 2366 4084 consentire.
2390 4034 2596 4080 Pol-nu.

444 4117 621 4156 δυ’-Μ
647 4123 771 4172 (11108
796 4111 959 4164 Cant
982 4113 1155 4178 paucis
1182 4113 1355 4162 diebus
1383 4130 1467 4163 an·
1629 4111 1678 4165 3.
1727 4115 1966 4166 Cedentes.
1995 4115 2326 4164 Discedenta.
2354 4111 2588 4159 Coun».
