3019 4681
718 385 1245 458 EPISTOLAE
1297 390 1491 460 CIC.
1544 391 1671 458 ET
1720 389 2076 477 BRUTI,
2118 395 2185 475 4.
2368 393 2518 492 659

387 518 609 586 timeo
657 509 750 582 de
807 508 1296 598 consulatum,
1363 535 1456 582 ne
1502 513 1739 582 Caesar
1778 525 1947 582 tuus
1996 513 2208 584 altius
2252 539 2331 586 se
2391 515 2519 587 ad-

391 623 752 696 scendisse
806 634 1014 718 putet
1059 619 1364 692 decretis
1409 623 1596 707 tuis,
1648 646 1868 717 quam
1910 622 2118 708 inde,
2164 627 2222 694 si
2268 627 2525 697 consul

390 732 620 804 factus
676 731 766 802 sit
789 783 808 816 ‚
877 727 1418 801 descensurum.
1482 730 1703 819 Quod
1746 733 1803 801 si
1848 735 2203 804 Antonius
2248 733 2339 805 ab
2384 737 2525 807 alio

394 842 725 914 relictum
757 840 964 936 regni
1001 836 1645 911 instrumentum¹³
1684 841 2135 940 occasionem
2176 844 2527 940 regnandi

395 950 680 1048 habuit,
713 973 1034 1046 quonam
1071 951 1315 1020 animo
1364 947 1522 1022 fore
1566 962 1812 1047 putas,
1856 951 1914 1019 si
1955 957 2157 1048 quiS‚
2196 969 2526 1044 auctore,

395 1085 544 1132 non
575 1075 882 1158 tyranno
912 1057 1292 1132 interfecto
1317 1115 1338 1148 ‚
1371 1059 1496 1132 sed
1532 1061 1693 1159 ipso
1732 1075 1991 1132 senatu
2010 1117 2033 1151 ‚
2058 1078 2271 1160 putet
2294 1089 2369 1136 se
2400 1069 2532 1136 im-

395 1174 596 1270 peria
639 1168 982 1266 quaelibet
1013 1171 1533 1266 concupiscere
1564 1169 1829 1270 posse?
1866 1171 2109 1260 Quare
2138 1187 2295 1246 tum
2326 1189 2401 1246 et
2424 1171 2533 1246 'fe-

396 1283 736 1356 licitatem
790 1293 865 1350 et
913 1278 1444 1377 providentiam
1499 1278 1815 1351 laudabo
1861 1279 2099 1369 tuam,
2146 1305 2375 1380 quum
2417 1307 2540 1354 ex-

400 1391 760 1489 ploratum
805 1387 1078 1459 habere
1115 1411 1448 1486 coepere,
1481 1394 1832 1461 Caesarem
1861 1388 2270 1464 honoribus
2292 1447 2311 1482 ,
2354 1417 2542 1488 quos

399 1501 792 1597 acceperit,
827 1496 1406 1570 extraordinariis
1443 1496 1603 1569 fore
1631 1513 2081 1571 contentum.
2108 1501 2374 1572 Alienae
2402 1505 2543 1600 igi-

403 1626 543 1699 tur,
592 1610 920 1705 inquies,
977 1610 1206 1706 culpae
1258 1632 1377 1678 me
1431 1633 1640 1678 reum
1699 1607 2041 1702 subjicies
2072 1607 2181 1679 ¹⁴?
2234 1614 2541 1684 Prorsus

404 1720 688 1804 alienae,
723 1719 782 1788 si
824 1716 1190 1815 provideri
1227 1721 1515 1815 potuit,
1548 1741 1641 1788 ne
1688 1719 2079 1790 exsisteret.
2134 1720 2352 1809 Quod
2393 1721 2543 1792 ini·

406 1855 576 1903 nam
605 1830 1010 1925 inspectare
1048 1829 1280 1925 possis
1313 1829 1647 1898 timorem
1680 1825 1773 1898 de
1805 1827 1930 1898 illo
1957 1828 2239 1900 meum!
2296 1835 2304 1840 ’

505 1943 626 2010 His
653 1939 874 2010 literis
893 1939 1197 2036 scriptis,
1232 1951 1304 2008 te
1327 1936 1705 2008 consulem
1724 1934 1993 2016 factum
2028 1937 2542 2014 audivimus¹⁵.

409 2053 594 2120 Tum
661 2073 835 2118 vero
899 2048 1242 2144 incipiam
1301 2070 1714 2145 proponere
1780 2047 1963 2119 mihi
2019 2049 2545 2147 rempublicam

404 2159 714 2254 justam,
759 2170 832 2228 et
863 2155 1014 2251 jam
1049 2157 1197 2228 suis
1233 2158 1587 2228 nitentem
1623 2156 1939 2243 vir-ihm,
1968 2163 2029 2230 si
2059 2159 2245 2230 istuc
2268 2160 2547 2233 videro.

411 2264 710 2340 Filius¹⁶
755 2266 981 2355 valet,
1023 2281 1097 2338 et
1140 2268 1217 2337 in
1259 2264 1760 2340 Macedoniam
1802 2293 1971 2340 cum
2010 2271 2337 2368 equitatu
2377 2295 2553 2371 prae·

415 2382 670 2453 missus
713 2392 844 2450 est.
889 2376 1140 2449 Idibus
1185 2379 1424 2469 maiiS,
1465 2402 1557 2449 ex
1596 2380 1867 2451 castris.

415 2595 644 2653 suhi-eim
681 2608 834 2657 quum
882 2590 1148 2655 prasertim
1201 2591 1436 2639 Octavius
1525 2592 1675 2641 Mu.
1693 2616 1760 2626 —-
1778 2592 1873 2641 Cui
1899 2592 2111 2643 adsentit
2130 2596 2181 2643 J.
2198 2594 2263 2644 V.
2290 2598 2347 2645 1..
2370 2607 2424 2648 et
2440 2612 2553 2663 pro·

417 2688 598 2722 annum
641 2682 802 2735 ageret
841 2684 932 2718 m
950 2703 968 2730 ,
997 2684 1148 2733 quum
1171 2680 1438 2733 praetorum
1526 2672 1670 2737 ponit
1686 2686 1884 2735 quoqne
1901 2686 2223 2723 escensurum.
2247 2676 2341 2725 En.

413 2754 523 2814 iura
551 2760 880 2815 comoquntus
901 2759 991 2797 est.
1016 2750 1192 2799 Timeo
1210 2782 1226 2807 ,
1249 2749 1434 2813 inquit,
1606 2766 1689 2799 ια.
1707 2752 1783 2799 De
1807 2754 2077 2803 consulatu.
2102 2756 2315 2803 Faernus
2346 2754 2553 2805 delebat.

420 2848 482 2879 ne
508 2831 620 2895 plus
654 2840 793 2893 putet
821 2845 952 2886 csse,
988 2828 1238 2891 quodiam
1267 2828 1436 2887 habet,
1529 2828 1708 2879 Unnr.
2188 2848 2199 2883 .

421 2924 564 2972 quam
583 2906 719 2971 quod
743 2904 1022 2953 habendum
1039 2916 1213 2964 resta23
1232 2905 1442 2971 Ideoque
1606 2909 1687 2955 23.
1710 2909 1876 2973 Regni
1903 2909 2293 2961 inseram-mem.
2326 2912 2559 2963 Similiter

421 2988 478 3035 in
515 2986 795 3034 consulatus
823 2984 1140 3049 cupiditatem
1183 2985 1324 3033 facile
1361 3002 1442 3033 νο-
1532 2986 1647 3034 infr.
1670 3003 1748 3050 ep.
1776 2988 1872 3036 hoc
1896 2988 2057 3037 libro:
2101 3010 2127 3031 οι
2143 2988 2239 3037 sed
2264 2992 2559 3043 insti-nmen·

425 3066 546 3117 nint.
562 3065 712 3128 Quod
731 3065 800 3113 ita
813 3063 1040 3127 contigit.
1053 3064 1178 3111 Nam
1191 3064 1446 3127 Octavius,
1533 3076 1641 3119 trun
1686 3068 1824 3129 regni
1869 3068 2084 3117 delatum
2130 3068 2193 3117 ad
2232 3068 2471 3134 Lepidum
2506 3082 2559 3119 ct

425 3144 710 3197 consulibus
726 3144 790 3191 ad
801 3142 1042 3191 Mutinam
1064 3142 1255 3202 occisis,
1273 3144 1446 3191 consul
1534 3144 1805 3194 Antonium
1824 3166 1871 3192 n.
1896 3146 1993 3194 En.

429 3222 536 3273 fleri
549 3221 704 3271 voluit
723 3237 738 3273 ε
757 3220 892 3288 qnod
909 3237 1061 3286 quum
1078 3237 1182 3269 non
1195 3221 1444 3286 impetran-
1613 3230 1697 3277 14.
1736 3222 1817 3268 Sic
1850 3223 1975 3270 MSS
2018 3222 2168 3272 Paris.
2200 3225 2348 3289 Vulg.
2368 3225 2555 3290 facies.

431 3314 530 3363 set,
553 3304 702 3354 iratus
724 3301 864 3367 quani
885 3300 954 3349 ob
965 3301 1310 3365 ignominiam,
1327 3318 1446 3365 pro-
1614 3302 1693 3350 15.
1725 3298 2030 3351 Audivimus.
2058 3302 2226 3351 Falsus
2249 3315 2351 3352 erat
2368 3322 2555 3357 rumor.

434 3385 538 3435 dita
555 3386 678 3449 reip.
707 3399 864 3442 causa,
891 3397 1006 3430 omn
1029 3382 1248 3431 Antonio
1271 3396 1330 3428 ac
1355 3384 1450 3429 Le·
1616 3381 1696 3430 ιδ.
1731 3380 1899 3431 Filius.
1934 3381 2112 3431 Filium
2158 3384 2411 3433 Ciceronis
2428 3420 2443 3443 ,
2470 3387 2559 3451 qui

435 3463 557 3528 pido
589 3464 867 3511 societatem
901 3462 1062 3510 inivit.
1105 3460 1269 3509 Placet
1303 3462 1453 3525 igitur
1542 3459 1747 3535 iffthenis
1784 3459 2107 3524 philosophiae
2142 3478 2339 3527 operam
2377 3463 2525 3513 dabat
2546 3500 2563 3523 ,

438 3544 560 3605 legi,
603 3558 915 3591 ascensurum
955 3556 1048 3607 pro
1091 3540 1448 3591 descensurum.
1541 3541 1723 3589 Brutus
1746 3554 1911 3587 secum
1954 3538 2159 3589 abduxit
2174 3578 2190 3602 ,
2227 3554 2292 3591 et·
2314 3543 2565 3610 equitibus

437 3620 644 3687 Alioqui
658 3638 810 3687 quum
829 3622 944 3671 ntis
971 3621 1062 3669 erit
1079 3619 1326 3687 perplexa,
1350 3631 1454 3667 tum
1542 3618 1779 3685 prafedt.
1808 3617 1889 3669 Ad
1917 3620 2032 3669 Div.
2062 3618 2157 3670 lib.
2198 3622 2325 3683 KH,
2360 3638 2443 3688 ep.
2486 3632 2569 3682 14.

438 3699 606 3765 inepta
657 3717 860 3767 qnoque
896 3700 1144 3751 videbitur
1193 3700 1452 3751 antenna.
1546 3698 1663 3759 Dio,
1684 3697 1997 3749 Plutarchus.
2016 3699 2165 3751 Mun

2278 4220 2396 4298 lua.
