3019 4681
535 389 1087 459 EPISTOLAE
1139 389 1274 458 AD
1324 390 1413 479 Q.
1452 391 2002 479 FRATREM,
2039 396 2157 479 II,
2189 392 2252 463 3.
2339 393 2476 494 577

342 509 523 582 febr.
561 507 1097 604 rejiciebantur.
1136 511 1243 580 Eo
1270 507 1385 580 die
1412 533 1526 580 res
1565 507 1897 582 confecta
1932 536 2086 583 non
2125 528 2252 590 est.
2297 521 2372 586 A.
2405 515 2478 586 d.

344 645 457 690 1111
488 644 641 690 non
686 616 868 690 febr.
912 619 1089 688 Milo
1140 616 1402 691 affuit²
1441 645 1461 689 ε
1516 621 1583 691 ei
1613 623 1997 719 Pompeius
2035 623 2421 697 advocatus
2445 623 2476 670 ³

344 730 565 801 venit.
599 729 801 798 Dixit
824 726 1203 800 Marcellus
1227 733 1283 816 ⁴,
1322 753 1364 798 a
1390 752 1505 799 me
1532 743 1846 825 rogatus.
1873 737 2190 804 Honeste
2219 732 2482 806 disces-

346 839 589 909 simus.
641 835 1001 910 Producta
1060 837 1212 910 dies
1258 855 1367 910 est
1422 841 1500 908 in
1541 853 1680 910 ‘vm
1723 837 1863 910 id.⁵
1912 839 2092 913 febr.
2141 846 2479 933 Interim,

345 949 628 1045 rejectis
670 946 1151 1046 legationibus
1183 952 1261 1019 in
1297 949 1460 1020 idus
1486 1004 1507 1036 ‚
1553 947 2005 1021 referebatur
2047 952 2138 1022 de
2177 957 2478 1050 provin-

347 1061 471 1130 ciis
491 1074 929 1156 quoestorum
952 1055 1019 1147 ⁶,
1048 1072 1121 1130 et
1148 1056 1239 1130 de
1258 1059 1602 1131 ornandis
1631 1059 2062 1158 praetoribus
2081 1073 2130 1132 ⁷.
2164 1063 2303 1134 Sed
2329 1087 2477 1151 res,

346 1169 591 1240 multis
607 1167 920 1266 querelis
935 1167 1027 1239 de
1037 1169 1408 1267 republica
1424 1169 1976 1267 interponendis
1987 1226 2006 1260 ‚
2029 1172 2228 1244 nulla
2255 1187 2482 1246 trans-

348 1293 505 1350 acta
552 1292 681 1350 est.
751 1283 931 1351 Cato
970 1278 1206 1376 legem
1246 1279 1735 1379 promulgavit
1769 1279 1860 1352 de
1895 1283 2206 1380 imperio
2229 1280 2258 1326 ⁸
2299 1287 2484 1356 Len-

346 1390 485 1459 tuli
516 1387 957 1486 abrogando.
1005 1390 1359 1462 Vestitum
1404 1388 1600 1462 filius
1637 1393 1944 1463 mutavit
1955 1385 2040 1463 9(

421 1680 470 1713 a.
508 1662 629 1711 Milo
666 1661 837 1730 afficit.
874 1663 1209 1712 Accusabatur
1240 1681 1269 1712 a
1307 1659 1368 1711 P.

346 1742 527 1793 Clodio
553 1741 711 1802 aedili,
742 1741 803 1790 de
823 1743 871 1789 vi
888 1776 903 1801 ,
942 1742 1075 1807 apud
1105 1743 1369 1808 populum.

346 1821 543 1888 Affml,
566 1822 621 1868 in
638 1822 775 1882 soi-03
805 1820 891 1869 uhi
904 1821 1167 1882 cuiuslibet
1183 1822 1369 1887 generis

345 1901 695 1950 exercebantur
708 1900 909 1962 judicia.
930 1900 1083 1950 Mut-

424 1983 475 2030 3.
502 1980 796 2028 Advocatus.
829 1979 947 2027 Non
974 1991 1033 2027 ut
1057 1995 1151 2044 pro
1176 1980 1366 2028 Milone

347 2060 564 2117 diceret,
615 2059 701 2107 sed
734 2066 791 2105 ut
827 2059 1083 2122 praesentia
1111 2075 1197 2107 sua
1232 2075 1369 2107 reum

346 2139 639 2188 sublevaret.
664 2140 711 2186 Is
738 2139 865 2185 enim
894 2137 1159 2186 advocatus
1182 2150 1257 2186 est
1270 2173 1285 2197 ‚
1312 2151 1368 2187 ut

345 2220 401 2268 in
465 2217 776 2266 Divinatione
840 2215 1079 2264 Pedianus
1150 2225 1366 2264 testatur.

346 2299 542 2361 Quarto
578 2296 729 2360 igitur
762 2309 918 2343 nonas
951 2280 1127 2345 Miloni
1158 2295 1369 2343 advoca·

348 2389 428 2425 tus
446 2412 463 2434 ,
522 2387 697 2425 octavo
762 2375 874 2423 idus
929 2373 1088 2423 eidem
1128 2384 1369 2437 patruum

346 2458 613 2521 Pompeius
637 2454 785 2503 venit.
812 2456 963 2502 Inna.

425 2544 474 2593 4.
522 2534 799 2582 Marcellus.
835 2532 955 2580 Non
995 2530 1194 2591 dubito,
1250 2531 1371 2595 quin

346 2616 425 2665 M.
439 2612 727 2664 Marcellum
750 2608 1019 2675 significet,
1044 2626 1155 2658 eum
1170 2643 1187 2671 ‚
1209 2626 1371 2673 quem,

349 2704 470 2761 post
510 2690 755 2741 devictum
788 2690 890 2737 acie
923 2689 1197 2737 Pharsalica
1223 2691 1370 2737 Pom-

350 2774 544 2841 peium,
588 2787 615 2819 a
647 2772 706 2820 P.
744 2768 911 2831 Magio
942 2767 1148 2817 Chilone
1179 2768 1373 2814 interfe-

352 2865 487 2902 ctum
507 2848 679 2909 fuisse,
714 2850 819 2897 Ser.
846 2846 1051 2911 Sulpicii
1078 2846 1142 2894 ad
1174 2846 1373 2895 Cicero-

352 2948 465 2981 nem
483 2928 683 2995 epistola
705 2926 933 2975 declarat.
957 2925 1195 2973 Existimo
1213 2934 1373 2972 autem

352 3010 519 3077 potius
542 3010 765 3057 Marcum
789 3003 1051 3069 significari
1072 3038 1089 3065 ,
1122 3019 1269 3067 quam
1290 3014 1376 3051 aut

354 3090 525 3138 Caium
552 3088 654 3147 ejus
685 3084 909 3143 fratrem,
936 3095 1019 3131 aut
1038 3082 1183 3130 alium
1206 3098 1375 3145 quem-

353 3183 531 3233 quam3
566 3165 679 3229 quia
721 3174 771 3212 et
813 3174 915 3211 erat
949 3162 1028 3211 hic
1055 3161 1293 3210 bonarum
1322 3159 1376 3206 in

353 3264 461 3312 rep.
511 3244 725 3310 partium
780 3252 991 3300 tutator,
1037 3252 1088 3289 et
1124 3238 1375 3289 Ciceronis

352 3325 688 3381 amicissimus,
705 3331 755 3369 et
774 3320 978 3369 Milonis
998 3320 1152 3383 ipsius
1177 3319 1375 3383 proprie

354 3403 605 3452 studiosus
620 3435 635 3458 ,
656 3400 740 3464 qni
758 3400 902 3447 etiam
924 3400 1112 3463 ipsum,
1130 3413 1231 3461 quo
1251 3406 1372 3444 tem-

352 3500 477 3549 pore
518 3482 581 3530 de
608 3478 771 3531 clodii
811 3478 947 3528 cade
988 3492 1182 3526 cansam
1224 3475 1372 3535 dixit,

356 3580 468 3611 cum
522 3562 757 3611 Cicerone
812 3557 1099 3606 defenderit.
1140 3559 1211 3605 Ut
1236 3554 1378 3603 omit-

358 3654 455 3690 tam
472 3676 487 3699 ,
527 3638 689 3704 quod,
740 3652 891 3701 quum
932 3637 1036 3684 sine
1076 3636 1375 3702 praenomine

355 3718 646 3784 appelletur,
664 3717 727 3765 de
746 3717 853 3779 ipso
874 3716 1041 3779 potius
1054 3752 1069 3777 ,
1097 3716 1181 3779 qui
1200 3714 1377 3762 virtute

356 3812 405 3847 et
432 3799 623 3846 honore
648 3796 845 3859 reliquis
883 3795 1127 3843 Marcellis
1168 3794 1380 3841 antecel-

354 3876 488 3925 lebat
504 3910 519 3933 ,
546 3890 693 3939 quam
707 3873 769 3921 de
785 3874 963 3935 quovis
980 3874 1078 3922 alio
1098 3907 1114 3933 ,
1138 3874 1379 3938 accipien-

359 3956 476 4003 dum
510 3953 723 4003 videtur.
755 3954 910 4000 Inau.

1528 1664 1577 1711 6.
1623 1661 1704 1712 De
1736 1664 2004 1727 provinciis
2057 1678 2362 1730 quaestorum.
2409 1670 2478 1718 Ut

1454 1753 1724 1805 questores
1762 1743 1877 1790 anni
1913 1743 2176 1807 superioris
2200 1747 2482 1808 provincias

1453 1823 1760 1870 sortirentur.
1787 1823 1944 1884 Cujus
1967 1823 2038 1870 rei
2063 1823 2126 1871 ad
2155 1825 2378 1874 consules
2409 1843 2482 1876 re-

1452 1901 1575 1948 latio
1630 1900 1922 1964 pertinebat.
1981 1904 2258 1964 Quaestor-es
2317 1917 2480 1954 autem

1453 1990 1587 2028 sorte
1611 1982 1664 2026 in
1692 1979 1970 2044 provincias
1992 1980 2164 2044 ivisse,
2201 1982 2346 2030 docet
2373 1971 2482 2032 ora*-

1457 2059 1528 2107 tio
1558 2074 1649 2122 pro
1677 2058 1908 2108 Murena.
1929 2062 2074 2108 Mur.

1531 2153 1576 2197 7.
1603 2135 1919 2185 Pratoribus.
1960 2138 2130 2186 Malim
2145 2175 2161 2200 ‚
2194 2141 2442 2202 pra-coriis
2457 2159 2478 2190 .·

1454 2225 1514 2262 ut
1553 2213 1613 2261 de
1655 2215 1924 2278 provinciis
1969 2215 2285 2280 intelligatur.
2327 2221 2479 2283 Quod.

1454 2293 1635 2361 probat
1676 2294 1830 2342 latina
1875 2294 2111 2360 loquendi
2155 2299 2478 2353 consuendo.

1458 2376 1586 2425 Nam
1610 2375 1662 2422 in
1689 2374 1832 2438 epist,
1860 2375 1925 2423 ad
1949 2374 2169 2424 Atticum
2187 2410 2202 2435 ,
2247 2377 2339 2427 lib.
2365 2382 2474 2430 111:

1460 2474 1484 2497 ι
1503 2457 1802 2518 Antequam,
1841 2453 2027 2516 inquit,
2062 2453 2128 2502 ad
2161 2470 2236 2503 me
2261 2458 2479 2523 scripsis-

1458 2533 1574 2581 setis
1587 2568 1602 2593 ,
1623 2544 1786 2582 vestro
1814 2549 2051 2582 consensu
2071 2536 2348 2586 consulares
2368 2555 2482 2603 pro-

1458 2611 1645 2659 vincias
1683 2622 1874 2659 ornatas
1909 2629 2010 2661 esse
2031 2636 2073 2660 a.
2107 2614 2190 2662 Ad
2229 2616 2476 2679 eumdem,

1458 2690 1548 2752 lib.
1570 2694 1666 2739 IV:
1697 2712 1719 2735 ι
1743 2690 1845 2753 Qui
1861 2708 1913 2739 se
1937 2692 2156 2741 dicerent
2176 2694 2230 2742 in
2251 2698 2482 2746 ornandis

1460 2770 1726 2834 provinciis
1757 2769 2094 2819 consularibus
2123 2772 2385 2823 scribendo
2401 2776 2478 2823 af-

1458 2849 1660 2897 fuisse».
1694 2848 1757 2894 Et
1786 2848 1840 2895 in
1879 2849 2083 2913 epistola
2118 2849 2181 2898 ad
2216 2852 2479 2915 Catonem,

1459 2926 1526 2974 ad
1545 2926 1659 2974 niv.
1676 2924 1898 2974 lib.xv:
1926 2950 1952 2970 ι
1965 2927 2288 2989 Provinciam,
2302 2930 2478 2997 inquit,

1462 3015 1682 3053 ornatam
1709 3013 1758 3052 et
1786 3020 1920 3069 spem
1945 3022 2048 3054 non
2083 3007 2280 3058 dubiam
2313 3012 2483 3060 trium·
2547 3011 2560 3023 ’

1463 3084 1552 3149 phi
1599 3082 1794 3146 neglexi
1815 3105 1861 3131 n.
1909 3086 2103 3133 Poterat
2153 3088 2281 3134 enim
2342 3090 2482 3138 facile

1463 3162 1766 3226 triumphum
1802 3177 2024 3225 sperare,
2057 3180 2210 3227 quum
2249 3178 2480 3215 ornatam

1462 3241 1766 3305 provinciam
1793 3240 2058 3304 acciperet,
2105 3242 2159 3291 h.
2195 3260 2238 3290 e.
2263 3246 2482 3294 exercitu

1463 3319 1767 3382 pecuniaque
1809 3320 2107 3366 instructam.
2151 3320 2212 3368 m
2246 3331 2319 3369 est
2352 3324 2486 3371 enim

1461 3420 1486 3439 α
1504 3412 1678 3446 ornare
1693 3396 1994 3460 provinciam
2008 3418 2052 3445 a.
2071 3399 2219 3446 Inau.

1534 3477 1583 3523 8.
1611 3475 1840 3539 Imperio.
1869 3474 2051 3524 ciliciae
2069 3476 2298 3525 videlicet
2323 3478 2483 3528 admi»-

1462 3553 1768 3603 nisu-atione.
1791 3555 1938 3601 lnam.

1537 3650 1585 3698 9.
1643 3632 1868 3683 Mdtavit.
1909 3632 2166 3683 Sordida·
2201 3648 2334 3686 veste
2355 3674 2369 3699 ,
2419 3640 2483 3689 ad

1466 3714 1866 3763 commovendam
1905 3713 2310 3776 misericordiam,
2353 3732 2484 3767 sum-

1466 3803 1550 3859 pta
1574 3809 1587 3842 :
1616 3792 1754 3857 quod
1777 3806 2056 3855 magnarum
2088 3792 2409 3845 calamitatum
2435 3798 2486 3847 in

1470 3884 1603 3920 metu
1651 3872 1804 3919 facere
1845 3870 2066 3920 solebant
2101 3888 2114 3921 :
2151 3875 2336 3941 itaque,
2382 3878 2492 3941 lege

1471 3950 1644 4001 Clodia
1681 3950 1986 4017 promulgata
2006 3984 2022 4009 ‚
2064 3953 2292 4003 vestitum
2323 3968 2374 4005 et
2409 3958 2492 4006 Ci-

434 4034 485 4083 5.
504 4033 653 4095 Vulg.
675 4054 701 4073 a
716 4046 769 4078 xv
796 4029 863 4077 id.
878 4050 903 4072 ιι
924 4028 1078 4087 Male,
1098 4040 1151 4077 nt
1175 4031 1389 4094 probant
1475 4048 1586 4079 cero
1655 4046 1765 4079 cum
1818 4030 2158 4080 innumerabili
2225 4018 2494 4083 amicornm

360 4114 627 4179 sequentia.
652 4110 776 4159 LV.
798 4110 853 4155 1..

510 4200 632 4269 ῙΙῙ.
692 4214 787 4263 cic.
805 4230 926 4283 pars
959 4224 1146 4281 quae-ea.

1478 4111 1826 4174 clientiumque
1851 4110 2160 4160 multitudine
2187 4124 2470 4162 mutaverat.

2165 4198 2250 4294 37
