3019 4681
700 396 1217 466 EPIsToLAE
1266 396 1406 463 AD
1456 396 1970 483 ATTmUM,
2011 398 2181 484 xv,
2230 422 2298 491 9.
2393 400 2568 485 441

547 520 663 589 Dii
702 514 1166 587 immortales!
1199 541 1417 612 quam
1446 542 1564 591 me
1603 517 2115 589 conturbatum
2147 520 2383 591 tenuit
2420 524 2574 619 epi-

452 628 648 699 stolae
675 642 815 699 tuae
860 628 1057 741 prior
1090 628 1389 724 pagina?
1420 627 1601 725 quid
1631 643 1874 700 autem
1916 629 2048 700 iste
2085 630 2162 700 in
2199 627 2418 701 domo
2453 646 2578 703 tua

450 762 653 811 casus
672 760 1041 808 armorum
1024 716 1273 808 ⁶?Sed
1290 738 1489 809 hunc
1511 738 1803 836 quidem
1830 738 2164 811 nimbum
2189 743 2332 812 cito
2349 755 2578 812 trans-

446 848 611 917 iisse
648 845 871 917 laetor.
918 850 1031 917 Tu
1061 846 1237 943 quid
1276 850 1503 945 egeris
1527 863 1652 919 tua
1677 874 1909 945 quum
1937 852 2158 937 tristi,
2185 864 2340 921 tum
2366 854 2581 922 etiam

448 955 718 1028 difficili
758 956 849 1027 ad
896 957 1421 1057 consiliandum
1465 958 1864 1056 legatione⁷
1887 1012 1907 1047 ,
1959 957 2420 1031 vehementer
2459 984 2586 1030 ex-

446 1082 715 1165 spect0.
764 1072 888 1137 Est
939 1070 1133 1138 enim
1187 1068 1704 1166 inexplicabilis
1755 1096 1770 1138 :
1827 1069 1926 1138 ita
1975 1067 2587 1141 circumsedemur

444 1178 669 1273 copiis
695 1175 1061 1257 omnibus,
1104 1180 1223 1249 Me
1262 1179 1561 1274 quidem
1591 1182 1792 1251 Bruti
1830 1178 2090 1267 literae,
2129 1202 2309 1275 quas
2340 1192 2584 1249 osten·

442 1284 555 1359 dis
590 1309 631 1356 a
667 1301 737 1357 te
781 1278 998 1358 lectas
1019 1339 1042 1375 ‚
1083 1290 1179 1359 ita
1206 1288 1764 1386 perturbarunt,
1790 1302 1907 1376 ut,
1938 1312 2384 1386 quamquam
2418 1284 2584 1361 an‘te

444 1397 740 1495 egebam
778 1401 1111 1490 consilio,
1145 1414 1387 1471 tamen
1413 1402 1636 1471 animi
1663 1399 1916 1472 dolore
1945 1401 2079 1471 sim
2115 1398 2409 1471 tardior.
2443 1398 2582 1470 Sed

442 1506 694 1605 plura,
734 1534 965 1607 quum
988 1511 1121 1581 ista
1151 1534 1492 1606 cognom.
1523 1514 1678 1583 Hoc
1709 1526 1943 1581 autem
1976 1522 2307 1606 tempore
2327 1564 2346 1597 ,
2382 1508 2588 1605 quod
2679 1580 2686 1585 .

441 1616 831 1688 scriberem
854 1672 873 1705 ,
901 1618 1083 1697 nihil
1113 1634 1263 1689 erat
1280 1673 1300 1708 ,
1334 1644 1570 1718 eoque
1593 1614 1834 1724 minus
1852 1674 1872 1708 ‚
1899 1618 2095 1717 quod
2124 1617 2546 1689 dubitabam
2563 1672 2584 1705 ,

439 1739 523 1797 tu
563 1728 692 1799 has
720 1732 908 1827 ipsas
946 1730 1188 1824 literas
1225 1754 1505 1802 essesne
1550 1744 1998 1827 accepturus.
2037 1733 2205 1799 Erat
2242 1728 2434 1800 enim
2466 1728 2582 1797 in-

438 1852 761 1924 certum‚·
785 1842 1163 1911 visurusne
1190 1854 1262 1912 te
1287 1855 1473 1913 esset
1505 1840 1939 1913 tabellarius.
1972 1844 2123 1937 Ego
2154 1854 2312 1909 tuas
2339 1836 2578 1909 literas

436 1946 902 2021 vehementer
933 1966 1293 2049 exspectO.

508 2083 559 2132 6.
578 2084 727 2133 Casus
742 2102 1007 2136 armorum.
1025 2088 1201 2137 Rinm
1218 2086 1461 2152 signifieat

436 2162 604 2210 nescio
624 2180 768 2227 quam
783 2166 835 2213 in
852 2166 1007 2214 Attici
1020 2165 1169 2215 domo
1188 2179 1344 2215 ortam
1355 2202 1371 2231 ,
1392 2168 1459 2216 ita

436 2250 491 2287 ut
513 2239 577 2288 ad
601 2257 728 2290 arma
750 2254 947 2293 ventum
974 2246 1055 2294 ait.
1077 2249 1225 2295 Mau.

1548 2104 1660 2137 nem
1681 2089 1884 2137 liberem
1898 2121 1915 2147 ‚
1953 2104 2064 2152 quae
2089 2085 2394 2138 aenatoribus
2419 2084 2568 2133 daba-

1547 2178 1634 2217 tur
1653 2178 1788 2216 extra
1806 2166 1993 2215 Italiam
2010 2164 2319 2215 abeuntibus.
2346 2166 2416 2212 At
2436 2180 2578 2212 eena-

1549 2258 1629 2295 tor
1652 2248 1845 2295 Atticus
1870 2262 1973 2293 non
1999 2256 2116 2293 erat.
2146 2244 2318 2293 Aliena
2339 2253 2412 2291 est
2429 2243 2576 2309 igitur

509 2335 556 2381 7.
588 2321 873 2386 Legatione.
903 2325 989 2374 Est
1027 2324 1235 2391 legatio,
1278 2336 1333 2374 ut
1349 2343 1459 2390 pro-

436 2398 625 2458 vincia,
651 2403 837 2465 negotii
874 2403 1164 2464 cujuslibet,
1190 2407 1367 2471 privati
1394 2423 1459 2456 an

430 2479 619 2544 publici
642 2483 950 2545 procuratio,
979 2484 1057 2531 vel
1095 2485 1289 2534 aliunde
1320 2503 1458 2534 com-

429 2560 600 2619 mim,
620 2560 699 2608 vel
720 2575 897 2626 sponte
932 2574 1172 2628 suscepta.
1206 2565 1464 2614 consiliari

428 2655 533 2689 non
554 2651 625 2689 est
653 2641 765 2690 dare
787 2643 1073 2706 consilium,
1093 2643 1179 2693 sed
1207 2645 1457 2692 consulta-

430 2735 513 2778 re,
532 2719 818 2770 deliberare.
854 2723 1003 2785 Quod
1036 2723 1334 2787 neglexerint
1357 2723 1462 2771 haec

428 2799 717 2862 interpretes
729 2799 750 2862 (
763 2816 865 2848 nou
880 2801 1008 2847 enim
1028 2801 1273 2864 ignorasse
1288 2800 1454 2865 puto),

430 2877 597 2926 fabam
625 2878 853 2926 Ciceroni
876 2879 1161 2928 sententiam
1186 2877 1453 2940 effinxere,

430 2957 569 3018 quani
594 2957 923 3005 constituisset
948 2958 1139 3006 Atticus
1160 2993 1175 3018 ,
1200 2915 1457 3021 legationi:

430 3033 617 3097 specie,
642 3035 705 3081 ab
732 3035 863 3082 Urbe
895 3035 1171 3095 discedere3
1199 3054 1295 3100 qua
1320 3037 1381 3084 de
1404 3053 1457 3084 re

433 3111 563 3160 dieat
584 3113 789 3176 Cicero,
808 3113 1008 3162 difficile
1032 3131 1133 3162 esse
1149 3151 1163 3174 ‚
1188 3126 1243 3163 nt
1276 3118 1383 3180 quis
1410 3115 1457 3162 ei

430 3189 545 3238 dare
557 3191 811 3239 consilium
828 3194 999 3256 possit.
1015 3194 1115 3254 Qui
1131 3195 1199 3241 sic
1221 3195 1453 3255 sentiunt,

428 3267 696 3334 intelligere
728 3285 834 3318 non
869 3271 1099 3318 videntur
1130 3273 1225 3320 nini
1246 3273 1450 3336 legatio-

1547 2324 1826 2390 explicandi
1843 2324 1949 2373 haec
1972 2325 2113 2374 ratio,
2133 2324 2386 2388 Aptior-em
2404 2337 2577 2386 sugge-

1546 2407 1611 2455 rit
1627 2406 1958 2471 Mougaltius,
1979 2421 2125 2470 quem
2139 2419 2334 2468 aequor.
2353 2404 2576 2452 Atticum

1545 2487 1774 2536 invitarat
1790 2486 2008 2534 Brutus·
1993 2501 2046 2534 m
2071 2501 2212 2532 suum
2228 2483 2498 2532 Lanuvium
2511 2483 2576 2530 nd

1548 2565 1902 2614 consiliandum
1921 2581 2033 2613 cum
2059 2562 2244 2612 amicis.
2265 2564 2384 2610 Haec
2401 2559 2482 2608 illa
2502 2572 2576 2609 est

1547 2643 1725 2707 legatio
1759 2655 1810 2692 et
1835 2644 2086 2708 provincia
2113 2641 2292 2698 tristis,
2321 2637 2573 2698 difficilis,

1550 2720 1920 2786 inexplicabilis.
1944 2725 2102 2769 Antea
2119 2736 2273 2783 quum
2293 2727 2418 2766 esset
2435 2733 2575 2780 roga-

1545 2810 1657 2858 tus,
1680 2809 1736 2846 ut
1775 2800 1977 2847 Brutum
2005 2798 2172 2845 eadem
2199 2797 2260 2844 de
2285 2811 2424 2844 causa
2449 2811 2572 2844 con·

1546 2879 1757 2935 veniret,
1785 2879 1872 2924 «Ο
1899 2893 2026 2936 rem,
2055 2877 2242 2940 inquit,
2258 2891 2404 2940 supra
2429 2875 2572 2938 epist.

1548 2965 1604 3014 4,
1637 2956 1854 3014 odiosam
1891 2967 1940 3004 et
1965 2955 2424 3020 inexplicabilem.
2455 2954 2571 3001 Sine

1546 3036 1714 3084 Attico
1741 3034 2070 3082 deliberarunt
2094 3034 2193 3081 alii.
2222 3035 2332 3080 Fuit
2358 3033 2496 3080 enim
2511 3031 2573 3080 ab

1546 3113 1846 3162 coitionibus
1865 3113 2107 3173 ejusmodi
2137 3127 2327 3175 semper
2349 3111 2570 3172 alienun,

1543 3205 1600 3241 ut
1627 3191 1847 3258 locuples
1872 3205 2044 3242 auctor
2061 3194 2292 3242 narratiu
2317 3189 2472 3254 ipsius
2497 3190 2570 3238 vi-

1543 3283 1592 3322 ta
1618 3273 1873 3322 Cornelius
1897 3273 2084 3338 Nepos,
2111 3288 2219 3336 cap.
2241 3272 2288 3319 8.
2318 3271 2462 3318 Ouv.

1115 3569 1716 3646 EPISTOLA
1785 3571 1882 3650 X.-

346 3777 357 3793 .
424 3732 720 3786 Incertum
742 3747 803 3786 se
828 3745 953 3786 esse
976 3727 1211 3800 fatetur,
1231 3727 1512 3806 quidnam
1530 3702 1713 3786 Bruto
1736 3727 1962 3786 consilii
1979 3723 2097 3785 det.
2119 3731 2211 3799 (In
2231 3728 2577 3794 TusculauO,

1004 3818 1158 3882 anno
1182 3829 1255 3884 U.
1284 3828 1347 3883 C.
1375 3843 1491 3903 709
1512 3868 1530 3898 ‚
1559 3843 1756 3882 mense
1776 3824 2004 3902 junio.)

1102 3961 1410 4025 CICERO
1457 3961 1778 4026 ATTICO
1823 3961 1884 4026 S.

520 4095 583 4158 Ο
621 4093 822 4161 Bruti
852 4097 1175 4164 amanter
1220 4094 1520 4190 scriptas
1563 4093 1849 4166 literas!
1888 4119 1933 4164 o
1973 4097 2306 4190 iniquum
2359 4089 2568 4162 tuum
