3019 4681
43 568 54 951 -r-v—-v-

592 398 1136 471 EPISTOLAE
1187 399 1324 469 AD
1373 400 1461 495 Q.
1500 400 2031 486 FRATREM,
2066 402 2227 487 ΙΙΙ,
2273 424 2329 470 1.
2382 400 2529 499 629

401 522 708 595 afflictus
739 537 867 594 est.
903 518 1104 595 Nihil
1153 519 1280 592 illo
1341 524 1642 619 turpius.
1702 524 2080 595 Proximus
2138 538 2382 597 tamen
2428 540 2536 597 est

401 631 584 701 Piso.
631 631 886 726 Itaque
929 624 1312 698 mirificum
1351 624 1716 720 ἑμὸόλιονθθ
1749 632 1988 726 cogito
2020 630 2094 700 in
2134 630 2534 701 secundum

401 739 758 812 librorum
800 763 1129 811 meorum
1170 736 1579 825 includere,
1620 737 1978 823 dicentem
2013 738 2423 838 Apollinem
2454 742 2534 813 in

401 851 709 923 concilio
728 849 1034 921 deorum
1051 903 1070 937 ‚
1107 848 1336 945 qualis
1365 848 1643 920 reditus
1672 847 1985 919 duorum
2014 852 2535 947 imperatorum

400 960 688 1035 futurus
733 976 958 1048 esset3
1003 984 1322 1057 quorum
1380 958 1560 1031 alter
1608 960 2003 1031 exercitum
2052 959 2480 1059 perdidisset
2517 1015 2538 1050 ‚

399 1072 581 1144 alter
609 1068 1072 1142 vendidisset.
1107 1074 1206 1140 Ex
1243 1069 1609 1140 Britannia
1641 1072 1875 1141 Caesar
1908 1068 1998 1141 ad
2030 1094 2149 1141 me
2178 1069 2317 1141 kal.
2352 1085 2535 1169 sept.

403 1180 602 1253 dedit
637 1181 912 1268 literas;
949 1204 1130 1275 quas
1161 1204 1296 1277 ego
1333 1180 1577 1278 accepi
1610 1204 1651 1250 a
1679 1178 1750 1251 d.
1789 1204 1903 1251 1111
1933 1179 2221 1267 kalend.
2254 1180 2535 1253 octobr.

404 1295 572 1363 satis
613 1289 1032 1361 commodas
1049 1300 1112 1345 ⁷⁰
1145 1288 1236 1361 de
1277 1290 1702 1361 Britannicis
1753 1290 1975 1362 rebus
2014 1319 2031 1361 ε
2068 1290 2337 1388 quibus
2367 1347 2387 1380 ‚
2448 1316 2542 1375 ne

405 1400 756 1489 admirer,
786 1398 989 1497 quod
1015 1424 1056 1469 a
1089 1414 1160 1471 te
1193 1398 1428 1471 nullas
1464 1400 1860 1495 acceperim
1880 1454 1901 1489 ‚
1940 1399 2185 1481 scribit
2210 1455 2230 1489 ‚
2273 1425 2349 1473 se
2386 1404 2541 1474 sine

406 1524 477 1582 te
517 1508 741 1582 fuisse
764 1564 784 1599 ‚
807 1534 1040 1607 quum
1083 1508 1176 1580 ad
1215 1532 1412 1580 mare
1455 1509 1855 1581 accesserit.
1894 1507 2004 1579 Ad
2036 1534 2153 1580 eas
2184 1534 2319 1607 ego
2349 1512 2415 1581 ei
2452 1510 2539 1581 li·

406 1635 592 1693 teras
656 1618 838 1691 nihil
895 1620 1262 1717 rescripsi,
1328 1643 1421 1689 ne
1480 1616 1886 1715 gratulandi
1939 1615 2236 1713 quidem
2292 1643 2541 1708 causa,
2620 1634 2629 1641 “

405 1744 714 1831 propter
753 1730 910 1826 ejus
943 1730 1315 1801 luctumv.
1339 1732 1439 1798 Te
1469 1751 1603 1798 oro
1640 1728 1853 1799 etiam
1882 1740 2101 1823 atque
2142 1729 2353 1797 etiam
2381 1782 2400 1817 ‚
2444 1732 2545 1818 mi

405 1841 661 1927 frater,
699 1856 781 1913 ut
824 1841 1081 1912 valeas.
2243 1834 2249 1839 ’

408 2048 609 2085 tremam
669 2034 922 2099 sententia
973 2043 1163 2099 partem,
1223 2032 1423 2082 omittit.
1514 2043 1668 2089 Imm.
1690 2064 1763 2076 --
1792 2040 1913 2087 Hac
1940 2048 2105 2087 umen
2128 2038 2273 2087 verb·
2288 2073 2305 2097 ,
2342 2039 2542 2102 *uem

477 2115 565 2177 69.
592 2102 848 2183 Εμῧόλιον.
880 2117 1071 2163 Partem
1090 2113 1348 2178 quamdam
1364 2112 1428 2161 ab
1513 2116 1598 2166 ille
1616 2138 1673 2179 a,
1698 2132 1808 2181 quae
1832 2117 2061 2182 leguntur
2084 2133 2255 2182 supra,
2277 2134 2385 2182 cap.
2408 2119 2461 2177 5,
2476 2118 2537 2168 de

405 2203 692 2257 argu-ento
718 2194 982 2258 proposito
1006 2194 1275 2255 sejunctam
1296 2227 1312 2254 ,
1347 2192 1425 2240 in·
1514 2196 1660 2246 Julioe
1706 2194 1820 2245 ffliae
1859 2196 2063 2247 interitu
2104 2196 2269 2245 noluit
2312 2196 2536 2262 intelligi.

411 2272 792 2337 tei-positionem.
818 2274 963 2321 Lus.
1516 2275 1756 2339 Equidem
1773 2276 1951 2336 fateor,
1972 2292 2075 2327 nou
2092 2292 2283 2342 temper
2300 2276 2402 2325 vim
2426 2276 2542 2325 sub-

483 2368 563 2414 7⁰·
591 2351 721 2412 Satis
735 2352 1032 2402 commodas.
1057 2354 1182 2402 sni·
1197 2368 1430 2418 prospera
1518 2372 1621 2405 esso
1660 2355 1864 2405 omnino
1910 2357 2129 2406 eumdem
2171 2356 2249 2412 his
2298 2352 2505 2407 vocibus
2522 2389 2539 2416 ‚

410 2429 738 2497 significantes
755 2431 816 2480 de
835 2431 1119 2481 Britannico
1138 2431 1296 2496 bello,
1314 2431 1432 2480 ntis
1522 2456 1546 2480 ιι
1562 2452 1726 2498 mus,
1741 2436 1904 2485 luctus
1920 2457 1965 2487 ι.
1986 2435 2099 2495 Sed,
2123 2452 2274 2500 quum
2290 2435 2353 2484 de
2366 2435 2541 2484 eodem

406 2529 469 2560 ex
487 2521 650 2562 nostra
667 2513 935 2562 voluntate.
959 2515 1114 2563 Ῑυιιι.
1519 2519 1575 2564 in
1598 2516 1767 2565 eadem
1796 2515 2028 2565 dicuntur
2052 2515 2255 2580 epistola
2271 2549 2289 2577 ‚
2316 2531 2395 2562 ren
2421 2511 2543 2562 duas

482 2610 508 2655 7
521 2609 566 2645 1.
616 2595 832 2642 Laetum.
879 2592 960 2642 Ob
995 2587 1250 2642 interitum
1277 2590 1430 2660 [fllia.
1520 2594 1781 2660 significari
1800 2611 1903 2644 non
1920 2595 2061 2646 facile
2072 2595 2380 2657 crediderim.
2393 2597 2545 2644 Omv.

933 2779 2179 2836 muman-mmmmm„
2456 2798 2547 2818 m

1060 3011 1691 3091 EPISTOLA
1787 3014 1898 3092 II.

412 3177 722 3240 Gabinium
765 3177 1102 3238 redeuntem
1134 3181 1197 3238 in
1239 3179 1476 3252 urbem,
1522 3179 1581 3238 in
1626 3193 1828 3239 senatu
1876 3180 2025 3238 maie
2064 3191 2330 3237 vexatum
2350 3220 2367 3246 ‚
2410 3191 2469 3236 et
2510 3197 2547 3236 a

491 3273 770 3336 Memmio
799 3273 1034 3334 tribuno
1077 3277 1158 3354 pl.
1198 3274 1274 3333 ad
1307 3277 1592 3356 populum
1631 3277 1780 3335 male
1814 3287 2121 3334 &actatum
2150 3293 2273 3333 esse
2291 3317 2310 3347 ‚
2356 3293 2423 3332 ac
2472 3274 2547 3333 de

485 3371 707 3452 judicio
723 3371 848 3449 ejus
861 3373 1122 3451 proxime
1144 3373 1370 3446 futuro,
1397 3386 1829 3432 commemorat.
1846 3371 2075 3430 Deinde
2099 3371 2202 3450 qui
2229 3369 2303 3428 de
2328 3369 2550 3430 ambitu

493 3471 578 3530 rei
607 3469 752 3545 sint,
783 3491 914 3549 quae
949 3471 1318 3530 comitiorum
1345 3491 1476 3550 spes
1502 3471 1609 3544 sit,
1654 3470 2027 3530 demonstrat.
2080 3468 2354 3549 (Romae,
2393 3487 2549 3528 anno

493 3571 570 3628 U.
586 3571 650 3627 C.
678 3567 795 3645 699
816 3611 834 3641 ‚
861 3587 1057 3627 mense
1088 3567 1375 3644 octobri.)

1013 3758 1360 3824 MARCUS
1403 3759 1490 3842 Q.
1537 3703 1858 3822 FRATm
1902 3757 1967 3822 s,

518 3896 596 3962 A.
646 3915 716 3961 n.
750 3915 848 3960 v1
901 3889 998 3960 id.
1055 3888 1340 3963 octobr
1403 3871 1679 3962 Salvius
1733 3892 2013 3962 Ostiam
2062 3891 2346 3989 vesperi
2387 3894 2553 3961 navi

421 3999 789 4122 profectus
827 4014 979 4071 erat
1015 4024 1183 4071 cum
1219 4001 1307 4071 iis
1352 3998 1623 4090 rehm,
1678 4025 1861 4098 quas
1908 3999 2041 4076 tibi
2098 3999 2319 4084 domo
2373 4002 2631 4100 mitti

423 4091 774 4184 volueras.
815 4109 1090 4183 Eodem
1129 4111 1244 4182 die
1271 4109 1657 4184 Gabinium
1690 4110 1781 4183 ad
1811 4111 2165 4211 populum
2195 4110 2563 4183 luculente
