3019 4681
540 376 544 381 ’
605 384 1121 454 EPISTOLAE
1169 383 1303 451 AD
1355 383 1872 469 ATTICUM,
1905 386 2124 471 XVI,
2171 382 2278 453 16.
2385 381 2520 478 517

395 522 470 579 te
492 506 729 579 literas
752 504 1048 577 daturos
1074 527 1229 577 esse
1253 503 1618 576 dixerunt.
1641 508 1793 603 Ego
1815 519 2058 578 autem
2075 559 2096 593 ,
2122 508 2222 575 mi
2247 504 2524 590 Plance,

397 618 528 688 etsi
578 639 729 685 non
782 611 1204 687 dubitabam
1226 669 1247 703 ,
1300 619 1481 711 quin
1531 629 1608 688 et
1661 616 2407 701 senatusconsultum,
2451 630 2526 687 et

392 724 546 811 lex,
590 739 667 796 et
698 722 1079 796 consulum
1127 721 1550 796 decretum⁶
1589 748 1674 796 ac
1716 725 1938 797 literae
1969 723 2164 823 apud
2197 740 2268 797 te
2303 724 2530 824 pluri-

392 860 592 908 mum
630 837 1073 909 auctoritatis
1102 834 1459 907 haberent
1480 890 1501 923 ‚
1546 850 1764 931 teque
1797 835 2022 933 ipsius
2061 836 2276 907 Attici
2313 859 2526 907 causa

388 946 575 1019 velle
625 945 1169 1018 intellexeram:
1210 958 1453 1017 tamen
1491 943 1634 1017 hoc
1658 998 1678 1030 ,
1723 968 1858 1042 pro
1895 946 2412 1039 conjunctione
2451 958 2524 1014 et

388 1054 877 1128 benivolentia
912 1070 1157 1155 nostra
1174 1110 1197 1144 ‚
1222 1054 1403 1125 mihi
1429 1056 1741 1153 sumpsi,
1761 1068 1858 1155 ¹ut
1883 1052 1954 1125 id
1989 1078 2030 1124 a
2062 1067 2134 1125 te
2163 1068 2484 1152 peterem
2503 1108 2524 1139 ‚

388 1164 595 1262 quod
634 1178 760 1235 tua
808 1163 1188 1261 singularis
1239 1162 1650 1236 humanitas
1695 1164 2242 1260 suavissimique
2285 1188 2524 1237 mores

388 1299 431 1345 a
463 1288 535 1345 te
570 1288 811 1345 essent
846 1276 1323 1371 impetraturi.
1382 1272 1467 1344 Id
1515 1289 1756 1346 autem
1801 1289 1942 1357 est,
1983 1287 2066 1344 ut
2105 1273 2247 1345 hoc
2266 1328 2287 1361 ,
2323 1274 2526 1371 quod

388 1398 462 1456 te
500 1398 629 1455 tua
669 1397 933 1481 sponte
972 1379 1335 1455 facturum
1378 1406 1534 1455 esse
1570 1400 1772 1457 certo
1810 1387 2000 1471 scio,
2045 1384 2347 1459 honoris
2392 1410 2523 1455 no·

386 1496 517 1565 stri
538 1517 747 1567 causa
775 1492 1122 1581 libenter,
1146 1491 1423 1592 prolixe
1443 1547 1464 1582 ,
1486 1492 1815 1565 celeriter
1841 1491 2080 1566 facias.
2099 1492 2277 1563 Mihi
2303 1517 2522 1564 nemo

386 1618 496 1675 est
540 1604 859 1691 amicior,
908 1626 1045 1675 nec
1082 1600 1499 1697 jucundior,
1537 1626 1676 1675 nec
1722 1604 1954 1675 carior
2000 1605 2281 1674 Attico:
2322 1603 2526 1697 cujus

384 1728 595 1786 antea
640 1736 758 1784 res
808 1708 1048 1784 solum
1105 1710 1471 1783 familiaris
1523 1712 1900 1809 agebatur,
1953 1737 2183 1809 eaque
2221 1736 2520 1809 magna;

386 1848 583 1897 nunc
652 1822 951 1895 accessit
1022 1822 1236 1893 etiam
1304 1821 1736 1893 existimatio
1763 1876 1782 1908 ‚
1843 1836 1966 1909 ut,
2023 1820 2224 1918 quod
2270 1845 2524 1893 conse·

384 1947 657 2032 quutus
691 1948 800 2005 est
831 1956 1093 2030 magna
1124 1946 1197 2003 et
1235 1928 1586 2003 industria
1605 1986 1624 2019 ,
1660 1946 1734 2002 et
1769 1934 1991 2027 gratia
2010 1984 2031 2017 ,
2077 1946 2150 2001 et
2181 1931 2343 2013 vivo
2372 1933 2520 2001 Cae-

383 2068 581 2129 sare,
616 2058 691 2115 et
718 2057 1014 2114 mortuo
1036 2094 1057 2131 ‚
1090 2039 1199 2127 id,
1236 2054 1305 2111 te
1332 2038 1714 2136 adjuvante
1751 2040 2096 2114 obtineat.
2133 2041 2347 2132 Quod
2385 2044 2447 2121 si
2479 2064 2522 2111 a

383 2170 457 2227 te
500 2158 637 2225 erit
684 2155 1151 2252 impetratum
1179 2206 1201 2238 ,
1252 2154 1353 2223 sic
1394 2152 1612 2223 velim
1658 2152 2058 2237 existimeS,
2103 2175 2219 2222 me
2261 2149 2352 2222 de
2395 2165 2518 2222 tua

383 2262 807 2335 liberalitate
857 2264 955 2334 ita
1004 2264 1647 2360 interpretaturum
1671 2319 1690 2351 ,
1735 2276 1819 2333 ut
1874 2277 2004 2334 tuo
2047 2286 2336 2335 summo
2384 2258 2538 2333 be·-

382 2373 643 2446 neficio
670 2396 787 2443 me
814 2369 1157 2444 affectum
1180 2371 1525 2468 judicem.
1557 2379 1707 2470 Ego
1731 2428 1750 2462 ,
1779 2397 1940 2471 quae
1967 2388 2041 2445 te
2070 2371 2254 2446 velle
2271 2427 2294 2460 ,
2325 2398 2518 2470 quae·

378 2471 527 2582 que
554 2483 643 2555 ad
673 2497 743 2554 te
773 2483 1133 2580 pertinere
1164 2482 1575 2556 arbitrabor
1591 2538 1612 2571 ,
1637 2483 1958 2556 studiose
1986 2482 2514 2582 diligenterque

378 2593 673 2667 curabo.
714 2597 823 2665 Da
860 2616 1158 2691 operam
1184 2647 1203 2680 ‚
1241 2609 1324 2665 ut
1359 2596 1614 2668 valeas.
1644 2640 1652 2649 ι

449 2795 502 2842 6.
536 2794 795 2844 Consulum
805 2793 1070 2843 decretum.
1095 2794 1248 2858 Quod
1268 2795 1399 2842 enim
1487 2796 1701 2846 lantibus
1719 2796 2086 2858 decreverat,id
2102 2807 2270 2860 postea
2291 2795 2516 2846 consules

378 2873 535 2922 Cesar
552 2873 605 2920 in
623 2887 767 2920 causa
786 2871 1041 2920 Buthrotia
1066 2872 1210 2920 nobis
1225 2885 1397 2938 postu-
1488 2875 1683 2923 decreto
1714 2863 2058 2939 probaverunt.
2086 2875 2229 2938 Man.

1416 3063 1488 3125 B.

765 3216 1077 3283 clcssno
1120 3216 1488 3298 PLANGO,
1537 3215 1809 3280 PRAET.
1858 3215 2040 3280 DES.
2087 3215 2152 3276 S.

381 3389 629 3448 Causam
653 3385 1095 3454 Buthrotiorum
1125 3386 1335 3446 iterum
1358 3385 1573 3443 Planco
1607 3385 1987 3443 commendat.
2027 3381 2118 3462 (In
2145 3382 2508 3460 Puteolana)

470 3549 616 3614 JAM
645 3557 856 3616 antea
886 3547 1107 3642 petivi
1140 3541 1269 3615 abs
1302 3557 1374 3614 te
1404 3567 1536 3642 per
1561 3543 1800 3614 literas
1822 3597 1841 3631 ‚
1880 3557 1962 3614 ut
1984 3596 2003 3629 ‚
2031 3563 2264 3639 quum
2293 3563 2506 3611 causa

372 3653 916 3727 Buthrotiorum
956 3653 1259 3755 probata
1303 3681 1344 3726 a
1395 3650 1818 3726 consulibus
1856 3667 2042 3725 esset
2064 3706 2083 3741 ,
2125 3649 2396 3750 quibus
2433 3665 2506 3722 et

372 3763 528 3861 lege
549 3819 569 3854 ,
607 3780 678 3837 et
714 3765 1341 3839 senatusconsulto
1392 3764 1822 3864 permissum
1869 3779 2059 3850 erat,
2099 3777 2186 3841 ut
2230 3760 2322 3832 de
2363 3763 2505 3832 Cae-

372 3875 547 3946 saris
592 3877 765 3948 actis
804 3891 1363 3974 cognoscerent,
1402 3889 1798 3980 statuerent
1819 3929 1838 3963 ‚
1876 3873 2315 3970 judicarent,
2347 3896 2503 3944 eam

372 4009 525 4056 rem
589 4001 671 4057 tu
730 3987 1152 4084 adjuvares3
1223 3991 1690 4082 Atticumque
1751 3998 2078 4055 nostrum
2104 4037 2123 4068 ‚
2179 3981 2381 4077 cujus
2433 3995 2504 4050 te

371 4093 776 4172 studiosum
818 4099 1159 4196 cognovi,
1214 4113 1287 4170 et
1344 4121 1459 4168 me
1482 4153 1501 4186 ‚
1557 4097 1684 4192 qui
1733 4121 1880 4168 non
1928 4091 2166 4166 minus
2205 4091 2458 4164 laboro
2481 4143 2499 4176 ,
