3019 4681
492 341 625 413 188
1112 339 1207 407 M.
1256 339 1335 406 T.
1393 336 1981 409 CICERONIS

480 466 780 536 sionem.
824 459 963 531 Sed
1000 483 1091 530 ex
1127 455 1465 529 omnihus
1500 456 1684 527 nihil
1713 461 1938 556 tnagis
1973 473 2212 532 tamen
2249 461 2620 536 desidera-

481 590 627 660 tur,
672 595 886 670 quam
932 568 1134 667 quod
1174 570 1249 640 in
1295 566 1610 639 Africam
1659 595 1811 641 non
1854 570 2083 641 ierim.
2137 572 2422 645 Judicio
2472 576 2618 647 hoc

480 708 643 756 sum
696 705 905 769 usuS‚
938 706 1088 752 non
1150 703 1303 750 esse
1359 679 1687 750 barbaris
1744 681 2023 753 auxiliis
2062 679 2524 756 sallacissimae
2550 695 2616 728 ¹⁰

478 795 713 893 gentis
747 788 1273 890 rempublicam
1310 787 1874 878 defendendam,
1919 796 2317 889 praesertim
2361 810 2616 866 contra

484 904 879 975 exercitum
909 925 1095 998 saepe
1122 901 1493 971 victorem.
1527 905 1690 972 Non
1726 901 2045 1000 probant
2081 902 2400 978 fortasse.
2431 907 2618 977 Mul·

476 1027 591 1084 tos
640 1017 835 1084 enim
892 1013 1084 1080 viros
1140 1008 1375 1081 bonos
1424 1011 1499 1080 in
1547 1008 1858 1083 Africam
1909 1015 2186 1086 venisse
2228 1015 2489 1105 audio,
2543 1031 2618 1087 et

474 1126 624 1194 scio
683 1120 901 1194 fuisse
954 1136 1186 1191 antea.
1241 1119 1469 1192 Valde
1549 1121 1692 1193 hoc
1775 1123 1940 1194 loco
1964 1134 2025 1169 ¹¹
2093 1150 2381 1223 urgeor.
2483 1129 2618 1199 Hic

478 1256 779 1331 quoque
832 1255 1018 1329 opus
1065 1244 1173 1302 est
1204 1255 1409 1318 casu,
1450 1231 1675 1329 aliqui
1707 1234 1853 1303 sint
1901 1259 1991 1305 ex
2027 1237 2149 1323 iis,
2188 1250 2347 1324 aut,
2383 1239 2442 1306 si
2481 1260 2615 1334 po-

476 1358 653 1432 test,
698 1366 986 1430 omneS‚
1023 1345 1149 1440 qui
1184 1340 1485 1412 salutem
1523 1357 1995 1440 anteponant.
2041 1347 2225 1417 Nam
2268 1347 2329 1417 si
2373 1371 2618 1444 perse·

478 1467 732 1525 verant
781 1467 854 1524 et
906 1452 1289 1537 obtinent3
1346 1451 1523 1548 quid
1574 1452 1786 1524 nobis
1840 1452 2174 1526 futurum
2228 1460 2354 1544 sit,
2397 1456 2619 1528 vides.

478 1569 689 1636 Dices
712 1621 731 1655 ‚
776 1561 953 1661 quid
996 1562 1174 1650 illis,
1222 1563 1281 1634 si
1315 1565 1484 1633 victi
1523 1566 1789 1635 erunt?
1821 1569 2214 1638 Honestior
2252 1582 2359 1638 est
2389 1568 2630 1665 plaga..

478 1682 643 1747 Haec
684 1698 803 1746 me
845 1677 1281 1745 excruciant.
1333 1672 1631 1771 Sulpicii
1661 1691 1902 1746 autem
1941 1677 2319 1748 consilium
2345 1689 2433 1766 ¹²,
2469 1704 2616 1748 non

482 1787 868 1884 scripsisti,
917 1809 1047 1856 cur
1082 1808 1248 1855 meo
1285 1808 1436 1855 non
1482 1796 2005 1883 antepone-res:
2048 1787 2249 1884 quod
2297 1789 2431 1858 etsi
2467 1812 2620 1858 non

484 1911 631 1968 tam
670 1895 1066 1994 gloriosum
1103 1908 1253 1982 est,
1285 1917 1507 1992 quam
1527 1893 1924 1986 Catonis13,
1948 1910 2190 1968 tamen
2205 1911 2277 1968 et
2296 1896 2621 1995 periculo

482 2031 795 2079 vacuum
833 2021 981 2094 est,
1022 2020 1095 2076 et
1138 2004 1412 2076 dolore.
1460 2009 1881 2076 Extremum
1921 2011 2110 2077 est¹4
2151 2031 2408 2078 eorum
2432 2061 2452 2091 ‚
2496 2007 2621 2102 qui

485 2121 559 2190 in
598 2116 865 2190 Achaia
897 2131 1113 2188 sunt:
1159 2117 1211 2185 ii
1247 2131 1489 2186 tamen
1525 2115 1661 2213 ipsi
1709 2139 1782 2187 se
1824 2114 1969 2187 hoc
2007 2115 2269 2187 melius
2309 2116 2620 2200 habent,

486 2251 708 2326 quam
737 2251 908 2311 ηοε,
950 2224 1151 2323 quod
1194 2239 1266 2296 et
1300 2225 1511 2295 multi
1546 2239 1720 2296 sunt
1749 2250 1901 2296 uno
1939 2227 2014 2295 in
2051 2226 2245 2312 loco;
2280 2241 2352 2298 et
2390 2251 2619 2324 quum

488 2339 567 2410 in
603 2336 882 2409 Italiam
917 2336 1295 2424 venerint,
1344 2333 1642 2406 domum
1689 2336 1925 2408 statim
1977 2334 2410 2409 venerint15.
2459 2342 2624 2408 Haec

562 2488 999 2540 toAEallacissimae
1013 2486 1441 2553 gentis-Loquitur
1454 2486 1515 2536 de
1601 2487 1664 2535 iis
1685 2488 1808 2548 sint,
1845 2489 1931 2552 qui
1962 2488 2056 2553 ipsi
2081 2489 2144 2537 ab
2170 2492 2314 2537 armis
2338 2488 2588 2538 discedant
2605 2524 2622 2551 ,

484 2571 701 2621 exercitu
728 2572 761 2618 J
762 2568 872 2617 ubae
902 2569 1211 2616 Mauritaniae
1250 2568 1391 2631 regis.
1420 2570 1511 2617 En.

485 2682 553 2691 --
587 2652 793 2715 Urgeor.
834 2647 893 2697 Id
931 2658 1032 2709 est,
1072 2648 1155 2696 vix
1186 2647 1345 2695 habeo
1375 2646 1514 2711 quod

484 2732 549 2779 ad
565 2730 661 2779 hoc
682 2728 1000 2793 respondeam
1018 2746 1031 2777 ε
1052 2728 1149 2775 nisi
1166 2728 1360 2776 fortuna
1379 2744 1512 2776 com-

484 2810 679 2877 parabit
711 2810 901 2873 aliquos
917 2842 932 2868 ,
952 2809 1039 2873 qui
1064 2808 1235 2855 malint
1254 2808 1458 2855 salutem
1482 2821 1508 2854 a

484 2890 672 2939 Caesare
707 2888 951 2951 accipere,
976 2902 1119 2950 quam
1140 2884 1272 2934 bello
1298 2902 1409 2933 cum
1448 2900 1509 2933 eo

480 2966 778 3035 periclitari:
802 2976 885 3014 snt
910 2966 1055 3014 etism
1083 2965 1297 3013 omnium
1320 2966 1508 3013 animos

479 3049 579 3098 huc
606 3046 879 3095 inclinabit.
917 3048 1028 3093 Hoc
1056 3056 1157 3101 est,
1184 3045 1227 3093 si
1254 3044 1435 3093 sacient
1460 3054 1509 3092 et

478 3127 575 3187 illi,
594 3142 685 3192 ego
703 3125 911 3174 videbor
923 3124 1037 3189 plus
1050 3124 1225 3173 vidisse
1238 3158 1252 3183 ,
1266 3125 1353 3188 qui
1364 3123 1509 3172 citius

474 3208 585 3257 feci.
607 3209 655 3256 J.
674 3210 729 3255 F.
752 3208 995 3255 Guonov.
1010 3206 1289 3269 ——Urgeon
1310 3204 1509 3257 Abeun-

479 3288 661 3337 dumue
680 3288 744 3336 sit
764 3288 815 3335 in
838 3286 1055 3334 Africam
1071 3300 1204 3333 nuuc
1218 3319 1234 3346 ,
1270 3284 1357 3332 sed
1373 3283 1512 3331 vide·

482 3378 562 3417 uu·
586 3366 843 3415 inclinasse
860 3368 914 3413 in
940 3364 1084 3413 illud.
1106 3365 1199 3412 En.

557 3462 580 3493 1
594 3462 638 3494 t.
662 3448 772 3493 Hoc
789 3446 979 3493 Ernest.
998 3442 1260 3491 arbitratur
1276 3455 1382 3488 non
1397 3440 1512 3489 satis

482 3526 745 3575 convenire
771 3522 1103 3588 sequentihus.
1129 3520 1225 3570 Sed
1252 3521 1378 3569 forte
1409 3520 1513 3569 siue

484 3620 626 3653 causa
652 3603 803 3651 haeret
822 3618 881 3650 ac
899 3601 1107 3649 dubitat.
1126 3598 1345 3648 Lambin.
1370 3610 1483 3663 post
1496 3632 1514 3660 ‚

483 3694 539 3731 uc
556 3682 718 3747 aliqui
730 3682 843 3730 sinc.
865 3684 916 3731 J.
936 3684 1000 3729 V.
1016 3683 1072 3728 1..
1085 3706 1155 3717 —
1170 3676 1427 3727 Schiitzius
1438 3714 1455 3739 ‚
1472 3676 1518 3726 si

483 3760 644 3825 aliqui
664 3761 762 3808 sim
777 3794 792 3817 ,
821 3770 871 3807 et
908 3760 1121 3824 explicat
1143 3760 1343 3820 :Quum
1370 3758 1512 3805 multi

482 3842 583 3890 sint
598 3841 1000 3903 Pompeianorum
1016 3874 1031 3899 ,
1050 3838 1133 3903 qui
1149 3837 1375 3887 Ciceroni
1389 3837 1512 3885 vitio

483 3929 700 3976 vertant,
739 3916 875 3981 qnod
900 3934 1003 3965 non
1048 3917 1195 3966 simul
1236 3933 1347 3965 cum
1371 3917 1432 3964 iis
1455 3918 1511 3965 in

484 3998 699 4049 Africum
722 3998 854 4055 ierit,
880 4013 1025 4045 unam
1050 4014 1153 4046 esse
1174 4000 1413 4045 rationem
1430 4012 1512 4047 eo-

486 4094 593 4127 rum
620 4076 739 4126 iram
764 4075 1060 4139 effugiendi,
1084 4077 1125 4123 si
1142 4092 1257 4124 casu
1273 4076 1424 4141 aliqui
1444 4093 1506 4125 cx

1601 2580 1686 2617 sut
1705 2584 1874 2617 omues
1899 2569 1998 2617 hoc
2023 2570 2232 2629 saciant,
2259 2570 2396 2635 quod
2423 2571 2509 2618 vix
2541 2585 2627 2617 ex-

1601 2650 1808 2714 spectari
1833 2660 2016 2713 potest.
2039 2651 2129 2697 En.

1677 2746 1693 2776 ι
1708 2746 1757 2780 2.
1811 2730 2011 2795 Sulpicii
2054 2728 2323 2778 consilium.
2379 2728 2627 2795 Sulpicius

1597 2819 1838 2857 manserat
1872 2809 1926 2856 in
1965 2809 2129 2873 aliquo
2176 2809 2365 2873 oppido
2407 2808 2627 2857 neutrius

1598 2887 1779 2951 partis,
1808 2887 1934 2935 sorte
1959 2888 2020 2936 sd
2063 2888 2326 2950 Achaiam,
2363 2888 2444 2935 cui
2462 2903 2490 2935 s
2517 2889 2625 2937 Cae·

1597 2982 1701 3015 ssre
1724 2982 1842 3015 mox
1869 2967 2127 3031 praefectus
2155 2978 2248 3016 est.
2279 2967 2377 3016 En.

1674 3047 1757 3095 13.
1781 3045 1996 3095 Catonis.
2017 3045 2119 3109 Qui
2133 3046 2189 3095 in
2207 3046 2418 3095 Africam
2441 3062 2492 3094 se
2509 3060 2630 3094 con-

1595 3126 1726 3176 tulit.
1753 3128 1846 3175 En.

1674 3213 1758 3261 14.
1783 3206 2070 3252 Extremum
2105 3216 2188 3253 ese.
2229 3204 2587 3252 Cotnmemorat
2604 3237 2621 3264 ,

1599 3301 1709 3349 quae
1723 3297 1896 3333 contra
1923 3300 1976 3333 se
1999 3284 2208 3343 faciunt,
2235 3295 2286 3332 et
2301 3300 2412 3347 quse
2434 3283 2582 3343 objici
2597 3300 2626 3331 a

1598 3364 1744 3412 bonis
1768 3366 1886 3413 viris
1922 3374 2137 3429 possent.
2157 3363 2370 3411 Primum
2386 3397 2401 3422 ‚
2431 3363 2593 3427 inquit
2603 3398 2623 3421 ‚

1600 3444 1890 3507 reprehendi
1915 3460 2114 3509 possum
2133 3478 2146 3505 ,
2174 3440 2313 3507 quod
2327 3442 2382 3489 in
2410 3443 2628 3491 Africam

1599 3538 1704 3571 nou
1723 3524 1860 3572 ierim
1881 3538 1894 3575 ε
1916 3522 2091 3571 deinde
2105 3556 2120 3582 ,
2136 3536 2240 3570 nou
2257 3520 2386 3569 idem
2405 3522 2625 3581 fecerim,

1601 3602 1738 3668 qnod
1763 3602 2006 3668 Sulpicius
2020 3636 2036 3661 ,
2062 3604 2146 3665 qui
2167 3600 2328 3650 sedem
2349 3610 2499 3648 tutam
2521 3612 2573 3649 et
2597 3616 2626 3648 a

1600 3682 1733 3731 bello
1751 3699 1950 3731 vacuam
1979 3682 2124 3746 elegit
2145 3696 2159 3730 ε
2187 3692 2436 3745 postremo
2453 3712 2469 3738 ‚
2490 3680 2627 3743 quod

1599 3778 1705 3810 non
1731 3764 1785 3810 in
1827 3761 2010 3810 Achaia
2039 3761 2359 3808 remanserim.
2399 3761 2513 3807 Hoc
2539 3776 2632 3808 ex-

1602 3850 1810 3889 tremum
1843 3851 1949 3899 est3
2004 3838 2090 3887 sed
2129 3838 2228 3887 hoc
2265 3849 2430 3887 tamen
2469 3838 2628 3886 facere

1599 3919 1772 3967 melius
1797 3920 1919 3980 fuit,
1956 3934 2103 3984 quem
2136 3920 2190 3965 in
2223 3918 2410 3967 Italiam
2440 3920 2623 3966 venire.

1583 3999 1744 4062 *Mun

1676 4077 1738 4124 15
1745 4113 1758 4127 .
1796 4078 2044 4127 Vener-int.
2073 4034 2504 4126 Schiitzsvenieae.
2532 4076 2626 4129 En-
