3019 4681
586 379 1133 448 EPISTOLAE
1182 381 1323 448 AD
1372 381 1897 466 ATTICUM,
1933 381 2178 467 XIII,
2227 383 2344 465 [μ.
2450 379 2592 478 359

442 579 813 602 mmm
818 581 1091 602 mm
1095 581 1275 601 mm
1284 582 2114 603 mmmm-mm
2121 583 2304 603 mm
2308 583 2492 604 mm
2497 585 2588 605 w-

1046 743 1644 840 EPISTOLA
1695 731 1987 828 XLII.

441 915 813 993 Colloquium
838 933 971 974 cum
997 919 1072 991 Q.
1099 915 1220 974 filio
1250 913 1516 974 habitum
1544 913 1822 993 exponit;
1851 916 1926 974 ad
1961 915 2118 976 diem
2139 917 2389 978 natalem
2413 939 2582 978 suum

522 1012 783 1074 Atticum
815 1013 1037 1076 invitat.
1086 1015 1163 1074 Se
1202 1013 1415 1092 Lepidi
1451 1025 1664 1092 rogatu
1697 1017 1945 1074 Romam
1975 1026 2288 1084 venturum
2317 1019 2586 1080 ostendit.

526 1109 633 1189 (In
655 1111 1015 1184 Tusculano,
1042 1129 1197 1169 anno
1220 1115 1290 1168 U.
1308 1113 1375 1170 C.
1397 1109 1536 1184 708,
1565 1130 1763 1170 mense
1785 1111 2038 1188 sextili.)

1128 1287 1447 1354 CICERO
1492 1287 1820 1354 ATTICO
1865 1291 1930 1354 S.

544 1425 777 1492 an‘r
807 1419 929 1492 ille
960 1419 1056 1492 ad
1088 1443 1251 1510 me,
1287 1423 1391 1492 καὶ
1426 1421 1632 1515 μειΐλειιε
1667 1429 1971 1516 κατηφής.
2018 1428 2109 1494 Et
2137 1446 2307 1520 ege,
2349 1428 2467 1496 22³²
2515 1419 2592 1496 δὲ

451 1521 530 1606 δὴ
564 1525 633 1598 τί
666 1531 951 1616 σῦννουςς
992 1529 1273 1625 Rogas?
1311 1527 1589 1623 inquit3
1637 1522 1804 1598 cui³
1847 1529 1990 1599 iter
2036 1529 2256 1600 instet
2280 1584 2301 1618 ,
2347 1543 2422 1600 et
2461 1531 2600 1602 iter

452 1633 547 1720 ad
604 1635 889 1714 bellum
913 1691 935 1724 ,
988 1633 1211 1734 idque
1270 1661 1505 1733 quum
1565 1638 2056 1735 periculosum
2084 1691 2106 1720 ‚
2165 1653 2324 1712 tum
2379 1642 2595 1712 etiam

450 1761 687 1844 turpe.
724 1750 903 1839 Quae
928 1747 1035 1818 vis
1060 1747 1332 1844 igitur?
1361 1751 1684 1843 inquam.
1729 1751 1881 1837 AES,
1915 1750 2197 1847 inquit,
2236 1750 2548 1822 alienum
2578 1779 2594 1822 :

452 1873 525 1931 et
560 1873 806 1931 tamen
842 1883 941 1931 ne
980 1859 1323 1932 viaticum
1368 1859 1692 1956 quidem.
1739 1865 1896 1932 Hoc
1940 1861 2102 1933 loco
2148 1885 2283 1959 ego
2324 1864 2598 1962 sumpsi

450 1967 797 2067 quiddam
840 1967 931 2040 de
962 1983 1090 2041 tua
1130 1969 1571 2067 eloquentia.
1623 1975 1809 2043 Nam
1861 1972 2078 2041 tacui.
2123 1975 2216 2042 At
2257 1970 2414 2042 ille:
2455 1969 2598 2042 Sed

448 2103 571 2153 me
590 2082 905 2156 maxime
922 2081 1124 2178 augit
1150 2078 1575 2154 avunculus.
1598 2079 2008 2171 Quidnam?
2029 2082 2350 2178 inquam.
2377 2079 2598 2170 Quod

448 2190 665 2280 mihi,
710 2191 989 2288 inquit,
1036 2193 1261 2263 iratus
1296 2204 1427 2262 est.
1472 2193 1623 2262 Cur
1671 2189 1982 2289 pateris?
2023 2190 2352 2288 inquam.
2399 2189 2594 2262 Malo

454 2304 646 2374 enim
684 2304 799 2391 ita,
827 2301 1067 2375 dicere
1092 2358 1112 2392 ‚
1162 2325 1383 2400 quam
1405 2356 1425 2393 ‚
1470 2325 1602 2373 cur
1656 2301 2092 2374 committis?
2134 2303 2303 2375 Non
2343 2302 2595 2399 patiar,

450 2412 737 2511 inquit:
770 2438 1059 2486 causam
1100 2416 1293 2485 enim
1333 2412 1602 2485 tollam.
1643 2416 1732 2485 Et
1767 2438 1903 2511 ego
1915 2468 1937 2501 ,
1977 2414 2398 2485 Rectissime
2429 2416 2594 2510 qui-

452 2522 647 2598 dem.
670 2523 815 2597 Sed
840 2526 903 2597 si
929 2548 1144 2623 grave
1176 2548 1332 2596 non
1359 2538 1503 2609 est,
1535 2524 1753 2597 velim
1795 2526 1978 2597 scire
2019 2522 2198 2621 quid
2227 2523 2321 2597 sit
2345 2548 2595 2612 causae.

453 2636 682 2728 Quia,
722 2634 902 2709 dum
946 2634 1369 2709 dubitabam
1412 2660 1639 2733 quam
1687 2632 2033 2713 ducerem
2052 2689 2073 2723 ,
2120 2658 2274 2710 non
2321 2632 2598 2722 satisfa-

454 2742 736 2817 ciebam
783 2747 1036 2835 matri,
1076 2746 1177 2820 ita
1232 2770 1330 2819 ne
1381 2744 1485 2817 illi
1533 2746 1859 2843 quidem.
1915 2748 2130 2819 Nunc
2183 2744 2368 2817 nihil
2419 2744 2600 2818 mihi

452 2856 639 2929 tanti
696 2869 825 2929 est.
886 2857 1170 2930 Faciam
1224 2852 1433 2953 quod
1478 2856 1758 2929 volunt.
1807 2854 2140 2935 Feliciter
2191 2857 2404 2929 velim
2425 2910 2445 2945 ‚
2481 2856 2598 2927 in·-

455 2988 673 3062 quam
692 3020 715 3053 ‚
764 2979 985 3063 teque
1032 2964 1273 3039 laudo.
1326 2967 1470 3039 Sed
1528 2965 1870 3064 quando?
1931 2965 2125 3041 Nihil
2167 2966 2259 3049 ad
2299 2992 2452 3055 me,
2491 2969 2600 3037 in-

454 3078 653 3172 quit,
698 3073 789 3148 de
826 3091 1199 3174 tempore,
1234 3079 1582 3175 quoniam
1633 3100 1788 3149 rem
1829 3075 2090 3176 probo,
2134 3082 2229 3147 At
2278 3101 2453 3175 eg0,
2492 3077 2600 3145 in-

457 3208 677 3283 quam
701 3242 721 3276 ‚
774 3210 1038 3261 censeo
1092 3190 1297 3287 prius
1320 3243 1341 3279 ‚
1399 3210 1622 3287 quam
1681 3186 2208 3287 proficiscaris:
2261 3186 2361 3257 ita
2411 3188 2597 3285 patri

454 3320 751 3394 quoque
790 3320 1075 3374 morem
1114 3299 1441 3395 gesseris.
1494 3301 1778 3371 Faciam
1799 3354 1818 3385 ‚
1866 3298 2144 3395 inquit,
2189 3311 2276 3369 ut
2327 3319 2598 3371 censes.

456 3407 593 3476 Hic
649 3405 975 3504 dialogus
1024 3410 1127 3481 sic
1184 3408 1570 3482 conclusus
1628 3424 1755 3481 est.
1812 3406 1955 3480 Sed
2007 3407 2191 3478 heus
2239 3421 2360 3495 tu,
2405 3406 2598 3477 diem

456 3517 757 3586 meum⁴
799 3518 934 3589 scis
972 3540 1126 3589 esse
1166 3542 1250 3589 111
1292 3542 1469 3589 non.
1513 3520 1659 3614 jan.
1701 3516 1954 3589 Aderis
1999 3518 2244 3613 igitur.
2287 3518 2600 3615 Scripse-

459 3648 617 3696 ram
636 3626 787 3722 jam
814 3652 830 3695 ε
859 3650 1028 3701 ecce
1064 3626 1198 3700 tibi
1216 3683 1236 3716 ‚
1273 3642 1431 3699 orat
1458 3624 1489 3670 ⁵
1517 3625 1835 3727 Lepidus
1867 3640 1952 3697 ut
1980 3628 2284 3696 veniam.
2317 3628 2604 3725 Opinor

512 3832 583 3909 οι.
617 3811 726 3865 Καὶ
750 3814 913 3884 μάλα,
937 3826 1033 3866 ete.
1074 3838 1101 3859 οι
1126 3818 1189 3866 Et
1224 3814 1489 3866 admodum
1580 3816 1668 3881 qui
1693 3833 1720 3864 e
1755 3815 1884 3863 libro
1910 3830 2006 3863 scr.
2037 3813 2195 3865 edidit
2219 3816 2352 3881 quoi.
2387 3818 2606 3867 Ptobant

464 3904 617 3944 trum
636 3916 681 3945 ιι.
1581 3896 1736 3946 docti.
1755 3898 1808 3947 J.
1828 3897 1890 3944 V.
1909 3896 1968 3944 L.

534 3991 589 4025 2.
641 3975 704 4027 Σὺ
756 3970 817 4023 δὲ
834 4010 851 4036 ,
890 3986 984 4026 etc.
1036 3997 1061 4020 ι
1084 3976 1163 4025 Tu
1212 3990 1331 4025 vero
1370 3976 1493 4041 quid
1654 3984 1707 4032 4.
1731 3974 1874 4024 Diem
1899 3991 2078 4028 meum.
2099 3976 2337 4029 Natalem.
2353 3978 2463 4026 Lib.
2485 3978 2613 4036 vn,

466 4053 857 4119 cogitabundus?
872 4080 897 4099 n·
1583 4055 1731 4122 epist.
1759 4056 1808 4105 5.

540 4134 591 4185 3.
629 4137 777 4199 Quod
792 4136 905 4187 edd.
929 4154 1097 4187 omnen
1127 4148 1239 4187 ante
1265 4136 1466 4185 Boeium
1479 4171 1494 4198 ,
1657 4134 1704 4184 5.
1731 4134 1930 4186 Praetu
1951 4136 2076 4184 forte
2113 4134 2370 4185 distinctio
2395 4134 2609 4183 Manutii
