3019 4681
633 433 1194 510 EPISTOLAE,
1233 429 1378 504 AD
1428 425 2124 534 Arrlcmmlx,
2176 431 2280 507 ιε.
2393 459 2525 532 107

389 557 706 628 laturum
748 581 940 644 esse,
983 581 1199 655 quam
1256 583 1392 628 me.
1442 562 1627 629 Nam
1680 573 2158 658 praeterquam
2210 558 2409 658 quod
2456 574 2529 631 te

392 669 668 738 moveri
725 665 1036 738 arbitror
1079 680 1416 766 oportere
1461 671 1725 766 injuria
1752 723 1771 756 ‚
1825 695 1980 764 quae
2030 665 2209 741 mihi
2257 685 2297 741 'a
2343 695 2531 768 quo-

394 800 616 874 quam
660 773 844 848 fadta
887 780 1018 866 sit;
1058 792 1401 876 praeterea
1428 793 1502 849 te
1542 781 1781 878 ipsum
1810 778 2124 877 quodam
2162 779 2383 854 modo
2416 780 2535 856 bic

390 886 718 974 violavit,
757 911 988 984 quum
1033 888 1105 958 in
1151 913 1270 960 me
1320 903 1466 960 tam
1512 888 1895 987 improbus
1930 886 2089 960 fuit.
2140 889 2275 960 Sed
2316 904 2411 974 ‚tu
2456 887 2535 966 id

393 1001 648 1094 quanti
679 1001 1256 1102 aestimesatuum
1279 999 1632 1096 judicium
1667 1014 1795 1072 est.
1834 1004 1986 1072 Nec
2014 1001 2361 1072 tamenin
2392 999 2537 1070 hoe

395 1106 527 1178 tibi
562 1107 958 1205 quidquam
1002 1112 1242 1181 oneris
1285 1113 1612 1209 impono,
1645 1114 1803 1208 Ego
1840 1124 2083 1184 autem
2119 1108 2323 1184 illum
2350 1112 2537 1182 male

394 1223 652 1290 sanum
695 1243 982 1318 semper
1023 1221 1316 1319 putavi3
1371 1245 1573 1292 nunc
1614 1223 1829 1294 etiam
1868 1224 2237 1320 impurum
2278 1235 2354 1292 et
2394 1246 2541 1293 see-

392 1328 700 1400 leratum
757 1345 975 1428 pute,
1033 1355 1172 1402 nec
1227 1346 1466 1402 tamen
1524 1330 1707 1402 mihi
1752 1333 2265 1419 inimiciorem,
2317 1355 2535 1427 quam

394 1438 556 1510 sibi.
605 1444 714 1512 De
755 1440 1178 1538 Philargyro
1209 1435 1517 1512 beue¹⁸z
1559 1465 1845 1514 causam
1888 1457 2085 1514 certe
2122 1441 2437 1517 habuisti
2466 1457 2539 1514 et

393 1573 636 1620 veram
663 1603 686 1638 ‚
739 1565 817 1622 et
868 1549 1178 1640 bouam3
1233 1551 1565 1624 relictum
1610 1569 1773 1624 esse
1818 1579 1935 1624 me
1985 1553 2267 1652 potine,
2314 1576 2535 1650 quam

399 1659 800 1756 reliquisse.
831 1664 1104 1753 ‘Quum
1159 1661 1516 1732 dedissem
1560 1663 1706 1763 jam
1746 1664 1981 1734 literas
2012 1689 2073 1734 a.
2114 1662 2184 1736 d.
2227 1687 2359 1734 vm
2398 1660 2539 1736 kal.

397 1793 586 1868 quos
612 1795 776 1840 cum
813 1773 1040 1842 Matio
1065 1781 1128 1830 ¹9
1157 1774 1368 1870 pueri
1397 1785 1467 1842 et
1494 1770 1830 1844 Trebatio
1856 1774 2191 1844 miseram
2213 1826 2232 1857 ‚
2270 1773 2537 1870 episto-

401 1879 544 1951 lam
571 1879 754 1952 mihi
781 1883 1185 1954 attulerunt
1208 1881 1353 1952 hoc
1381 1883 1739 1979 exemplo.

472 2074 552 2134 1'8.
585 2089 660 2134 De
687 2087 909 2154 Philarg.
933 2089 1066 2138 bene.
1086 2090 1218 2137 Oliv.
1239 2087 1422 2136 omittit

395 2167 473 2215 de.
503 2159 646 2216 Putat
673 2179 835 2216 autem
883 2169 944 2216 de
981 2166 1210 2234 Dionysii
1247 2168 1421 2228 injuria

393 2245 558 2294 adhue
593 2248 876 2298 Ciceronem
907 2249 1064 2312 loqui.
1103 2251 1268 2312 Quum
1294 2247 1424 2296 euim

393 2322 486 2392 (ut
509 2327 776 2391 opinatur)
816 2327 877 2377 de
903 2329 995 2377 hae
1035 2345 1087 2376 re
1113 2328 1426 2393 Philargyrus

395 2422 668 2455 sermonem
691 2406 889 2455 haberet
923 2424 1033 2456 cum
1062 2410 1260 2467 Attico,
1280 2408 1424 2458 Cice-

395 2500 664 2550 ronemque
700 2472 902 2535 fortasse
924 2500 1196 2549 accusaret,
1225 2482 1426 2552 planum

397 2562 443 2611 ei
472 2564 589 2612 feeit
612 2565 806 2613 Atticus
831 2582 932 2613 rem
963 2566 1103 2615 aliter
1141 2584 1192 2615 se
1217 2566 1425 2627 habere,

395 2655 540 2708 atque
561 2642 644 2693 ille
673 2655 878 2709 putaret.
905 2644 1144 2695 Credebat
1157 2646 1288 2695 euim
1305 2648 1425 2696 Phi-

395 2723 618 2791 largyrus
659 2725 954 2791 Dionysium
989 2743 1091 2774 esse
1119 2727 1336 2775 relictum
1377 2738 1428 2777 et

297 2845 308 2861 ,
395 2804 632 2883 ejectum,
671 2822 824 2869 quum
861 2806 964 2871 ipse
1009 2807 1173 2870 potius
1202 2805 1426 2870 improbe

396 2882 683 2933 Ciceronem
727 2884 1015 2949 reliquisset.
1058 2886 1274 2951 Ideoque
1309 2886 1428 2935 dicit

397 2960 535 3010 illum
558 2962 784 3013 hahuisse
806 2981 998 3015 causam
1015 2977 1064 3013 et
1082 2982 1260 3027 veram,
1274 2976 1320 3013 et
1337 2965 1428 3012 bo·
1451 2964 1458 2972 ‘

396 3056 639 3091 maures
673 3045 802 3093 euim
839 3045 904 3092 ita
927 3062 978 3103 se
1016 3045 1241 3095 habebat.
1273 3046 1428 3093 Facile

398 3132 560 3168 autem
577 3122 806 3171 Ciceroni
823 3124 1079 3174 videbatur
1097 3124 1316 3173 defensio
1343 3142 1427 3177 sua

399 3202 578 3266 suscipi
599 3236 615 3263 ,
642 3212 691 3250 et
711 3201 776 3250 ad
817 3205 1002 3253 exitum
1027 3205 1230 3269 perduci
1251 3222 1394 3269 posse
1411 3238 1428 3265 ,

401 3290 458 3327 ut
487 3282 674 3331 scilieet
703 3284 753 3330 in
783 3300 844 3332 eo
872 3284 1072 3349 negotio
1113 3284 1236 3333 nihil
1274 3285 1430 3350 eulpae

401 3358 650 3408 admisisse
675 3363 981 3427 probaretur.
1009 3365 1262 3413 Existimat
1298 3365 1430 3413 Oliv.

297 3464 304 3472 ·
402 3449 562 3486 autem
581 3440 784 3505 intelligi
799 3442 977 3491 debere
988 3478 1002 3502 ‚
1015 3444 1304 3507 respondisti
1313 3478 1330 3503 ,
1345 3460 1431 3493 seu

403 3514 602 3580 aliquod
637 3521 794 3569 simile
842 3522 1070 3583 verbum,
1112 3534 1160 3571 et
1188 3523 1260 3573 sie
1289 3524 1433 3571 vertit

403 3594 718 3661 Mougaltius.
757 3602 854 3648 Pro
895 3602 1212 3665 respondisti,
1259 3603 1434 3651 Bosius

1513 2103 1575 2134 ex
1613 2088 1713 2135 suis
1748 2089 1874 2138 Mss
1918 2089 2113 2152 reponit
2147 2087 2331 2136 curasti
2345 2122 2363 2145 ,
2393 2099 2539 2151 quam

1514 2165 1691 2214 deinde
1710 2171 1880 2216 *mecm
1908 2169 1959 2214 in
1998 2160 2282 2215 contextum
2306 2165 2541 2214 Gruterus

1512 2257 1561 2296 et
1586 2247 1811 2294 Graevius
1827 2247 2142 2296 intruserunt:
2164 2244 2257 2296 En.

1592 2342 1611 2373 1
1621 2344 1669 2389 9.
1684 2328 1815 2391 Quos
1829 2344 1939 2387 eum
1955 2327 2126 2375 Matio.
2136 2325 2327 2374 Mavult
2338 2323 2544 2388 Malasp.

1513 2406 1752 2471 probante
1782 2408 1948 2457 Graev.
1985 2423 2106 2473 quos
2130 2405 2315 2467 Matio,
2344 2404 2541 2453 inducta

1515 2487 1876 2551 praepositione.
1908 2486 2007 2549 Qui
2031 2486 2161 2534 euim
2181 2500 2289 2533 cum
2310 2482 2467 2530 Matio
2494 2493 2541 2531 et

1514 2567 1743 2615 Trebatio
1784 2568 1969 2628 miserit
1986 2600 2001 2625 ‚
2037 2568 2125 2631 qui
2170 2577 2219 2614 et
2261 2561 2543 2613 Trebatium

1515 2656 1657 2711 neget
1684 2662 1736 2694 se
1779 2646 1985 2695 vidisse:
2011 2656 2061 2693 et
2093 2644 2155 2693 ab
2190 2659 2250 2693 eo
2288 2644 2543 2706 Matioque

1512 2726 1675 2774 literas
1701 2728 1977 2791 acceperit?
2009 2714 2178 2789 itaque
2204 2734 2380 2790 putant
2404 2722 2542 2772 Cice-

1516 2823 1683 2855 ronem
1698 2816 1756 2854 nt
1772 2806 2051 2855 Trebatium
2069 2805 2411 2868 alloqueretur,
2430 2813 2541 2849 ante

1516 2902 1827 2951 congressum
1855 2902 1967 2935 eum
1988 2887 2174 2934 Caesare
2188 2920 2203 2943 ,
2221 2883 2285 2931 ad
2304 2899 2413 2931 eum
2432 2898 2546 2948 pue-

1517 2984 1597 3015 ros
1623 2968 1803 3015 misisse
1824 2982 1837 3017 :
1856 2982 1981 3031 quos
2000 2968 2093 3023 ait,
2111 2966 2213 3026 jam
2226 2964 2350 3013 datis
2360 2949 2539 3021 literis,

1516 3046 1581 3094 ad
1616 3062 1715 3095 v111
1756 3044 1953 3095 kalend.
1989 3045 2203 3094 rediisse.
2236 3048 2330 3095 En.
2355 3068 2423 3079 -—
2447 3042 2541 3090 Sed

1518 3136 1680 3191 potest
1707 3141 1896 3173 manere
1924 3124 2161 3173 incolumi
2187 3140 2331 3173 sensu
2349 3136 2545 3187 praepo·

1518 3207 1633 3255 sitio
1677 3222 1803 3255 cum.
1842 3206 2040 3271 Quippe
2067 3205 2379 3267 colloquutus
2432 3217 2545 3248 eum

1518 3286 1755 3335 Cicerone
1807 3286 2013 3347 Matius,
2054 3300 2104 3331 se
2152 3282 2215 3331 ad
2262 3280 2543 3331 Trebatium

1521 3364 1747 3415 retulerat
1768 3382 1780 3412 =
1801 3382 1913 3415 cum
1940 3365 2026 3413 illo
2054 3378 2231 3427 pueros
2258 3364 2452 3411 miserat
2463 3362 2543 3409 Ci-

1520 3462 1633 3494 eero
1648 3480 1663 3503 ‚
1683 3447 1769 3509 qui
1792 3446 1856 3495 ab
1881 3456 2092 3508 utroque
2113 3444 2225 3492 ass'ei
2234 3454 2342 3491 rent
2368 3441 2545 3489 literas.

1520 3528 1867 3575 Monosuae—
1885 3530 2005 3575 Item
2026 3523 2234 3587 Malasp.
2255 3533 2304 3571 et
2324 3521 2545 3587 Granius

1520 3606 1704 3668 legunt.
1729 3606 1926 3671 «pueri,
1942 3618 2069 3668 quos
2084 3620 2195 3652 cum
2216 3604 2316 3651 M.»
2338 3602 2389 3650 J.
2404 3600 2465 3649 V.
2485 3602 2542 3647 L.
