3019 4681
635 367 774 442 338
921 339 928 348 ’
1267 366 1366 437 Μ.
1415 369 1495 436 Τ.
1550 361 2134 438 CICERONIS

633 509 787 554 non
815 481 950 553 sit:
987 503 1431 578 quamquam
1475 479 1567 550 de
1602 479 1931 551 Parthico
1966 475 2198 552 bello³
2228 479 2409 576 quid
2444 493 2735 578 spectare

634 593 892 679 debui,
935 592 1072 663 nisi
1118 587 1322 689 quod
1358 589 1560 660 illum
1603 589 1786 661 velle
1834 588 2275 662 arbitrabar?
2308 588 2528 680 Quod
2570 591 2735 661 enim

633 697 832 770 aliud
889 711 1398 794 argumentum
1461 696 1780 793 epistolae
1844 711 2110 768 nostrae
2138 751 2159 788 ,
2214 697 2351 768 nisi
2404 699 2676 768 κολακεία
2690 697 2735 782 ⁴,

635 808 818 882 fuit?
865 813 1013 896 An,
1069 808 1130 879 si
1179 831 1298 896 ea,
1352 829 1515 904 quae
1560 810 1835 905 optima
1885 823 2253 906 putaram,
2294 804 2593 878 suadere
2632 830 2733 875 vo·

634 921 924 992 luissem
953 973 974 1007 ‚
1045 919 1278 989 oratio
1341 916 1521 988 mihi
1581 915 1974 989 defuisset?
2028 921 2227 990 Totis
2275 917 2497 1014 igitur
2546 915 2737 986 literis

633 1027 816 1099 nihil
871 1050 1055 1125 opus
1113 1039 1240 1096 est.
1298 1023 1444 1095 Ubi
1493 1025 1689 1095 enim
1722 1021 2153 1174 6ἐπίτευγμα5
2204 1045 2552 1120 magnum
2606 1020 2735 1091 nul-

633 1133 788 1207 lum
831 1131 988 1204 fleri
1033 1131 1260 1229 possit
1277 1183 1298 1220 ‚
1337 1125 1755 1228 ἀπότευγμαθ
1792 1129 1905 1201 vel
1950 1154 2101 1200 non
2146 1149 2499 1229 magnum
2542 1125 2737 1197 mole-

635 1255 825 1311 stum
853 1237 1183 1309 futurum
1211 1238 1338 1322 sit3
1363 1234 1546 1334 quid
1584 1259 1773 1335 opus
1812 1249 1919 1307 est
1942 1231 2473 1334 παρακινδυνεύειν
2490 1253 2517 1297 ⁷
2534 1239 2565 1310 ξ’
2586 1261 2735 1338 prae-

629 1352 877 1421 sertim
907 1371 1140 1445 quum
1171 1346 1350 1418 illud
1387 1363 1724 1418 occurrat
1743 1400 1765 1436 ‚
1802 1347 2003 1417 illum
2024 1401 2043 1437 ,
2074 1372 2307 1445 quum
2339 1368 2551 1424 antea
2586 1344 2735 1420 nihil

635 1460 1045 1557 scripserim
1069 1513 1089 1546 ,
1131 1459 1707 1530 existimaturum
1724 1505 1749 1545 ·,
1794 1482 1948 1547 me,
1986 1459 2123 1530 nisi
2161 1473 2323 1531 toto
2357 1459 2555 1533 bello
2592 1482 2738 1530 con·

626 1569 827 1644 ,fecto
848 1623 868 1655 ‚
903 1568 1082 1640 nihil
1123 1570 1559 1667 scripturum
1587 1567 1826 1641 fuisse.
1861 1574 2099 1666 Atque
2130 1571 2346 1640 etiam
2374 1594 2643 1656 vereor,
2664 1591 2737 1638 ne

631 1690 842 1776 putet
864 1728 884 1763 ‚
931 1700 1050 1748 me
1094 1675 1236 1747 hoc
1281 1677 1486 1772 quasi
1520 1678 1814 1748 Catonis
1852 1678 2145 1773 μείλιγμα
2166 1671 2199 1722 ⁸
2238 1703 2397 1750 esse
2434 1679 2737 1749 voluisse.

636 1785 832 1875 Quid
880 1785 1182 1882 quaeris?
1217 1783 1424 1856 valde
1471 1809 1591 1858 me
1632 1783 2035 1884 poeuitebat
2058 1813 2089 1855 2:
2128 1811 2267 1858 nec
2302 1788 2485 1860 mihi
2524 1791 2595 1858 in
2632 1787 2739 1856 hac

635 1893 937 1992 quidem
983 1919 1062 1965 re
1111 1893 1513 1991 quidquam
1563 1897 1789 1992 magis
1834 1909 1919 1966 ut
1965 1895 2221 1968 vellem
2269 1898 2589 1970 accidere
2630 1920 2738 1995 po·

634 2005 816 2091 tuit,
852 2024 1066 2098 quam
1104 2000 1304 2097 quod
1339 1996 1578 2079 σπουδὴ
1600 2011 1633 2060 ⁹
1677 2015 1925 2072 nostra
1961 2026 2110 2072 non
2145 2017 2253 2074 est
2284 2003 2611 2102 probata.
2644 2007 2739 2072 In·

635 2111 1054 2184 cidissemus
1096 2113 1313 2184 etiam
1352 2111 1430 2182 in
1456 2110 1775 2202 illos10,
1756 2136 1833 2182 111
1874 2114 2081 2183 eisin
2110 2128 2499 2211 cognatum
2536 2131 2736 2186 tuum.

634 2221 776 2294 Sed
803 2211 1024 2293 redeo
1061 2219 1153 2292 ad
1179 2220 1449 2292 hortos.
1475 2221 1696 2293 Plane
1722 2220 1892 2293 illuc
1922 2235 1994 2292 te
2018 2223 2149 2312 ire,
2183 2224 2323 2294 nisi
2353 2238 2483 2296 tuo
2511 2245 2740 2332 magno

545 2422 548 2425 ἦ
635 2330 1050 2419 commodo,
1077 2330 1290 2404 nolo.
1325 2331 1716 2403 mh1len1m
1747 2347 1975 2430 urget.
2011 2333 2391 2431 Quidquid
2420 2339 2576 2424 erit,
2602 2358 2741 2432 ope·

636 2467 792 2515 ram
832 2446 910 2513 in
947 2440 1246 2514 Faberio
1279 2453 1336 2487 ¹¹
1384 2467 1763 2540 ponamus.
1800 2448 1909 2516 De
1950 2444 2067 2517 die
2103 2460 2353 2518 tamen
2391 2448 2739 2527 auctionis,

635 2552 694 2623 si
745 2551 924 2649 quid
969 2554 1166 2623 scies,
1219 2554 1402 2624 Eum
1429 2564 1517 2641 ¹²,
1564 2554 1691 2652 qui
1729 2580 1769 2626 e
1811 2557 2139 2626 Cumano
2179 2571 2524 2645 venerat,
2570 2552 2743 2653 quod

637 2676 714 2733 et
749 2661 963 2761 plane
989 2661 1228 2734 valere
1256 2664 1566 2735 Atticam
1595 2664 2018 2756 nuntiabat,
2044 2679 2118 2737 et
2138 2664 2383 2739 literas
2405 2690 2481 2739 se
2510 2664 2743 2738 habere

637 2771 874 2845 aiebat
892 2828 910 2862 ‚
940 2776 1176 2843 statim
1207 2772 1295 2845 ad
1327 2788 1400 2845 te
1428 2776 1609 2845 misi.

711 2955 762 3002 3.
787 2956 863 3002 De
888 2950 1121 3001 Parthico
1144 2952 1282 3003 bello.
1305 2952 1458 3017 Quod
1488 2952 1665 3005 Cicero
1754 2954 1964 3015 misine,
1978 2964 2037 3003 ut
2050 2954 2145 3003 hoe
2159 2958 2299 3019 quani
2309 2973 2509 3007 munere
2518 2958 2745 3025 plac-m,

637 3033 815 3085 Cauri
835 3043 894 3081 ut
917 3043 1103 3096 gereret
1123 3040 1350 3081 sument.
1381 3036 1472 3082 En.
1754 3034 2011 3082 alienatum
2038 3051 2097 3083 eo
2126 3034 2256 3083 libro
2276 3069 2292 3095 ,
2333 3053 2482 3102 quem
2521 3034 2677 3100 σαι-ἱροὶ
2696 3030 2745 3079 de

707 3124 760 3173 4.
807 3107 1066 3161 Κολακεία.
1091 3110 1391 3161 Asseneatio.
1426 3110 1670 3161 Nonnum
1754 3113 1982 3162 laudibus
2002 3112 2220 3165 catonis.
2240 3116 2389 3165 Mu«.

635 3194 900 3259 vulgarunt
915 3192 1155 3245 κολωιία.
1143 3207 1156 3218 ·
1193 3189 1331 3256 quod
1347 3208 1435 3239 cm·
1456 3192 1667 3241 retinea-
1828 3208 1879 3257 9.
1906 3188 2123 3247 Σπουδῆ.
2148 3195 2395 3245 studium.

640 3290 772 3331 mua,
795 3286 939 3319 nemo
959 3268 1157 3320 dixerit.
1183 3273 1437 3319 Armant.
1836 3290 1912 3320 ιο.
1942 3277 2002 3321 ln
2029 3272 2153 3321 illos.
2178 3276 2239 3322 ln
2264 3275 2646 3328 calumniatores,
2677 3284 2744 3333 qm

713 3355 766 3401 5.
793 3340 1092 3433 ‘Eucti-suffla.
1119 3352 1328 3415 Prosper
1347 3364 1614 3399 succensus.
1755 3351 1888 3416 apud
1930 3352 2168 3402 Canai-em
2209 3363 2351 3418 suut,
2387 3354 2515 3402 inter
2546 3366 2659 3416 quo·
2692 3348 2745 3408 Q.

711 3432 764 3481 6.
786 3418 1096 3499 Ᾱπότιυγμα.
1114 3429 1368 3489 Eri-atum,
1389 3430 1617 3479 offensio.
1756 3432 1961 3493 Cicero,
1980 3432 2162 3481 sororis
2184 3442 2283 3481 tue
2304 3430 2451 3483 filins.
2480 3435 2661 3481 Porn-

714 3502 1228 3577 mssupanmhvtt‘mv
1264 3511 1326 3558 Se
1349 3520 1526 3557 temere
1543 3510 1673 3575 peri-
1834 3526 1913 3557 11.
1940 3512 2157 3561 Faberio.
2181 3511 2305 3563 vid.
2325 3529 2407 3577 ep.
2444 3528 2528 3575 29,
2544 3510 2625 3559 lib-
2648 3504 2743 3553 XH-

641 3527 762 3637 01:1⁷0
785 3588 1018 3657 objicere.
1837 3588 2232 3640 12.Schiitz.in
2257 3592 2386 3639 Eum
2420 3606 2593 3640 nomen
2612 3581 2746 3635 Ero&

717 3671 766 3717 8.
786 3667 1049 3738 Μιῖλιγμα..
1064 3667 1416 3718 Lem'mmtum.
1433 3670 1513 3718 Ne
1528 3679 1672 3732 putet
1756 3668 1905 3719 latere
1932 3672 2153 3734 putavit,
2168 3672 2256 3736 qui
2272 3682 2375 3721 erat
2392 3670 2545 3720 Atti&
2560 3668 2747 3721 liberm,

644 3764 721 3795 me
744 3746 809 3795 ob
831 3765 935 3797 eam
949 3764 1141 3798 uuum
1159 3748 1284 3797 hanc
1305 3748 1401 3797 nihi
1417 3748 1671 3812 epistolam
1758 3760 1905 3815 atque
1930 3752 2130 3799 Erotem
2147 3752 2408 3817 rescripsit.
2432 3754 2467 3802 J
2469 3786 2482 3800 .
2495 3754 2557 3801 V.
2578 3750 2626 3798 1..

1439 3982 2017 4013 ——-—-ee-·-—--
