3019 4681
478 365 611 439 532
1106 368 1204 433 M.
1258 366 1333 433 Τ.
1389 364 1952 435 CICERONIS

569 492 693 560 His
731 502 975 559 autem
1012 488 1088 557 in
1126 484 1350 559 rebus
1377 486 1526 581 jam
1569 500 1640 557 te
1678 509 1854 556 usus
1889 485 2044 581 ipse
2084 480 2406 581 profecto
2443 510 2614 557 eru·

475 599 688 684 divit,
728 619 1189 695 nequaquam
1234 596 1401 668 satis
1438 620 1634 682 esse,
1671 598 1908 692 ipsum
1936 593 2148 664 hasce
2183 592 2452 666 habere
2481 598 2621 667 vir-

476 724 667 781 tutes
689 762 710 795 ,
768 703 897 777 sed
955 729 1109 777 esse
1154 702 1880 803 circumspiciendum
1931 700 2312 800 diligenter
2332 758 2353 791 ‚
2405 718 2488 775 ut
2535 707 2616 775 in

475 817 608 889 hac
640 812 969 887 custodia
1003 816 1391 913 provinciae
1420 838 1574 885 non
1607 829 1680 885 te
1711 838 1941 884 unum
1963 867 1982 899 ‚
2039 811 2166 883 sed
2193 838 2449 885 omnes
2477 816 2616 885 mi-

472 928 739 997 nistros
772 925 1060 1022 imperii
1098 925 1243 1009 tui,
1296 926 1550 1012 sociis,
1601 938 1676 996 et
1711 922 1992 995 civibus
2019 978 2040 1009 ‚
2091 936 2164 993 et
2202 924 2617 1022 reipublicae

473 1030 890 1137 praestare¹³
939 1034 1243 1107 videare.
1294 1038 1758 1132 Quamquam
1807 1033 2158 1131 legatos¹⁴
2194 1031 2420 1107 habes
2453 1060 2612 1123 eos⁹

475 1146 606 1242 qui
640 1146 778 1242 ipsi
816 1168 949 1242 per
980 1168 1057 1215 se
1084 1143 1401 1216 habituri
1440 1147 1587 1216 sint
1635 1146 1992 1215 rationem
2027 1143 2394 1241 dignitatis
2425 1170 2566 1217 suae
2595 1174 2610 1215 ε

474 1255 566 1325 de
610 1253 881 1352 quibus
906 1252 1192 1327 honore
1218 1270 1349 1343 ,·et
1384 1254 1736 1353 dignitate
1755 1311 1774 1342 ‚
1813 1269 1884 1327 et
1923 1269 2127 1326 aetate
2157 1271 2441 1354 praestat
2470 1263 2616 1329 Tu-

472 1362 654 1435 bero
674 1417 694 1451 ,
754 1387 975 1461 quem
1030 1388 1167 1461 ego
1222 1363 1537 1437 arbitror
1556 1420 1575 1454 ,
1628 1370 2023 1464 praesertim
2075 1390 2306 1463 quum
2355 1366 2618 1439 scribat

474 1475 847 1545 historiam
865 1528 884 1563 ,
922 1474 1193 1547 multos
1238 1500 1331 1547 ex
1367 1478 1516 1549 suis
1569 1473 1952 1548 annalibus
1997 1498 2210 1572 posse
2253 1476 2567 1572 deligere
2597 1531 2618 1563 ,

475 1610 663 1683 quos
708 1584 880 1656 velit
916 1597 990 1655 et
1026 1586 1253 1683 possit
1288 1587 1592 1674 imitari3
1631 1582 2046 1657 Allienus¹⁵
2087 1600 2330 1655 autem
2375 1600 2622 1657 noster

475 1710 585 1767 est
606 1693 696 1784 ¹⁶,
735 1719 967 1793 quum
1021 1696 1267 1767 animo
1314 1710 1389 1767 et
1426 1694 1954 1782 benivolentia,
1989 1708 2146 1765 tum
2183 1718 2360 1765 vero
2405 1697 2620 1766 etiam

474 1807 877 1877 imitatione
914 1804 1230 1877 vivendi.
1280 1810 1466 1877 Nam
1509 1803 1688 1902 quid
1735 1828 1872 1901 ego
1923 1804 2016 1876 de
2057 1794 2471 1877 Gratidio¹⁷
2513 1805 2625 1875 di-

474 1914 685 1985 cam?
747 1939 971 2012 quem
1022 1928 1224 1986 certo
1262 1918 1412 1986 scio
1464 1918 1568 1985 ita
1603 1913 1934 1985 laborare
1969 1912 2060 1986 de
2097 1916 2624 1987 existimatione

477 2050 639 2114 sua,
669 2039 802 2113 ut,
852 2040 1157 2123 propter
1193 2047 1517 2095 amorem
1544 2026 1621 2093 in
1663 2048 1798 2094 nos
1825 2020 2259 2111 fraternum,
2287 2027 2514 2097 etiam
2535 2026 2628 2097 de

476 2150 729 2207 nostra
762 2133 1061 2206 laboret.
1109 2136 1560 2224 Quaestorem
1581 2127 1642 2177 ¹⁸
1685 2132 1950 2222 habea,
1998 2158 2152 2203 non
2183 2149 2316 2205 tuo
2352 2134 2627 2231 judicio

488 2245 849 2316 delectum
876 2255 971 2329 ἔθ’,
1017 2244 1141 2315 sed
1172 2268 1372 2333 eum,
1410 2265 1633 2342 quem
1663 2267 1821 2313 sors
1846 2240 2069 2314 dedit.
2099 2234 2314 2314 Hunc
2340 2258 2628 2344 oportet

476 2370 547 2428 et
586 2378 717 2426 sua
774 2367 1037 2453 sponte
1072 2377 1227 2426 esse
1267 2353 1762 2442 moderatum,
1815 2368 1893 2425 et
1949 2354 2098 2425 tuis
2147 2355 2505 2428 institutis
2545 2379 2628 2426 ac

474 2465 849 2563 praeceptis
892 2463 1421 2562 obtemperare.
1462 2466 1797 2556 Quorum
1841 2464 1904 2533 si
1961 2464 2124 2561 quis
2180 2461 2370 2536 forte
2427 2479 2626 2538 esset

476 2573 837 2648 sordidior
856 2627 877 2660 ‚
924 2573 1151 2646 ferres
1198 2588 1497 2646 eatenus
1513 2583 1604 2662 ²⁰,
1651 2571 1897 2672 quoad
1931 2597 2066 2672 per
2117 2597 2192 2644 se
2228 2576 2628 2674 negligeret

476 2709 595 2757 eas
640 2685 870 2780 legeS‚
915 2681 1185 2796 quibus
1218 2696 1476 2758 esset²¹
1525 2683 1946 2771 adstrictus3
1989 2706 2141 2754 uon
2181 2698 2264 2754 ut
2299 2709 2386 2756 ea
2421 2699 2626 2782 pote·-

555 2839 635 2888 13.
694 2841 958 2886 Proeseare.
998 2837 1219 2887 Verbum
1266 2849 1340 2888 ent
1358 2839 1506 2900 iuris.

478 2921 723 2967 Pru-scaro
740 2916 955 2982 aliquem
971 2927 1043 2965 est
1060 2917 1273 2982 [παίω
1298 2933 1400 2966 ene
1414 2933 1506 2982 pro

476 2999 641 3062 aliquo
660 3030 676 3057 ,
703 3005 755 3044 et
776 2996 1075 3062 periculum,
1100 2996 1237 3061 quod
1260 3013 1323 3046 ex
1346 3013 1406 3046 eo
1438 2997 1505 3045 ti-

476 3089 659 3135 metur,
678 3075 731 3130 in
758 3093 809 3125 ιο
832 3077 1065 3141 recipere.
1086 3078 1295 3125 Horon.

556 3172 577 3203 ι
588 3163 639 3212 4.
654 3157 879 3220 Legatos.
897 3157 1103 3220 Legatos
1120 3154 1331 3204 Romani
1348 3153 1511 3220 appel-

474 3235 644 3284 labant
670 3235 759 3298 (ut
794 3234 963 3284 scribit
1012 3235 1293 3299 Appianas,
1317 3232 1405 3283 lib.
1453 3236 1505 3286 19

476 3315 598 3363 Bell.
619 3314 731 3363 Civ.
755 3324 803 3360 et
820 3311 961 3376 alii),
992 3329 1117 3376 quos
1150 3312 1512 3378 provinciarum

382 3407 385 3411 ·
478 3391 749 3442 rectoribus
764 3391 1038 3450 addebant,
1064 3401 1121 3438 ut
1146 3391 1207 3438 iis
1238 3390 1423 3438 auxilio
1439 3407 1512 3438 es·

479 3484 609 3532 nent,
642 3487 908 3536 eorumque
948 3470 1119 3518 locum
1142 3481 1363 3518 teneant
1381 3503 1399 3529 ,
1428 3468 1514 3518 uhi

482 3567 609 3617 opus
637 3551 905 3602 videretur.
944 3553 1062 3598 Fere
1102 3549 1343 3598 dabantur
1382 3564 1411 3596 a
1437 3565 1516 3597 ιο-

485 3640 639 3688 mtu3
672 3629 919 3678 interdum
958 3639 1121 3676 tamen
1158 3643 1189 3676 ι
1222 3627 1514 3694 putoribus

480 3707 631 3771 ipsis,
650 3708 963 3771 permittente
1014 3717 1215 3766 anam,
1266 3705 1516 3754 adscisce-

482 3785 681 3832 bantur.

560 3863 643 3911 15.
660 3861 910 3911 Halienus.
945 3867 998 3912 F.
1036 3863 1244 3912 Ursinus
1259 3862 1343 3911 hic
1366 3863 1514 3912 male·

478 3942 565 3990 bat
611 3939 830 3990 Allienus
848 3974 863 3996 ‚
908 3951 966 3988 ut
1014 3949 1063 3989 et
1109 3941 1371 3990 Tmcuhn.
1420 3929 1511 4000 IV.

484 4037 571 4071 τη.
610 4045 681 4062 --·
712 4017 965 4068 Halienus.
1008 4021 1139 4068 Edit.
1175 4023 1378 4070 Jennon.
1424 4019 1514 4067 hn-

481 4099 568 4150 bet
598 4097 815 4148 Auienus
832 4131 847 4155 ‚
884 4097 1021 4161 quod
1058 4113 1121 4150 ex
1158 4098 1379 4148 Allienus
1406 4115 1507 4148 ma-

878 4289 897 4326 l

1597 2837 1776 2886 niseuto
1795 2837 1978 2885 sactum
1999 2848 2089 2886 est.
2114 2837 2381 2887 Ernestius.
2408 2841 2460 2888 J.
2477 2841 2537 2886 V.
2568 2839 2626 2885 L.

1675 2918 1754 2967 16.
1773 2916 1930 2965 Aheut
1957 2927 2040 2965 ese.
2060 2919 2112 2966 J.
2127 2917 2190 2964 V.
2213 2920 2268 2966 L.

1673 2997 1837 3058 17.D.e
1855 2994 2096 3044 Gratidio.
2115 2997 2331 3046 nunes.
2330 2996 2396 3046 V.
2415 2999 2474 3045 L.
2487 3007 2628 3062 putat

1596 3085 1856 3138 cognatum
1872 3074 1948 3122 vel
1960 3071 2158 3122 affinem
2185 3073 2436 3125 Ciceronis
2467 3075 2628 3125 fnisse.

1597 3154 1800 3202 Constat
1819 3169 1883 3202 ex
1907 3162 2032 3202 orat.
2058 3167 2152 3217 pro
2169 3151 2628 3218 Fheco,cnp.21,

1597 3231 1806 3296 legatum
1830 3232 2008 3295 Quinti
2029 3231 2192 3282 fuitne.
2221 3233 2312 3282 En.

1675 3313 1758 3360 18.
1791 3313 2103 3374 Quoestorem.
2131 3313 2367 3360 Praetores
2403 3327 2506 3360 non
2541 3311 2630 3358 eli-

1597 3389 1777 3456 gebant
1791 3424 1808 3449 ,
1831 3390 1918 3438 sed
1943 3389 2270 3438 sortiebantur
2303 3390 2396 3437 sibi
2418 3400 2631 3454 quaesto-

1601 3486 1680 3519 res
1705 3486 1854 3530 :nou
1874 3470 2082 3535 ideoque
2109 3465 2326 3518 filiorum
2339 3469 2456 3518 loco
2481 3467 2629 3518 habe-

1599 3547 1720 3598 lnnt
1745 3560 1992 3614 tamquam
2020 3564 2049 3596 a
2077 3547 2172 3596 diis
2192 3548 2350 3596 datos.

1681 3641 1761 3691 19.
1783 3628 1864 3676 Al.
1881 3639 1940 3676 nt
1956 3629 2132 3693 possim
2147 3661 2163 3688 ,
2181 3627 2425 3676 dilectum.
2438 3629 2472 3676 J
2475 3629 2554 3676 .V.
2573 3629 2630 3676 L.

1672 3723 1759 3756 πο.
1784 3709 1951 3756 Fert-es
1971 3718 2190 3756 autenm.
2215 3706 2374 3755 Modo
2389 3721 2495 3754 non
2512 3705 2630 3753 aba·

1602 3795 1768 3835 untur
1803 3785 2092 3834 ειιοιοιὶαιιο
2137 3795 2221 3834 tm
2247 3785 2313 3833 ad
2351 3794 2588 3849 quntum
2609 3820 2628 3842 ‚

1599 3865 1704 3913 sine
1744 3879 1844 3925 eos,
1869 3863 2006 3913 abuti
2034 3881 2133 3913 sua.
2172 3864 2458 3914 Istiusmodi
2499 3864 2630 3912 enim

1599 3945 1806 3992 ministri
1831 3959 1932 3992 non
1951 3945 2056 3992 sine
2073 3959 2158 4008 spe
2171 3943 2384 4010 ingenti·
2402 3943 2524 3990 lucri
2545 3959 2637 4008 pn·

1601 4023 1742 4071 triam
1756 4023 2059 4087 relinquunt,
2071 4024 2188 4072 etin
2197 4023 2480 4088 provincias
2496 4033 2632 4070 eunt.

1671 4117 1760 4153 at.
1783 4100 1864 4152 Al.
1889 4113 1982 4150 ese.
2005 4104 2055 4153 J.
2075 4105 2144 4152 V.
2171 4104 2225 4152 L.
