3019 4681
582 342 1128 411 EPISTOLAE
1180 342 1319 410 AD
1371 342 1898 427 ATTICUM‚
1941 345 2157 429 XVI,
2220 342 2324 416 13.
2399 342 2534 443 507

405 460 694 560 'Pupi-05⁵
697 518 717 551 ,
744 466 1166 560 Αρρ13ω’3π’
1202 466 1465 561 ἀριστέρ’
1492 468 1736 559 ἔχοντα.
1760 467 2016 561 Itaque
2043 488 2131 534 eo
2161 463 2276 535 die
2302 470 2534 539 mansi

404 573 691 668 Aquini.
731 571 1141 668 Lougulum
1171 596 1339 643 sane
1375 576 1549 660 iter,
1586 590 1658 645 et
1689 575 1802 644 via
1841 570 2183 672 inepta⁶:
2214 575 2382 648 inde
2412 602 2540 674 po-

405 680 649 751 stridie
678 706 887 751 mane
920 680 1381 778 proficiscens
1402 735 1421 768 ‚
1462 681 1591 755 has
1629 682 1874 755 literas
1910 682 2099 755 dedi.

513 842 723 861 .....
781 794 871 861 Et
910 791 1205 888 quidem
1229 804 1255 847 7
1282 848 1301 879 ‚
1362 808 1445 863 ut
1480 819 1523 865 a
1563 820 1678 865 me
1719 795 2158 867 dimitterem
2198 796 2538 869 invitissi-

402 924 563 971 mus
585 952 605 988 ‚
644 900 977 973 fecerunt
1016 905 1251 974 Erotis
1291 904 1531 975 literae.
1581 910 1758 977 Rem
1805 905 1937 977 tibi
1983 910 2152 977 Tiro
2195 908 2533 981 narrabit.

399 1014 541 1098 Tu,
580 1010 759 1107 quid
793 1010 1209 1085 faciendum
1238 1018 1363 1103 sit,
1399 1014 1699 1087 videbis.
1738 1021 2126 1105 Praeterea,
2169 1011 2537 1117 possimne

400 1123 697 1219 propius
740 1122 1085 1193 accedere
1132 1124 1370 1220 (malo
1402 1126 1594 1195 enim
1632 1148 1786 1199 esse
1819 1128 1896 1197 in
1929 1126 2372 1217 Tusculan0‚
2417 1144 2540 1200 aut

398 1230 675 1324 uspiam
728 1232 803 1300 in
846 1230 1359 1329 suburbano),
1414 1258 1503 1303 an
1549 1238 1762 1307 etiam
1813 1234 2101 1335 longius
2157 1236 2534 1311 disceden—

396 1339 567 1409 dum
618 1334 921 1437 9111338,
962 1340 1219 1413 crebro
1256 1342 1344 1413 ad
1386 1368 1501 1415 me
1539 1346 1748 1417 velim
1779 1346 2063 1418 scribas.
2100 1350 2254 1419 Erit
2289 1364 2532 1422 autem
2620 1372 2631 1375 ·

394 1451 753 1547 quotidie,
791 1453 909 1522 cui
963 1453 1112 1524 des,
1154 1452 1377 1545 Quod
1419 1468 1762 1552 praeterea
1805 1458 2156 1545 consulis,
2185 1460 2361 1556 quid
2400 1460 2534 1531 tibi

392 1584 723 1633 censeam
785 1560 1240 1652 faciendum,
1284 1562 1580 1637 difficile
1624 1581 1766 1657 est,
1813 1592 2042 1666 quum
2089 1568 2342 1640 absim.
2389 1576 2534 1641 Ve-

392 1687 831 1760 rumtamen,
868 1675 927 1743 si
972 1696 1177 1771 pares
1202 1686 1235 1733 9
1271 1699 1477 1771 aeque
1527 1676 1718 1748 inter
1762 1700 1837 1749 se
1865 1730 1884 1765 ‚
1949 1677 2466 1775 quiescendum
2509 1708 2528 1749 :

1500 1857 1575 1905 vel
1601 1859 1746 1907 initio
1779 1860 1856 1907 vel
1884 1860 1938 1907 iu
1963 1872 2198 1908 contextu
2232 1859 2410 1908 desunt
2434 1860 2525 1907 nli-

388 1872 489 1903 non
510 1855 685 1920 procul
710 1854 771 1901 ab
792 1854 949 1903 insule
972 1856 1119 1915 Chio,
1145 1872 1171 1903 3
1201 1855 1409 1904 sinistris

1496 1952 1608 2001 quae
1625 1938 1816 1998 saltem,
1833 1954 1944 2003 quoe
1960 1936 2284 2003 significarent
2293 1938 2522 1988 Tironem

388 1936 625 1996 habeant,
668 1954 731 1987 311
778 1953 893 1987 vero
940 1939 1063 1987 infra
1102 1936 1311 1998 Chium,
1351 1946 1409 1986 ut

388 2027 639 2064 ventosum
662 2018 945 2066 Mimantem
972 2018 1404 2081 pretet-vehantur.

386 2094 629 2160 Suadebat
662 2096 889 2145 Ciceroni
924 2098 1121 2145 Atticus
1134 2126 1149 2156 ,
1185 2107 1245 2145 nt
1279 2098 1407 2147 intes

387 2174 701 2236 Apenninum
720 2186 935 2224 montem
962 2176 1231 2240 (Mimanta
1242 2174 1361 2240 )qui
1378 2192 1405 2229 3

386 2252 648 2316 Campania
682 2254 887 2303 Romam
922 2254 1343 2318 proficiscentibus
1374 2274 1403 2305 3

384 2332 571 2380 dextris
592 2343 695 2393 est,
723 2332 851 2382 viem
876 2334 1113 2399 Appiam,
1142 2349 1253 2398 qua
1278 2351 1306 2382 3
1332 2336 1401 2384 si·

382 2412 547 2460 nisu-is
568 2414 699 2474 jacet
724 2429 816 2478 per
839 2415 1081 2479 Arpinum
1111 2415 1397 2482 (Psyrism)

381 2490 747 2556 proficiscatur,
794 2510 855 2542 ne
890 2494 945 2544 in
988 2495 1193 2544 Antonii
1230 2509 1401 2544 manus

379 2571 583 2622 incidat.
619 2574 835 2622 Euius-r.
885 2568 896 2580 ‘

454 2652 503 2700 5.
534 2649 724 2718 Ψυρίης.
754 2653 1011 2717 Eleganter
1027 2655 1210 2718 Psyriae
1232 2655 1400 2705 insulae

378 2733 523 2781 situm
548 2732 609 2780 ab
643 2736 856 2782 Homero
880 2733 1179 2799 descriptum
1206 2749 1399 2785 3330111·

379 2811 544 2860 modat
555 2812 725 2860 insula
743 2812 993 2876 Arpinatis
1006 2814 1262 2878 positioni.
1272 2813 1397 2862 Nam

378 2902 433 2937 ut
482 2890 651 2954 Psyris
701 2891 860 2938 medie
914 2893 1228 2952 interjacebat
1250 2894 1400 2956 ¹intes·

377 2969 553 3016 Chium
565 2969 771 3017 insulem
788 2979 835 3016 et
852 2981 1069 3018 montem
1086 2973 1396 3022 Mimntem:

375 3045 447 3093 sie
484 3046 589 3094 hee
624 3049 842 3112 Arpinas-
874 3049 1003 3096 inter
1041 3052 1385 3113 Apenninum,

376 3134 424 3170 et
468 3125 597 3172 viam
650 3128 880 3189 Appiam.
934 3130 1103 3190 Itaque
1148 3131 1397 3178 Mimantis

376 3205 573 3252 nomine
588 3205 905 3268 Apenninum
922 3205 1211 3270 significavit
1222 3243 1237 3266 ,
1251 3224 1393 3271 quem

372 3284 639 3332 Minturnis
710 3286 953 3348 Arpinum
1032 3285 1393 3350 proficiscentes

372 3363 681 3411 dextrorsum
711 3363 893 3413 hahent
907 3399 923 3424 ,
967 3375 1029 3414 ut
1060 3365 1393 3414 sinistrorsum

372 3443 499 3490 vium
520 3443 750 3506 Appiam.
776 3445 975 3492 Bosms.

441 3523 492 3570 6.
530 3522 611 3570 Sic
642 3533 763 3570 vett.
795 3521 907 3571 edd.
952 3533 1001 3571 et
1039 3523 1183 3572 MSS.
1216 3522 1391 3574 Boeius

372 3612 531 3648 tamen
544 3633 561 3659 ‚
580 3615 607 3647 e
624 3601 800 3648 vitiosa
820 3601 1034 3651 lectione
1048 3635 1063 3659 ,
1084 3602 1175 3650 via
1194 3615 1391 3664 amaea,

369 3680 487 3727 fecit
534 3679 625 3727 via
674 3676 871 3746 ἀμάρα,
916 3681 1055 3744 quod
1104 3681 1159 3728 in
1206 3693 1391 3730 textum

370 3760 607 3806 Gruterus
627 3757 851 3817 admisit,
883 3761 981 3808 sere
1002 3760 1163 3808 omnia
1188 3763 1391 3810 Bosiana

366 3849 688 3886 consectatus.
717 3837 798 3886 ΔΙ.
826 3839 1136 3900 conjiciunt·
1114 3841 1389 3900 Umolesta

368 3917 506 3977 111313,
524 3917 731 3976 madida,
752 3917 1011 3976 madidata,
1030 3930 1166 3967 etc.-
1190 3921 1243 3968 J.
1250 3922 1311 3967 V.
1333 3923 1385 3968 L.

440 4013 486 4055 7.
514 3999 581 4044 Ee
601 3997 811 4062 quidem.
845 3999 955 4046 Sive
974 3998 1121 4046 altera
1149 3999 1251 4047 haec
1278 4002 1385 4064 epi-

366 4073 485 4122 stola
500 4111 515 4135 ,
537 4077 639 4125 sive
658 4087 729 4124 est
750 4077 885 4125 alteri
906 4095 1017 4143 pars
1037 4089 1193 4127 assuta
1206 4115 1219 4138 ,
1244 4096 1385 4128 voces

1495 2016 1624 2065 mitti
1653 2019 1892 2077 Romam,
1925 2030 1973 2067 et
2001 2019 2180 2083 quibus
2213 2020 2320 2067 istae
2362 2020 2526 2067 conti-

1493 2108 1774 2156 nuarentur,
1804 2118 1827 2141 ιι
1849 2102 1914 2148 Et
1941 2098 2140 2162 quidem
2165 2108 2222 2147 ut
2249 2114 2360 2147 eum
2385 2115 2414 2146 3
2441 2115 2522 2147 me

1493 2175 1816 2237 dimitterem,
1857 2188 1952 2227 ete.
1981 2198 2005 2221 ι
2048 2178 2220 2229 Tironi
2256 2177 2386 2225 eirea
2425 2177 2530 2225 hos

1493 2254 1596 2303 dies
1622 2257 1862 2305 scrihebat
1882 2270 1895 2303 ε
1919 2278 1944 2299 σε
1958 2256 2086 2305 Mihi
2107 2270 2250 2321 pron
2269 2268 2320 2305 et
2338 2260 2520 2321 puppis

1488 2332 1584 2384 fuit
1610 2352 1638 2383 3
1667 2353 1745 2384 me
1776 2336 1848 2384 tui
1877 2334 2184 2395 dimittendi,
2218 2348 2277 2384 ut
2305 2337 2518 2386 rationes

1487 2425 1678 2464 nostres
1691 2415 1954 2480 explicem
1968 2438 2010 2464 »-
2025 2415 2106 2464 Ad
2127 2416 2240 2464 Div.
2259 2417 2403 2476 xvl,
2423 2423 2514 2472 ²4·

1487 2495 1764 2543 Moron-r.
1786 2521 1858 2531 —-
1884 2496 2068 2542 Mirum
2092 2505 2166 2543 est
2193 2494 2254 2543 de
2279 2494 2372 2542 hnc
2399 2507 2520 2544 con-

1480 2571 1669 2632 iectura
1704 2573 1978 2624 Ernestium
2021 2573 2225 2622 tacuisse
2257 2587 2271 2620 :
2311 2571 2514 2622 Schiitz.

1484 2655 1687 2714 agnovit
1701 2664 1750 2702 et
1765 2653 1982 2702 laudavit
1999 2667 2014 2702 ε
2033 2651 2280 2701 Corradus
2297 2652 2509 2712 videret,

1485 2733 1570 2794 qui
1593 2741 1752 2780 13111311
1775 2733 1980 2792 errabat,
1995 2748 2146 2796 quum
2169 2745 2267 2795 pro
2287 2751 2311 2774 ι
2329 2743 2378 2780 et
2404 2734 2518 2796 qui-

1485 2809 1636 2863 dem.»
1656 2811 1916 2875 legendum
1943 2811 2148 2876 putabat
2163 2810 2386 2858 Tironem
2411 2810 2517 2874 qui·

1483 2889 1610 2948 dem,
1625 2892 1762 2953 quasi
1774 2891 2009 2954 scriptum
2023 2890 2194 2938 fuisset
2203 2891 2261 2939 T.
2278 2890 2506 2954 quidem3

1483 2968 1570 3030 qui
1625 2969 1798 3016 modus
1855 2971 2052 3016 uomina
2109 2969 2392 3016 abrevisndi
2435 2979 2510 3014 est

1480 3060 1683 3110 prorsus
1735 3049 2011 3095 inusitatus.
2056 3047 2269 3109 Coujicit
2311 3044 2506 3094 Schiitz.

1480 3126 1685 3176 alteram
1717 3127 1858 3190 epist.
1894 3127 1964 3173 sic
2001 3125 2215 3188 incipere
2253 3124 2504 3188 potuisse:

1466 3215 1507 3248 ἀ
1527 3215 1714 3254 tantum
1757 3205 1892 3268 quod
1937 3206 1992 3251 in
2028 3201 2239 3267 Arpinas
2281 3219 2504 3252 veneram

1477 3285 1648 3332 Tironi
1667 3285 1753 3333 1133
1779 3285 1844 3333 sd
1865 3297 1911 3333 te
1927 3285 2091 3333 literas
2108 3283 2222 3331 dedi
2239 3306 2278 3332 n.
2299 3282 2508 3332 Arbitra-

1479 3375 1558 3412 tur
1579 3366 1629 3413 J.
1649 3366 1711 3413 V.
1739 3365 1796 3414 1..
1827 3363 2044 3411 eamdem
2077 3377 2218 3424 posse
2246 3361 2505 3426 epistolam

1478 3459 1606 3502 esse,
1642 3443 1726 3490 sed
1753 3442 1930 3507 partim
1969 3441 2190 3504 Aquini,
2226 3441 2406 3506 partim
2447 3458 2509 3488 ex

1474 3525 1702 3588 Arpinati
1729 3525 1975 3587 scriptam.
2000 3523 2096 3571 En.

1551 3606 1598 3650 8.
1635 3606 1716 3652 Sic
1755 3603 1911 3653 edidit
1945 3604 2136 3650 Ernest.
2176 3617 2268 3666 pro
2309 3601 2508 3664 vulgato

1465 3694 1658 3747 putas,
1710 3695 1766 3730 ut.
1805 3685 1902 3743 iam
1965 3681 2188 3730 voluerat
2236 3679 2500 3728 Corradus.

1474 3763 1527 3810 J.
1547 3763 1614 3808 V.
1643 3763 1696 3810 L.

1549 3857 1598 3903 9.
1626 3843 1793 3888 Pares.
1823 3843 1874 3888 Si
1899 3857 2040 3906 pares
2065 3839 2222 3903 copiis
2250 3847 2363 3884 suut
2392 3839 2500 3884 An-

1477 3923 1641 3967 tonius
1662 3932 1712 3968 et
1734 3921 1999 3980 Octavium
2023 3923 2194 3968 Romae
2212 3917 2302 3966 tibi
2325 3915 2500 3965 ceuse‘o

1474 4000 1781 4048 manendum.
1811 4001 1908 4065 Ipsi
1926 4001 2054 4048 enim
2076 4002 2202 4046 111131
2223 4015 2272 4044 se
2290 3997 2502 4060 aliquan-

1476 4079 1558 4125 diu
1604 4080 1890 4143 pugnabunt
1924 4094 1937 4126 :
1983 4080 2261 4140 intereaque
2299 4076 2502 4141 periculi
