3019 4681
720 291 1244 360 EPISTOLAE
1294 292 1434 360 AD
1482 290 2262 379 ATTICUM‚XIII,
2319 317 2380 388 7.
2486 295 2629 390 309

502 412 675 484 bere
694 467 713 500 ,
748 437 911 509 quae
942 426 1094 484 erat
1123 413 1199 482 in
1232 411 1534 510 epistola
1562 427 1806 483 nostra
1826 467 1845 500 ‚
1885 435 1978 484 ne
2013 436 2090 484 se
2115 411 2412 486 absente
2439 414 2632 512 leges

500 547 647 594 suae
702 520 1263 619 negligerentur,
1318 524 1501 594 sicut
1553 538 1737 593 esset
1787 521 2108 619 neglecta
2165 529 2629 621 sumptuaria.

498 633 625 700 Est
658 634 909 724 εὔλογον
936 639 956 670 ¹
1002 655 1019 696 :
1070 628 1291 727 idque
1344 652 1540 700 eram
1594 629 2013 726 suspicatus.
2076 627 2214 699 Sed
2267 632 2418 699 istis
2473 655 2632 702 mos

500 739 906 835 gerendus²
948 753 1095 828 est;
1147 741 1285 810 nisi
1338 734 1621 836 placet3
1679 737 1867 808 hanc
1919 739 2147 834 ipsam
2199 741 2632 812 sententiam

498 873 633 918 nos
689 850 1049 946 persequi.
1099 853 1189 919 Et
1234 846 1632 922 Lentulum
1675 871 1842 918 cum
1892 845 2181 918 Metella
2203 848 2236 897 ⁴
2285 861 2482 922 certe
2521 846 2626 921 fe-

498 961 676 1032 cisse
708 959 1119 1030 divortium.
1157 965 1318 1031 Haec
1354 962 1599 1029 omnia
1633 972 1714 1030 tu
1759 955 2058 1028 melius-
2084 956 2462 1029 Rescribes
2498 959 2628 1058 igi-

498 1081 619 1138 tur
654 1067 1013 1166 quidquid
1054 1067 1288 1156 voles,
1341 1067 1741 1139 dummodo
1790 1063 1990 1164 quid.
2045 1071 2201 1136 Jam
2244 1071 2442 1138 enim
2479 1094 2631 1140 non

496 1182 816 1274 reperi0,
855 1175 1104 1276 quod⁵
1139 1193 1213 1250 te
1248 1182 1768 1276 rescripturum
1810 1191 2099 1274 putem,
2137 1178 2276 1248 nisi
2308 1176 2496 1249 forte
2537 1178 2631 1251 de

494 1287 860 1376 Mustella,
895 1307 1021 1361 aut
1055 1287 1162 1362 si⁶
1202 1289 1452 1360 Silium
1489 1287 1774 1358 videris.
1814 1291 2079 1356 Brutus
2117 1285 2274 1357 heri
2313 1291 2512 1372 venit
2551 1290 2626 1358 in

495 1399 981 1470 Tusculanum
1037 1414 1205 1498 post
1249 1398 1505 1470 horam
1557 1397 1940 1474 decimam.
1977 1395 2210 1468 Hodie
2251 1398 2472 1494 igitur
2510 1421 2630 1468 me

491 1507 767 1580 videbit
798 1537 815 1580 t
858 1535 939 1581 ac
972 1510 1264 1599 vellem,
1299 1533 1532 1607 quum
1559 1521 1683 1580 tu⁷
1724 1506 2027 1578 adesses.
2061 1510 2248 1578 Jussi
2285 1493 2626 1604 equidem

494 1619 561 1689 ei
614 1619 971 1708 nuntiari,
1031 1635 1143 1708 te,
1202 1619 1445 1717 quoad
1498 1619 1856 1716 potuisses
1885 1671 1904 1704 ,
1960 1633 2409 1712 exspectasse
2472 1617 2628 1710 ejus

492 1727 879 1801 adventum
908 1785 928 1818 ,
990 1745 1578 1827 venturumque,
1633 1731 1693 1799 si
1760 1727 2125 1813 audisses;
2185 1749 2490 1822 meque,
2545 1741 2630 1797 ut

492 1834 676 1909 facio
697 1892 717 1928 ,
762 1842 1111 1910 continuo
1156 1854 1227 1911 te
1272 1840 1654 1911 certiorem
1699 1859 1855 1908 esse
1890 1832 2270 1906 facturum.

568 2015 615 2049 ι.
645 1998 868 2068 Εὕλογον.
898 2002 1315 2050 Consentaneum·
1603 2001 1700 2047 lam
1727 1998 1790 2048 ed
1818 1999 2052 2047 caesarem
2091 1996 2363 2054 mittamus,
2393 2010 2502 2058 qun
2527 1992 2624 2051 illi,

564 2091 615 2126 2.
636 2081 746 2126 Μω
760 2079 1017 2143 gerendus.
1034 2083 1075 2128 1.
1092 2097 1135 2130 e.
1151 2081 1283 2141 ictis,
1308 2081 1477 2148 Oppio
1498 2114 1514 2140 ,
1603 2089 1658 2126 ut
1679 2079 1850 2126 Romae
1867 2086 2072 2132 manent,
2093 2073 2396 2125 suadeamus.
2421 2076 2516 2121 En.

491 2157 645 2206 Balbo
660 2195 677 2222 ‚
722 2175 907 2207 morem
956 2175 1119 2224 gerere
1171 2171 1371 2224 oportet
1385 2195 1400 2220 ,
1457 2169 1515 2208 ut
1557 2201 1570 2218 ,
1674 2167 1723 2214 4.
1753 2157 2006 2204 Lentulum
2027 2171 2136 2203 eum
2159 2154 2373 2204 Metella.
2400 2153 2625 2202 Refertur

490 2251 690 2300 prorem
740 2239 993 2287 omittatur
1043 2239 1263 2304 epistola.
1324 2241 1403 2300 Sic
1452 2238 1513 2287 de
1601 2235 1664 2284 nd
1689 2235 1813 2283 illud
1831 2269 1845 2291 ‚
1867 2234 2060 2282 Sextius
2087 2231 2328 2280 mmbat.
2351 2235 2502 2280 Inna.

492 2315 627 2364 Oret.
656 2318 682 2364 Ι
701 2352 717 2378 ,
744 2317 809 2366 23
834 2331 850 2367 ε
880 2339 905 2360 α
925 2317 1164 2383 gerendus
1188 2329 1263 2367 ent
1286 2318 1379 2367 tibi
1404 2333 1514 2367 mos
1676 2315 1727 2365 ⁵.
1755 2313 1912 2376 Quod.
1943 2312 2022 2361 Al.
2044 2309 2182 2377 quid.
2203 2311 2253 2361 J.
2268 2313 2334 2361 V.
2360 2313 2414 2359 L·

489 2393 879 2443 adolescentibus
894 2418 936 2443 n.
961 2398 1057 2443 En.
1670 2393 1723 2439 6.
1739 2392 1960 2441 Gravius
1973 2391 2152 2439 delevit
2169 2390 2217 2439 si
2225 2424 2244 2449 ‚
2261 2406 2363 2439 non
2380 2399 2624 2454 repertum

563 2465 610 2512 3.
640 2465 753 2513 Nisi
767 2467 957 2530 placet.
986 2466 1093 2516 Nisi
1119 2477 1174 2516 tu
1200 2466 1255 2514 in
1278 2466 1369 2515 hac
1395 2469 1507 2531 opi·
1598 2472 1652 2519 in
1673 2471 1798 2519 MSS
1817 2471 1936 2520 suis.
1963 2471 2188 2521 Imitatur
2203 2471 2394 2520 Ernest.
2414 2473 2463 2520 J.
2479 2470 2544 2519 V.
2569 2470 2625 2518 1..

489 2542 637 2593 aione
654 2561 731 2605 es,
758 2556 815 2594 ut
840 2546 1045 2595 omnino
1069 2548 1299 2610 scripum
1327 2548 1512 2611 episto·
1674 2568 1722 2613 7.
1749 2550 1906 2598 Abest
1927 2560 1996 2600 tu.
2027 2552 2078 2599 J.
2096 2551 2158 2597 V.
2191 2551 2246 2599 1..

762 2700 944 2719 m
1985 2700 2627 2725 mmmmm

1527 2704 1616 2723 m

1108 2816 2026 2903 EPISTOLA'VIII.
2135 2916 2142 2923 ,

550 2978 825 3039 ‘Breviter
852 2979 1131 3037 nonnulla
1159 2978 1233 3038 ab
1252 2981 1448 3039 Attico
1477 2982 1732 3041 curanda
1757 2982 2012 3042 mandat.
2043 2982 2150 3061 (In
2173 2981 2503 3041 Tusculano
2520 3020 2538 3048 ‚

1014 3094 1169 3134 anno
1194 3080 1270 3137 U.
1298 3080 1365 3136 C.
1404 3078 1548 3151 708,
1578 3099 1774 3139 mense
1797 3079 2088 3159 quintili.)

1162 3228 1472 3292 CICERO
1518 3230 1830 3297 ATTICO
1879 3231 1944 3296 S.

580 3364 822 3433 PLAmz
845 3361 1026 3432 nihil
1057 3375 1244 3450 erat,
1279 3360 1483 3459 quod
1513 3362 1600 3434 ad
1629 3378 1700 3435 te
1729 3362 2140 3437 scriberem.
2171 3358 2396 3431 Modo
2426 3359 2620 3431 enim

486 3468 941 3559 discesseras»,
982 3486 1053 3543 et
1088 3471 1334 3571 paullo
1362 3486 1529 3569 post
1553 3474 1912 3573 triplices¹
1953 3474 2347 3545 remiseras.
2388 3468 2618 3541 Velim

488 3604 693 3655 cures
729 3579 1151 3654 fasciculum
1182 3580 1272 3652 ad
1304 3582 1716 3654 Vestorium
1751 3582 2268 3668 deferendum3
2307 3594 2378 3652 et
2407 3578 2620 3650 alicui

488 3688 614 3763 des
656 3693 1066 3789 negotium,
1116 3692 1247 3788 qui
1288 3706 1605 3787 quaerat,
1653 3698 1739 3786 Q.
1794 3694 2076 3767 Faberii
2122 3690 2392 3763 fundus
2441 3714 2617 3760 num

565 3867 611 3899 1.
648 3850 891 3915 Triplices.
918 3851 977 3900 Id
1001 3860 1101 3909 est,
1132 3848 1335 3899 tabellas
1360 3849 1505 3897 trium
1594 3846 1799 3910 intelligi
1823 3844 2097 3894 codicillos.
2122 3845 2174 3892 J.
2209 3846 2257 3891 F.
2286 3840 2518 3897 Gnonov.
2544 3866 2614 3877 -

488 3930 795 3993 paginarum,
831 3932 886 3980 in
915 3930 1093 3994 quibus
1118 3930 1183 3977 ed
1212 3941 1261 3978 te
1294 3928 1505 3992 scripse·
1594 3925 1807 3977 Martini.
1827 3928 1924 3974 VII
1939 3958 1954 3982 ,
1975 3926 2042 3971 82
2063 3936 2077 3972 :
2103 3922 2223 3971 «Bis
2241 3936 2383 3971 senos
2402 3918 2622 3985 triplices¹

488 4022 616 4073 tam,
630 4024 743 4059 eum
762 4004 994 4077 responso
1012 4009 1275 4061 remiseras.
1296 4008 1507 4059 Videtur
1596 4017 1647 4056 et
1670 4002 1986 4069 dentiscalpia
2001 4012 2191 4069 septem
2202 4021 2246 4054 a.
2273 4002 2366 4051 En.
