3019 4681
506 377 643 450 272
1084 356 1185 423 M.
1237 357 1317 424 r.
1370 357 1970 427 CICERONIS

1050 537 1233 558 m
1236 537 1417 558 m
1423 519 2628 560 mmmmm

1072 721 1673 800 EPISTOLA
1734 722 2064 800 XXXI.

510 907 600 962 De
629 901 805 963 Drusi
833 901 1018 959 hortis
1046 899 1180 960 fano
1206 899 1411 959 Tulliae
1436 898 1787 958 exstruendo
1815 899 2090 974 emendis.
2137 901 2436 980 (Astum,
2474 921 2624 960 anno

1123 999 1197 1057 U.
1222 998 1291 1054 C.
1322 995 1435 1066 708
1458 1037 1477 1069 ,
1509 1013 1706 1053 mense
1733 994 2003 1089 martio.)

1176 1177 1491 1242 CICERO
1537 1177 1852 1243 ATTICO
1897 1178 1961 1243 S.

598 1340 857 1408 Sinum
900 1350 1209 1406 mutasse
1243 1337 1712 1424 sententiam,
1753 1336 1908 1406 Sica
1931 1333 2366 1408 mirabatur.
2407 1339 2626 1432 Equi-

501 1447 664 1520 dem
695 1447 917 1544 magis
941 1448 1187 1534 miror,
1217 1437 1419 1543 quod
1439 1499 1458 1533 ,
1504 1469 1735 1544 quum
1769 1447 1850 1515 in
1890 1444 2119 1516 filium
2151 1469 2436 1516 causam
2460 1469 2626 1516 con-

498 1556 753 1643 ferret,
798 1581 959 1652 quae
1008 1554 1186 1625 mihi
1236 1579 1385 1626 non
1438 1556 1742 1650 injusta¹
1803 1554 2394 1653 videtur-(habet
2430 1549 2624 1626 enim

496 1664 783 1764 qualem
818 1664 972 1735 vult
994 1663 1062 1761 );
1104 1663 1206 1736 ais
1248 1678 1318 1735 te
1357 1679 1617 1762 putare
1639 1719 1659 1751 ,
1702 1667 1760 1734 si
1801 1663 2286 1736 addiderimus
2320 1663 2548 1753 aliud,
2585 1689 2626 1735 a

501 1800 653 1874 quo
694 1773 996 1872 refugiat
1019 1785 1075 1862 ²,
1136 1798 1367 1870 quum
1410 1773 1514 1863 ,ab
1557 1775 1718 1873 ipso
1768 1775 1844 1846 id
1893 1773 2111 1846 fuerit
2154 1775 2631 1863 destinatum,

504 1885 989 1957 venditurum.
1038 1885 1318 1975 Quaeris
1362 1908 1405 1955 a
1446 1908 1600 1970 me,
1651 1883 1852 1980 quod
1906 1908 2270 1955 summum
2313 1886 2626 1982 pretium

503 1997 937 2067 constituam
963 2047 982 2080 ,
1018 2008 1091 2064 et
1134 2007 1491 2090 quantum
1539 1996 1812 2065 anteire
1855 1994 2030 2064 istos
2077 1992 2331 2065 hortos
2367 1996 2626 2065 Drusi:

504 2104 767 2175 accessi
804 2127 1224 2199 numquam.
1263 2104 1758 2201 Coponianam
1796 2102 2034 2174 villam
2066 2117 2139 2174 et
2175 2117 2489 2175 veterem
2507 2159 2528 2192 ,
2559 2117 2630 2174 et

504 2238 656 2284 non
700 2237 1029 2309 magnam
1068 2215 1278 2302 novi3
1330 2212 1581 2284 silvam
1624 2212 1978 2303 nobilem,
2026 2212 2344 2285 fructum
2387 2229 2626 2284 autem

499 2324 874 2395 neutrius:
909 2321 1111 2420 quod
1153 2335 1394 2395 tamen
1440 2337 1622 2422 puto
1666 2348 1800 2396 nos
1839 2327 2020 2395 scire
2073 2338 2434 2421 oportere.
2488 2321 2630 2395 Sed

498 2432 676 2503 mihi
718 2434 965 2505 utrivis
1010 2436 1316 2505 istorum
1364 2449 1692 2531 tempore
1741 2437 1967 2531 magis
2005 2459 2206 2523 mee,
2247 2460 2469 2531 quam
2506 2459 2623 2505 ra-

498 2544 698 2613 tione
745 2542 1139 2614 aestimandi
1173 2558 1365 2615 sunt.
1406 2546 1676 2614 Possim
1720 2559 1960 2616 autem
1999 2549 2320 2641 assequi,
2358 2568 2625 2632 necne,

498 2666 580 2723 tu
616 2651 827 2723 velim
871 2654 1166 2749 cogites.
1201 2656 1270 2723 Si
1299 2654 1494 2724 enim
1524 2651 2000 2724 Faberianum
2032 2652 2462 2739 venderem,
2504 2677 2624 2722 ex-

496 2762 759 2859 plicare
785 2763 898 2834 vel
927 2765 1558 2861 repraesentatione
1589 2788 1742 2833 non
1765 2761 2172 2834 dubitarem
2202 2761 2293 2833 de
2323 2760 2627 2846 Silianis,

500 2874 558 2943 si
614 2871 834 2942 modo
898 2870 1409 2962 adduceretur,
1466 2885 1550 2943 ut
1594 2870 1988 2943 venderet:
2039 2874 2095 2942 si
2149 2870 2430 2941 venales
2474 2894 2624 2940 non

496 2980 800 3055 haberet
825 3036 846 3071 ,
907 2987 1289 3054 transirem
1355 2980 1447 3053 ad
1504 2984 1820 3052 Drusum
1850 3036 1870 3067 ,
1927 2981 2043 3051 vel
2095 2981 2321 3067 tanti,
2374 2981 2626 3075 quanti

492 3093 835 3187 Egnatius
892 3090 1095 3162 illum
1152 3092 1335 3162 velle
1391 3089 1526 3163 tibi
1585 3089 1787 3161 dixit.
1838 3093 2109 3188 Magno
2157 3092 2373 3161 etiam
2417 3088 2622 3182 adju-

500 3214 747 3273 mento
775 3199 985 3271 nobis
1008 3206 1495 3297 Hermogenes
1518 3196 1547 3242 ³
1573 3215 1812 3298 potest
1836 3224 1991 3272 esse
2013 3197 2619 3298 repraesentanda

570 3389 617 3421 1.
639 3373 757 3420 Non
782 3372 979 3438 injusta.
996 3374 1125 3436 Quia
1148 3372 1256 3421 filio
1282 3373 1401 3421 velit
1416 3371 1534 3421 ob-‘
1601 3373 1808 3435 abjicere
1833 3384 1885 3421 et
1905 3373 2142 3431 alienare,
2165 3372 2254 3421 uhi
2269 3370 2332 3419 ab
2361 3371 2472 3436 ipso
2489 3370 2619 3419 hunc

495 3454 631 3515 sequi
646 3486 661 3507 ,
692 3452 885 3516 roganti
910 3468 972 3501 ne
990 3451 1203 3500 vendat:
1231 3468 1378 3516 quum
1402 3468 1514 3499 eum
1602 3454 1856 3501 emerimus
1871 3486 1890 3513 ,
1933 3464 1982 3500 et
2024 3452 2160 3499 illum
2175 3486 2191 3511 ,
2227 3468 2376 3516 quem
2399 3462 2621 3514 optamus

494 3530 671 3579 habeat
686 3562 701 3587 ,
722 3531 913 3595 qualem
938 3530 1051 3591 vult,
1066 3565 1081 3591 ,
1118 3532 1215 3579 hoc
1240 3543 1341 3593 est,
1370 3532 1514 3596 plane
1601 3533 1926 3581 accessionem
1947 3531 2190 3579 damn-um.
2211 3533 2245 3579 J
2251 3566 2264 3577 .
2284 3535 2338 3579 F.
2381 3532 2618 3579 Gnouov.

496 3626 560 3658 ex
584 3610 733 3657 animi
755 3610 830 3658 sui
855 3611 1089 3660 sententia
1121 3622 1135 3659 τ
1166 3622 1223 3659 ut
1248 3610 1514 3674 repr-ehen-
1599 3636 1671 3647 —-
1687 3610 1893 3659 Facinus
1919 3610 1990 3657 cic
2029 3610 2265 3658 sententia
2301 3608 2590 3673 procederet
2603 3642 2618 3667 ,

498 3686 688 3735 dendus
707 3703 809 3735 non
826 3688 891 3737 sit
902 3722 917 3749 ‚
941 3688 1129 3753 quitali
1142 3688 1248 3738 mio
1267 3690 1509 3755 obsequii·
1600 3711 1626 3732 «-
1643 3690 1682 3737 ni
1702 3689 2028 3738 addidet-imm
2065 3689 2200 3736 aliud
2214 3723 2230 3748 ,
2266 3688 2403 3752 quod
2421 3687 2484 3735 ab
2507 3687 2618 3751 ipso

500 3777 597 3814 tur.
616 3768 756 3814 Mur.
1597 3769 1744 3816 fuerit
1761 3768 2080 3825 destinatum,
2107 3768 2251 3815 etiam
2277 3766 2401 3814 illud
2419 3800 2435 3825 ,
2461 3782 2490 3813 a
2517 3780 2618 3829 quo

570 3859 597 3889 α
610 3878 621 3890 .
649 3846 697 3891 Α
714 3861 813 3908 quo
838 3843 1071 3912 refugiat.
1095 3848 1255 3907 Huius
1276 3844 1375 3894 loci
1398 3862 1512 3895 sen·
1599 3848 1830 3911 refugiat,
1872 3846 2245 3903 venditurum».
2267 3848 2430 3910 Quam
2449 3844 2618 3893 lectio-

496 3922 647 3969 tentia
668 3922 775 3970 haec
800 3932 873 3970 ent
896 3938 911 3972 :
942 3926 994 3972 si
1018 3938 1113 3971 nm
1148 3940 1260 3971 cum
1292 3940 1350 3971 eo
1389 3922 1503 3972 loco
1597 3942 1706 3974 nem
1727 3924 1924 3975 Schiitz.
1948 3926 2148 3990 ingenio
2170 3924 2498 3985 concinnavit,
2513 3939 2615 3971 non

488 4016 636 4062 quem
663 4000 897 4065 petimus,
930 4002 993 4049 ab
1018 4018 1079 4050 eo
1102 4001 1503 4062 desideravimus,
1591 4005 1774 4067 recepit
1801 4014 1977 4053 umen.
1997 4006 2030 4053 J
2033 4038 2048 4051 .
2068 4007 2130 4054 V.
2158 4007 2212 4053 1..

488 4088 543 4125 nt
561 4079 738 4127 vendat
754 4078 897 4127 nobis
924 4090 973 4128 et
990 4080 1337 4143 alium‚·qucm
1366 4080 1502 4145 cupit
1663 4083 1713 4130 3.
1742 4084 2076 4150 Hermogenes.
2117 4082 2168 4131 si
2203 4082 2286 4131 hic
2336 4092 2410 4132 est
2450 4080 2577 4129 idem
2601 4113 2615 4140 ,
