3019 4681
474 393 617 480 344
1100 398 1195 465 Μ.
1246 396 1322 464 Τ.
1376 395 1938 467 CICERONIS

469 531 627 588 tum
676 515 1155 588 Faberianum
1202 517 1569 612 negotium
1607 514 1970 606 futurum,
2011 521 2292 590 etiamsi
2334 534 2442 593 est
2481 519 2598 593 fu·-

472 642 759 718 turum,
801 640 887 697 ut
926 652 1077 697 non
1120 625 1382 698 habeat
1430 625 1702 725 aliquid
1751 651 1992 698 morae.
2034 630 2280 719 Quum
2327 633 2600 729 poteris

470 739 727 834 igitur,
776 737 1123 834 quoniam
1178 735 1574 808 etiamdum
1637 735 1808 809 abes
1831 745 1886 808 ¹.
1918 738 2314 810 Dicaearchi
2333 792 2354 827 ,
2413 763 2602 838 quos

476 847 728 920 scribis
750 901 769 936 ‚
806 846 1032 919 libros
1073 870 1245 918 sane
1294 845 1508 918 velim
1561 846 1740 918 mihi
1794 851 2080 920 mittas:
2127 848 2370 921 addas*
2385 853 2600 922 etiam

404 963 413 973 '
478 952 878 1036 καταδάσεως
897 963 951 1022 ².
992 955 1103 1024 De
1148 952 1447 1049 epistola
1474 953 1565 1023 ad
1595 957 1967 1043 Caesarem,
2002 959 2249 1053 κέκρικα
2267 951 2318 1027 ³.
2366 961 2606 1053 Atque

482 1065 557 1136 id
595 1067 861 1163 ipsum,
902 1060 1102 1160 quod
1136 1063 1251 1132 isti
1275 1064 1476 1133 aiunt
1502 1064 1706 1135 illum
1735 1063 2087 1154 scribere,
2127 1090 2234 1152 se,
2260 1068 2400 1137 nisi
2429 1090 2606 1138 con·-

476 1175 742 1246 stitutis
784 1172 1046 1260 rebus,
1083 1197 1233 1243 non
1262 1173 1534 1244 iturum
1575 1175 1650 1244 in
1689 1172 2029 1263 Parthos3
2057 1175 2248 1246 idem
2287 1200 2423 1275 ego
2451 1199 2608 1248 sua·

478 1283 737 1358 debam
790 1283 867 1353 in
912 1281 1031 1353 ina
1066 1283 1412 1380 epistola:
1456 1283 1667 1355 sin....
1689 1295 1718 1371 ,'
1753 1297 1998 1354 utrum
2044 1281 2337 1373 liberet,
2375 1281 2610 1357 facere

481 1417 691 1494 posse
708 1449 729 1482 ‚
765 1406 1059 1464 auctore
1093 1417 1233 1464 me.
1268 1397 1424 1464 Hoc
1460 1394 1656 1465 enim
1690 1392 1810 1466 ille
1845 1407 2213 1492 exspectat
2245 1393 2608 1481 videlicet,

482 1529 725 1602 neque
765 1518 875 1575 est
919 1500 1239 1574 facturus
1282 1501 1681 1600 quidquam
1709 1558 1729 1592 ,
1769 1504 1908 1574 nisi
1945 1501 2035 1576 de
2077 1527 2245 1574 meo
2282 1503 2609 1574 consilio.

485 1611 845 1701 Obsecr0‚
886 1610 1307 1708 abjiciamus
1335 1615 1504 1702 ista,
1541 1629 1612 1684 et
1643 1611 2031 1686 semiliberi
2065 1613 2317 1686 saltem
2349 1615 2611 1702 simus;

481 1724 685 1823 quod
726 1747 1195 1821 assequemur
1228 1738 1302 1796 et
1340 1723 1648 1797 tacendo
1667 1779 1688 1814 ,
1723 1740 1796 1796 et
1831 1723 2145 1798 latendo.
2195 1722 2336 1796 Sed
2373 1738 2449 1797 et
2489 1748 2614 1820 ag-

481 1835 781 1934 gredere
835 1834 1193 1908 Othonem
1219 1889 1240 1920 ,
1300 1849 1387 1906 ut
1444 1834 1756 1906 scribis:
1813 1833 2136 1924 confice,
2193 1836 2294 1906 mi
2347 1836 2616 1924 Attice,

482 1949 696 2022 istam
737 1971 914 2020 rem.
972 1945 1165 2022 Nihil
1218 1947 1413 2018 enim
1460 1945 1658 2018 aliud
1700 1949 2028 2047 reperio,
2063 1945 2193 2020 ubi
2231 1961 2304 2020 et
2337 1948 2413 2020 in
2454 1945 2616 2018 foro

486 2081 640 2128 non
682 2056 814 2127 sim
839 2109 858 2144 ‚
892 2069 966 2128 et
1004 2070 1243 2127 tecum
1290 2081 1450 2129 esse
1490 2057 1782 2156 possim.
1835 2060 2110 2149 Quanti
2153 2073 2393 2129 autem
2416 2110 2437 2145 ,
2477 2055 2621 2127 hoc

487 2167 667 2236 mihi
717 2168 917 2237 venit
963 2166 1036 2235 in
1073 2179 1414 2245 mentem.
1456 2171 1534 2238 C.
1571 2165 1917 2238 Albanius
1955 2171 2330 2266 proximus
2373 2181 2482 2240 est
2515 2169 2620 2236 vi—

437 2319 451 2330 ·
490 2277 698 2349 cinus
730 2300 747 2346 ε
789 2274 850 2347 is
896 2297 1006 2347 cm
1036 2274 1371 2373 jugerum
1410 2273 1501 2347 de
1537 2279 1634 2357 Μ,
1675 2276 1854 2352 Pilio
1900 2282 2115 2367 emit,
2163 2291 2250 2351 ut
2277 2302 2438 2351 mea
2467 2299 2620 2347 me-

489 2386 719 2457 moria
748 2398 897 2468 est,
930 2387 1079 2455 H·S
1113 2408 1272 2456 cxv.
1308 2385 1572 2456 Omnia
1598 2388 1867 2460 scilicet
1903 2413 2101 2461 nuno
2125 2390 2446 2461 minoris.
2480 2384 2623 2459 Sed

488 2494 765 2577 accedit
792 2492 1181 2598 cupiditas3
1215 2482 1292 2564 in
1323 2519 1465 2592 qua
1485 2549 1506 2584 ,
1538 2509 1798 2593 praeter
1823 2495 2230 2587 Othonem,
2259 2522 2410 2569 non
2438 2509 2624 2594 puto

489 2631 627 2678 nos
666 2603 895 2675 ullum
940 2601 1420 2676 adversarium
1453 2603 1852 2679 habituros.
1889 2608 2030 2679 Sed
2068 2632 2232 2679 eum
2271 2612 2512 2706 ipsum
2542 2618 2625 2675 tu

497 2716 770 2815 poteris
810 2738 1149 2786 movere:
1197 2711 1472 2786 facilius
1519 2718 1734 2788 etiam
1755 2773 1775 2807 ‚
1819 2722 1878 2789 si
1914 2722 2251 2789 Kanum‘*
2297 2715 2619 2788 haberes.

562 2888 612 2923 ι.
642 2868 883 2934 Quoniam
920 2867 1184 2917 etiamdum
1210 2870 1339 2919 abes.
1366 2869 1514 2919 Non-

489 2952 609 3001 dum
625 2952 677 2998 in
695 2949 825 2997 viam
842 2959 891 2997 te
912 2947 1103 2998 dedisti.
1129 2950 1426 2997 Μυκη-τωο.
1442 2976 1516 2987 —-

1603 2872 1719 2921 cubi
1740 2882 1790 2920 et
1813 2882 2002 2922 tessere
2019 2872 2222 2922 modum
2248 2888 2326 2921 me
2349 2872 2627 2920 conform·-

1603 2953 1680 3010 vi,
1717 2948 1994 3002 flrmiadmo
2014 2962 2126 3012 eto,
2170 2961 2356 3000 certum
2393 2950 2550 2999 habeo
2575 2960 2626 2997 et

491 3031 689 3083 Mallem
704 3028 993 3093 :uquoniam
1009 3026 1093 3075 diu
1104 3026 1295 3077 haben.
1305 3029 1514 3077 Μυκη.

567 3126 617 3161 2.
634 3102 976 3163 Καταὸἀσιως.
1001 3108 1111 3155 Hoc
1128 3117 1201 3155 eet
1217 3141 1234 3168 ,
1249 3106 1520 3155 Dicarchi

490 3191 694 3248 librum,
706 3184 911 3255 περὶτῆς
928 3184 989 3241 εἰς
1007 3185 1279 3252 Τρωφονίου
1299 3180 1521 3235 zaragi-

493 3286 610 3325 σιως
620 3268 697 3326 ,de
712 3266 945 3313 descensu
958 3265 1010 3313 in
1023 3274 1213 3311 antrum
1223 3264 1519 3327 Trophonii.

567 3348 620 3397 3.
646 3344 877 3412 Kixputa.
899 3346 1021 3392 Huc
1053 3342 1200 3391 lectio
1228 3352 1301 3390 ent
1324 3358 1351 3390 e
1370 3344 1513 3390 Lam-

494 3427 603 3477 hini
618 3427 898 3491 conjectura
906 3457 925 3481 ,
948 3438 1094 3485 quam
1122 3437 1235 3471 cum
1252 3422 1448 3470 Groevio
1464 3436 1518 3472 et

494 3504 716 3556 Emestio
737 3502 931 3567 prefert
952 3504 1082 3551 J.v.
1097 3502 1151 3549 1..
1180 3500 1363 3549 Probat
1390 3516 1520 3563 quo-

496 3602 593 3651 que
614 3582 894 3633 'rum-nus
913 3617 929 3643 ‚
951 3596 1033 3645 ep.
1061 3579 1125 3628 ad
1152 3579 1382 3630 Middlet.
1402 3596 1516 3644 pag.

504 3664 625 3720 146.
658 3661 828 3711 Lectio
865 3660 1021 3725 prima
1062 3658 1113 3705 in
1155 3656 1235 3705 ed.
1274 3659 1416 3706 Rom.
1445 3670 1520 3708 est

496 3734 714 3800 κίλτικαζ
740 3750 905 3805 estque
918 3738 1021 3791 sine
1036 3734 1189 3785 dubio
1202 3737 1376 3785 vitiosa
1392 3772 1407 3795 ,
1426 3738 1521 3785 nisi

500 3818 877 3869 comminiscar-is
890 3816 1073 3880 aliquid
1086 3816 1148 3863 de
1159 3816 1348 3865 Gallico
1366 3815 1516 3867 bello.

498 3902 689 3948 Victor.
722 3897 857 3956 conj.
884 3894 1119 3961 κέπφυια,
1141 3894 1197 3943 id
1220 3906 1293 3943 est
1312 3931 1329 3958 ,
1362 3896 1522 3955 fania,

499 3982 701 4035 insnum
748 3974 992 4029 Con-adm
1035 3975 1274 4043 πέφρικα,
1320 3974 1405 4028 alii
1436 3975 1522 4025 κέ·

497 4064 649 4117 ληκα,
677 4067 767 4104 etc.
794 4054 1014 4103 Lambini
1044 4054 1301 4102 lectionem
1325 4054 1524 4122 κέκρικα.

498 4140 599 4188 lete
614 4152 781 4193 omues
799 4132 1025 4199 prob-ut.
1054 4162 1123 4171 —-
1145 4128 1403 4186 Κικὺὅυια.
1419 4156 1442 4179 ι
1460 4136 1522 4183 ln

1605 3033 1926 3081 constitutum
1943 3064 1961 3093 ,
1986 3031 2108 3098 quid
2132 3032 2340 3080 scribam
2358 3052 2400 3078 ι.
2422 3032 2554 3079 Eut.

1681 3117 1728 3165 4.
1765 3110 1967 3159 canum.
1999 3113 2064 3175 Q.
2107 3110 2294 3158 Gellius
2339 3111 2529 3171 Canus,
2565 3106 2630 3155 de

1607 3202 1708 3253 quo
1733 3186 1902 3251 Nepos
1937 3188 1990 3235 in
2028 3188 2185 3235 Attici
2219 3188 2346 3249 viu,
2391 3202 2500 3251 cap.
2547 3200 2630 3245 ιο..

1608 3292 1679 3303 -
1699 3266 1854 3314 Pudet
1875 3282 1952 3314 me
1982 3266 2162 3331 patris.
2195 3269 2268 3315 Ita
2303 3266 2451 3317 vict.
2489 3266 2628 3313 Man.

1608 3344 1775 3394 lamii.
1799 3343 1949 3408 Quod
1973 3345 2157 3394 habent
2175 3346 2368 3395 Gruter.
2398 3356 2448 3393 et
2467 3344 2628 3393 Graev.

1603 3436 1778 3489 «putet
1801 3440 1880 3473 me
1897 3427 2049 3489 patris
2063 3446 2089 3467 a
2102 3458 2118 3481 ,
2133 3424 2276 3473 nihili
2295 3436 2385 3473 est.
2402 3424 2530 3471 mad
2547 3438 2634 3471 au·

1605 3514 1700 3551 tem
1720 3526 1746 3546 α
1761 3505 1807 3552 0
1831 3502 1994 3567 gulam
2011 3503 2270 3551 insulsam!
2285 3524 2311 3544 a·
2337 3502 2526 3551 dictum
2550 3500 2633 3548 in·

1604 3582 1828 3647 telligunt
1845 3583 1907 3631 de
1924 3582 2121 3635 Othone
2135 3616 2153 3643 ‚
2181 3582 2268 3647 qui
2286 3578 2626 3629 tantummodo

1604 3672 1660 3709 ut
1681 3661 1954 3711 bibacitatis
1969 3660 2168 3709 haberet
2185 3660 2502 3718 domicilium,
2517 3658 2628 3706 hor-

1606 3750 1685 3795 tos
1703 3756 1858 3795 emere
1867 3738 1980 3795 illos
2001 3738 2195 3788 volebat
2207 3772 2222 3797 ‚
2237 3753 2366 3801 quos
2378 3736 2527 3785 alium
2543 3736 2639 3784 ho·

1607 3818 1863 3867 nestiorem
1889 3816 1944 3865 in
1977 3832 2122 3865 usum
2156 3814 2415 3881 appetebat
2443 3814 2635 3863 Cicero.

1609 3900 1714 3961 Ego
1757 3896 1819 3945 de
1844 3898 1907 3960 Q.
1943 3893 2049 3943 filio
2089 3897 2396 3959 interpretor.
2437 3895 2562 3943 Nam
2589 3904 2639 3941 et

1610 3977 1694 4025 ille
1731 3974 1920 4040 aliquid
1961 3975 2193 4039 temporis
2223 3984 2341 4022 tunc
2379 3988 2638 4020 commune

1610 4054 1782 4114 habuit
1824 4070 1934 4102 cum
1983 4054 2120 4101 Cano
2135 4088 2152 4114 ,
2195 4062 2248 4099 ut
2294 4066 2413 4099 mox
2449 4051 2640 4098 dicetur

1611 4135 1751 4199 epist.
1786 4141 1869 4190 41.
1904 4132 2058 4183 Pudet
2088 4146 2164 4179 me
2189 4130 2373 4195 patris,
2399 4130 2496 4179 hoo
2527 4140 2636 4203 en,
