3019 4681
465 337 600 414 138
1084 342 1180 410 M.
1227 341 1306 408 T.
1362 339 1955 412 CICERONIS.

449 486 680 560 quum
713 463 952 558 ipsum
1000 464 1395 534 Curionem
1437 461 1529 533 ad
1566 487 1733 533 eum
1770 462 2246 534 transiturum
2286 466 2589 559 putem?

447 575 520 646 Si
567 571 875 644 trahitur
909 570 1220 659 bellum,
1263 572 1445 670 quid
1498 584 1907 670 exspectem
1930 625 1950 659 ‚
1984 585 2113 642 aut
2146 595 2366 668 quam
2414 571 2587 643 diu?

445 685 938 782 Relinquitur,
980 699 1101 772 ut,
1154 684 1214 754 si
1256 685 1615 754 vincimur
1642 681 1675 737 4
1716 684 1791 754 in
1836 683 2209 779 Hispania,
2259 684 2581 779 quiesca-

446 819 626 865 mus.
650 792 736 864 Id
763 817 900 892 ego
925 807 1174 864 contra
1205 807 1430 890 puto:
1457 793 1677 864 istum
1700 789 1730 834 ⁵
1763 792 1957 863 enim
1986 792 2333 862 victorem
2360 793 2584 890 magis

442 902 1010 1001 relinquendum
1064 918 1282 999 pum,
1344 927 1565 1000 quam
1620 903 1929 990 victum,
1994 914 2066 972 et
2128 898 2582 971 dubitantem

445 1015 709 1112 magis,
741 1037 964 1110 quam
993 1011 1344 1084 fidentem
1376 1014 1525 1084 suis
1548 1011 1789 1084 rebus.
1829 1014 2011 1082 Nam
2038 1011 2307 1082 caedem
2332 1009 2577 1094 video,

442 1131 502 1197 si
547 1127 837 1214 vicerit,
894 1143 968 1198 et
1026 1131 1379 1225 impetum
1431 1128 1511 1198 i'n
1574 1131 2025 1225 privatorum
2077 1128 2455 1224 pecunias,
2510 1139 2583 1196 et

441 1235 776 1307 exsulum
804 1235 1152 1324 reditum,
1185 1251 1259 1308 et
1294 1235 1577 1308 tabulas
1603 1259 1865 1323 novaS,
1896 1249 1967 1307 et
1997 1239 2577 1334 turpissimorum

447 1347 801 1431 honoreS‚
853 1360 926 1418 et
975 1371 1282 1443 regnum
1319 1372 1472 1419 non
1505 1347 1728 1417 modo
1764 1370 2071 1417 romano
2104 1345 2419 1432 homini,
2452 1344 2579 1417 sed

445 1482 540 1528 ne
581 1461 809 1529 Persae
844 1455 1138 1554 quidem
1176 1458 1515 1555 cuiquam
1552 1456 1954 1529 tolerabile.
1997 1459 2237 1532 Tacita
2262 1481 2417 1529 esse
2448 1481 2577 1553 po-

353 1653 358 1658 ·
419 1571 617 1652 ³terit
650 1567 1037 1664 indignitas
1075 1568 1367 1640 nostra?
1406 1569 1559 1666 pati
1600 1581 1953 1665 poterunt
1995 1567 2218 1648 oculi,
2264 1591 2380 1640 me
2414 1589 2579 1638 cum

442 1676 754 1748 Gabinio
803 1680 1238 1748 sententiam
1289 1676 1579 1749 dicere?
1628 1693 1703 1752 et
1742 1677 2041 1776 quidem
2090 1677 2297 1748 illum
2343 1677 2581 1772 rogari

447 1789 645 1884 prius
675 1785 766 1857 ⁶?
826 1801 1089 1885 praesto
1147 1811 1302 1871 esse
1366 1789 1709 1860 clientem
1752 1802 1779 1846 ⁷
1849 1804 2061 1859 tuum
2124 1787 2459 1860 Cloelium
2498 1781 2581 1856 ⁸?

443 1903 524 1969 C.
569 1900 757 1970 Ateii
787 1897 1230 1995 Plaguleium
1257 1899 1336 1968 9?
1373 1898 1693 1970 ceteros?
1734 1897 1873 1970 Sed
1907 1922 2036 1969 cur
2070 1897 2400 1968 inimicos
2432 1893 2579 1966 col-

442 2008 637 2107 ligo?
671 2011 803 2107 qui
841 2033 1044 2080 meos
1067 2011 1547 2098 necessariOS,
1576 2034 1617 2080 a
1646 2033 1763 2082 me
1794 2007 2133 2080 defensos
2162 2018 2245 2096 ¹⁰,
2293 2031 2429 2078 nec
2466 2006 2577 2076 vi-

447 2117 622 2189 dere
659 2119 734 2188 in
776 2121 976 2190 curia
1017 2118 1174 2214 sine
1221 2118 1506 2208 dolore,
1550 2144 1687 2192 nec
1721 2121 1984 2191 versari
2031 2119 2219 2190 inter
2260 2142 2387 2190 eos
2424 2119 2577 2187 sine

514 2337 567 2386 4.
604 2329 658 2377 Si
679 2329 940 2381 vincimur.
983 2329 1037 2378 Si
1067 2329 1290 2395 Pompeii
1321 2330 1467 2395 legati

438 2428 468 2457 ει
502 2412 691 2459 Caeaare
717 2410 1006 2471 vincentur,
1031 2420 1081 2458 et
1108 2410 1219 2470 hic,
1249 2422 1305 2458 ut
1329 2422 1468 2459 antea

441 2490 600 2549 dixit,
625 2488 885 2553 Hispanias
916 2488 1269 2555 apprehendet.
1301 2492 1395 2538 En.

511 2568 558 2617 6.
585 2570 754 2617 Istum.
783 2570 910 2617 Puto
932 2570 1174 2617 Con-rem
1193 2569 1356 2631 potius
1389 2586 1466 2617 re-

434 2646 756 2713 linquendum
773 2663 926 2711 quum
940 2647 1130 2711 vincet,
1148 2664 1291 2711 quam
1311 2664 1464 2711 quum

433 2725 596 2773 vietus
619 2726 712 2775 erit
727 2760 741 2784 ‚
763 2737 814 2774 et
839 2726 893 2773 in
915 2742 974 2773 eo
1003 2725 1283 2774 discrimine
1304 2744 1464 2775 versa·

433 2804 592 2864 bitur,
619 2804 848 2868 ut‘magis
858 2806 1073 2854 incertus
1091 2805 1177 2865 sit,
1195 2822 1338 2869 qnam
1360 2823 1463 2855 eer-

436 2897 540 2947 tus,
563 2884 626 2931 de
654 2898 815 2933 rerum
855 2900 1051 2934 suarum
1085 2887 1235 2940 exitu.
1258 2887 1458 2936 noema.

434 2990 506 3001 -
553 2961 949 3028 Turpis-simorum
987 2963 1212 3011 lzonom.
1259 2966 1461 3014 Sueton.

437 3044 488 3090 in
519 3041 622 3091 Jnl.
659 3058 768 3107 cap.
801 3043 862 3092 6:
882 3042 1099 3092 «Nullos
1123 3059 1226 3092 non
1249 3045 1462 3092 honores

429 3122 495 3170 nd
510 3121 767 3171 libidinem
783 3124 916 3186 eepit
939 3132 990 3171 et
1005 3121 1164 3173 dedit.
1186 3158 1201 3172 .
1221 3156 1237 3171 .
1265 3124 1462 3171 civitate

433 3202 674 3259 donatos,
699 3212 752 3251 et
790 3200 1030 3269 quosdam
1069 3220 1096 3250 e
1125 3202 1462 3253 semibarbari·

433 3282 686 3331 Gallorum
714 3272 899 3346 reee'pit
919 3282 972 3328 in
1001 3282 1182 3330 curiam
1197 3304 1240 3329 n.
1255 3284 1352 3330 En.

503 3362 555 3408 6.
583 3362 741 3409 Prius.
763 3361 880 3410 Non
905 3361 1021 3423 qnia
1042 3360 1364 3423 antiquiorem
1379 3360 1462 3410 Gi·-

431 3454 635 3501 cerone,
671 3440 762 3489 sed
801 3438 916 3503 quia
954 3439 1132 3487 Caesari
1167 3439 1460 3489 amiciorem.

431 3520 530 3566 Dio
541 3554 557 3579 ,
569 3520 814 3567 xxxlx.
831 3520 1188 3567 En.—-Proesto
1207 3534 1304 3565 esse
1318 3518 1464 3567 clien-

431 3612 544 3647 tem.
561 3594 756 3649 Patroni
768 3598 1028 3648 clientibus
1046 3598 1333 3647 dicebantur
1343 3616 1463 3663 Ρη·

431 3689 512 3727 eto
533 3694 662 3735 esse,
683 3694 838 3741 quum
862 3678 1062 3727 aderant
1077 3680 1130 3725 in
1151 3676 1380 3739 judiciis,
1405 3689 1464 3727 ut

432 3774 520 3805 eos
571 3756 906 3811 defenderent.
957 3758 1107 3809 Nune
1159 3768 1326 3807 eontra
1379 3758 1461 3807 fu-

437 3848 600 3883 turum
618 3834 788 3883 scribit
810 3835 1008 3893 Cicero,
1033 3848 1090 3885 ut
1109 3837 1312 3886 cliente·
1336 3852 1462 3900 pre·

431 3927 514 3963 sto
536 3916 632 3962 sint
651 3914 889 3977 patronis.
909 3915 1060 3978 Quod
1089 3916 1290 3965 clientes
1307 3916 1460 3981 gratia

433 3992 640 4045 multum
674 4002 874 4057 ponent
910 3995 1044 4058 apud
1085 3996 1344 4053 Caesarem,
1377 4012 1461 4043 eu·

421 4084 505 4129 Jus
549 4084 712 4139 parte·
751 4074 945 4137 sequuti
991 4074 1180 4123 fuerant
1208 4088 1221 4123 ε
1263 4075 1460 4141 patroni

1558 2348 1672 2383 vero
1710 2331 1759 2381 ei
1790 2331 2007 2381 hostium
2034 2330 2153 2379 loco
2178 2330 2359 2381 forent.
2382 2329 2577 2381 Bonus.

1628 2430 1677 2473 7.
1700 2414 1757 2463 Ρ.
1785 2412 2037 2460 Manutius
2057 2411 2245 2459 invenit
2282 2406 2503 2457 Clodium
2524 2406 2579 2454 in

1554 2490 1706 2539 codd.
1749 2490 2045 2539 Bessan-iouis
2090 2500 2138 2537 et
2190 2486 2383 2537 Alberti
2424 2485 2576 2534 Ferri.

1556 2572 1701 2618 Forte
1724 2568 2095 2633 intelligendum
2122 2568 2183 2616 de
2212 2570 2345 2616 Sext.
2372 2564 2583 2624 Clodio,

1556 2660 1659 2699 tum
1680 2650 1875 2707 exsule,
1903 2660 1970 2709 et,
1994 2660 2053 2699 ut
2070 2647 2188 2697 olim
2214 2648 2369 2697 fuerat
2392 2648 2444 2695 P.
2460 2645 2576 2695 Clo-

1555 2728 1693 2792 dius,
1711 2728 1867 2779 Attici
1890 2728 2129 2777 familiari.
2156 2729 2249 2777 En.

1624 2808 1675 2859 8.
1698 2810 1991 2871 Coniectura
2016 2808 2168 2857 Bosii.
2188 2808 2321 2854 Vett.
2347 2802 2460 2853 edd.
2486 2804 2576 2853 ha-

1551 2889 1675 2937 bent
1692 2889 1769 2937 vel
1788 2888 1968 2939 Catulli
1978 2923 1994 2949 ,
2008 2886 2087 2937 vel
2106 2886 2283 2946 Coreli,
2299 2886 2380 2935 vel
2400 2883 2575 2936 Gauii.

1551 2972 1680 3019 LV.
1700 2971 1757 3021 L.
1787 2996 1855 3005 --
1892 2971 1967 3017 Ex
1996 2978 2246 3033 postremo
2272 2964 2449 3015 incidit
2474 2966 2589 3029 Bo·-

1551 3048 1653 3095 aius
1688 3048 1742 3095 in
1768 3064 1946 3096 nomen
1969 3048 2026 3099 C.
2054 3047 2184 3095 Ateii
2203 3081 2219 3104 ,
2259 3044 2399 3109 quod
2423 3044 2465 3091 ai
2487 3059 2573 3092 ve-

1550 3142 1659 3174 rum
1692 3126 1796 3186 est,
1836 3125 2184 3193 intelligendus
2218 3135 2291 3173 eat
2314 3124 2371 3173 C.
2400 3123 2577 3173 Ateius

1552 3206 1753 3271 Capito,
1779 3206 2179 3267 jurisconsultus,
2217 3203 2373 3255 Servii
2410 3202 2575 3267 Sulpi-

1552 3286 1617 3331 eii
1644 3284 1943 3349 discipulus,
1978 3285 2055 3332 vel
2088 3286 2192 3347 ejua
2224 3292 2379 3347 pater.
2412 3284 2574 3343 Hujus

1548 3363 1698 3427 igitur
1734 3362 1883 3412 eliens
1921 3364 2069 3411 fuerit
2098 3361 2397 3426 Plagnleiua,
2420 3361 2573 3409 homo

1550 3442 1800 3506 ignobilia.
1822 3444 1923 3491 En.

1624 3536 1678 3587 9.
1704 3522 1847 3571 Corr.
1869 3522 2000 3583 conj.
2020 3521 2316 3571 Patulcium.
2345 3520 2400 3569 J.
2416 3522 2483 3568 V.
2509 3523 2569 3569 L.

1627 3617 1707 3653 ro.
1730 3603 1781 3649 A
1802 3616 1878 3648 me
1902 3598 2138 3663 defensos.
2168 3600 2284 3649 Nou
2310 3599 2461 3647 modo
2476 3600 2573 3647 ini-

1548 3680 1706 3728 micos
1723 3715 1739 3741 ,
1758 3678 1843 3731 ned
1870 3680 2165 3727 necessarios
2196 3694 2356 3736 meos,
2381 3678 2465 3741 qni
2492 3694 2572 3725 me

1550 3759 1841 3811 defendente
1886 3758 2197 3811 condemnati
2250 3758 2303 3805 in
2346 3756 2569 3807 exsilium

1547 3839 1769 3886 abierunt
1783 3872 1799 3894 ‚
1818 3838 2069 3885 restitutos
2085 3854 2111 3883 a
2134 3838 2321 3885 Caesare
2337 3836 2501 3885 videre
2516 3837 2568 3882 in

1549 3926 1718 3967 senatu
1730 3917 1835 3965 sine
1854 3915 2023 3965 dolore
2041 3914 2237 3979 potere,
2249 3915 2363 3978 quia
2380 3914 2571 3977 legibus

1548 3990 1898 4046 condemnato·
1910 4028 1927 4055 ,
1945 3996 2090 4047 armis
2113 3994 2361 4043 restitutos
2372 3994 2569 4045 eosdem
2672 3988 2677 3991 ’

1550 4074 1745 4125 videbo.
1766 4074 1908 4123 Mu«.
