<?xml version="1.0" encoding="UTF-8"?>
<!DOCTYPE html PUBLIC "-//W3C//DTD XHTML 1.0 Transitional//EN"
    "http://www.w3.org/TR/xhtml1/DTD/xhtml1-transitional.dtd">
<html xmlns="http://www.w3.org/1999/xhtml" xml:lang="en" lang="en">
 <head>
  <title>
</title>
<meta http-equiv="Content-Type" content="text/html;charset=utf-8" />
  <meta name='ocr-system' content='tesseract 3.04.00' />
  <meta name='ocr-capabilities' content='ocr_page ocr_carea ocr_par ocr_line ocrx_word'/>
</head>
<body>
  <div class='ocr_page' id='page_1' title='image "./mtciceronisquae04lemagoog_0477.png"; bbox 0 0 3019 4681; ppageno 0'>
   <div class='ocr_carea' id='block_1_1' title="bbox 538 414 2475 509">
    <p class='ocr_par' dir='ltr' id='par_1_1' title="bbox 538 414 2475 509">
     <span class='ocr_line' id='line_1_1' title="bbox 538 414 2475 509; baseline 0.001 -29"><span class='ocrx_word' id='word_1_1' title='bbox 538 414 1101 483; x_wconf 88' lang='lat' dir='ltr'><strong>EPISTOLAE</strong></span> <span class='ocrx_word' id='word_1_2' title='bbox 1151 416 1292 483; x_wconf 83' lang='lat' dir='ltr'><strong>AD</strong></span> <span class='ocrx_word' id='word_1_3' title='bbox 1347 418 1859 502; x_wconf 78' lang='lat' dir='ltr'><strong>ATTICUM,</strong></span> <span class='ocrx_word' id='word_1_4' title='bbox 1900 418 2067 497; x_wconf 88' lang='lat' dir='ltr'><strong>XV,</strong></span> <span class='ocrx_word' id='word_1_5' title='bbox 2130 439 2242 509; x_wconf 77' lang='lat'><strong>27.</strong></span> <span class='ocrx_word' id='word_1_6' title='bbox 2345 416 2475 507; x_wconf 72' lang='lat'><strong>471</strong></span> 
     </span>
    </p>
   </div>
   <div class='ocr_carea' id='block_1_2' title="bbox 351 532 2487 729">
    <p class='ocr_par' dir='ltr' id='par_1_2' title="bbox 351 532 2487 729">
     <span class='ocr_line' id='line_1_2' title="bbox 351 532 2487 626; baseline -0.002 -19"><span class='ocrx_word' id='word_1_7' title='bbox 351 535 622 615; x_wconf 85' lang='lat' dir='ltr'><strong>sororis</strong></span> <span class='ocrx_word' id='word_1_8' title='bbox 653 548 794 607; x_wconf 84' lang='lat' dir='ltr'><strong>tuae</strong></span> <span class='ocrx_word' id='word_1_9' title='bbox 817 533 1097 611; x_wconf 82' lang='lat' dir='ltr'><strong>filium!</strong></span> <span class='ocrx_word' id='word_1_10' title='bbox 1134 536 1378 626; x_wconf 88' lang='lat' dir='ltr'><strong>Quum</strong></span> <span class='ocrx_word' id='word_1_11' title='bbox 1413 536 1565 611; x_wconf 83' lang='lat' dir='ltr'><strong>haec</strong></span> <span class='ocrx_word' id='word_1_12' title='bbox 1596 538 1985 611; x_wconf 85' lang='lat' dir='ltr'>scriberem</span> <span class='ocrx_word' id='word_1_13' title='bbox 2008 591 2029 626; x_wconf 90' lang='lat'><strong>,</strong></span> <span class='ocrx_word' id='word_1_14' title='bbox 2059 532 2487 607; x_wconf 82' lang='lat' dir='ltr'><strong>adventabat</strong></span> 
     </span>
     <span class='ocr_line' id='line_1_3' title="bbox 351 638 1756 729; baseline 0.004 -17"><span class='ocrx_word' id='word_1_15' title='bbox 351 654 596 713; x_wconf 87' lang='lat' dir='ltr'><strong>autem</strong></span> <span class='ocrx_word' id='word_1_16' title='bbox 643 638 1008 729; x_wconf 70' lang='grc' dir='ltr'><strong>βουλύσιιθ,</strong></span> <span class='ocrx_word' id='word_1_17' title='bbox 1041 641 1494 715; x_wconf 89' lang='lat' dir='ltr'><strong>coenantibus</strong></span> <span class='ocrx_word' id='word_1_18' title='bbox 1522 644 1756 717; x_wconf 78' lang='lat' dir='ltr'><strong>nobiS.</strong></span> 
     </span>
    </p>
   </div>
   <div class='ocr_carea' id='block_1_3' title="bbox 351 799 2491 1203">
    <p class='ocr_par' dir='ltr' id='par_1_3' title="bbox 351 799 2491 1203">
     <span class='ocr_line' id='line_1_4' title="bbox 421 799 2491 894; baseline -0.001 -21"><span class='ocrx_word' id='word_1_19' title='bbox 421 824 474 873; x_wconf 82' lang='lat'><strong>6.</strong></span> <span class='ocrx_word' id='word_1_20' title='bbox 499 822 738 874; x_wconf 71' lang='grc' dir='ltr'><strong>Βουλύσιι.</strong></span> <span class='ocrx_word' id='word_1_21' title='bbox 771 799 996 889; x_wconf 52' lang='lat' dir='ltr'><strong>Vesper-0⁹,</strong></span> <span class='ocrx_word' id='word_1_22' title='bbox 1027 836 1255 891; x_wconf 77' lang='lat' dir='ltr'><strong>tempore,</strong></span> <span class='ocrx_word' id='word_1_23' title='bbox 1281 842 1378 891; x_wconf 78' lang='lat' dir='ltr'><strong>quo</strong></span> <span class='ocrx_word' id='word_1_24' title='bbox 1467 829 1703 894; x_wconf 71' lang='lat' dir='ltr'><strong>temporis</strong></span> <span class='ocrx_word' id='word_1_25' title='bbox 1720 830 1818 879; x_wconf 79' lang='lat' dir='ltr'><strong>vita</strong></span> <span class='ocrx_word' id='word_1_26' title='bbox 1838 840 1941 877; x_wconf 81' lang='lat' dir='ltr'><strong>erat</strong></span> <span class='ocrx_word' id='word_1_27' title='bbox 1955 826 2208 875; x_wconf 80' lang='lat' dir='ltr'><strong>hominum</strong></span> <span class='ocrx_word' id='word_1_28' title='bbox 2224 860 2239 885; x_wconf 86' lang='lat'><strong>,</strong></span> <span class='ocrx_word' id='word_1_29' title='bbox 2262 824 2324 873; x_wconf 90' lang='lat' dir='ltr'><strong>ab</strong></span> <span class='ocrx_word' id='word_1_30' title='bbox 2342 840 2491 889; x_wconf 84' lang='lat' dir='ltr'><strong>opere</strong></span> 
     </span>
     <span class='ocr_line' id='line_1_5' title="bbox 351 902 2487 972; baseline 0.001 -21"><span class='ocrx_word' id='word_1_31' title='bbox 351 904 506 957; x_wconf 72' lang='lat' dir='ltr'><strong>boves,</strong></span> <span class='ocrx_word' id='word_1_32' title='bbox 528 903 596 951; x_wconf 82' lang='lat' dir='ltr'><strong>ab</strong></span> <span class='ocrx_word' id='word_1_33' title='bbox 618 914 793 953; x_wconf 80' lang='lat' dir='ltr'><strong>aratro</strong></span> <span class='ocrx_word' id='word_1_34' title='bbox 819 905 980 953; x_wconf 75' lang='lat' dir='ltr'><strong>solent</strong></span> <span class='ocrx_word' id='word_1_35' title='bbox 1005 904 1142 953; x_wconf 73' lang='lat' dir='ltr'><strong>solvi.</strong></span> <span class='ocrx_word' id='word_1_36' title='bbox 1171 907 1248 953; x_wconf 81' lang='lat' dir='ltr'><strong>Ex</strong></span> <span class='ocrx_word' id='word_1_37' title='bbox 1269 908 1378 953; x_wconf 80' lang='lat' dir='ltr'><strong>Ho—</strong></span> <span class='ocrx_word' id='word_1_38' title='bbox 1464 909 1649 960; x_wconf 71' lang='lat' dir='ltr'><strong>rustico</strong></span> <span class='ocrx_word' id='word_1_39' title='bbox 1692 909 1891 957; x_wconf 84' lang='lat' dir='ltr'><strong>nomina</strong></span> <span class='ocrx_word' id='word_1_40' title='bbox 1928 904 2152 972; x_wconf 72' lang='lat' dir='ltr'><strong>partibus</strong></span> <span class='ocrx_word' id='word_1_41' title='bbox 2181 903 2279 953; x_wconf 79' lang='lat' dir='ltr'><strong>dici</strong></span> <span class='ocrx_word' id='word_1_42' title='bbox 2302 902 2487 953; x_wconf 79' lang='lat' dir='ltr'><strong>tribue-</strong></span> 
     </span>
     <span class='ocr_line' id='line_1_6' title="bbox 351 982 2489 1053; baseline 0.001 -24"><span class='ocrx_word' id='word_1_43' title='bbox 351 998 488 1030; x_wconf 79' lang='lat' dir='ltr'><strong>mero</strong></span> <span class='ocrx_word' id='word_1_44' title='bbox 509 982 720 1047; x_wconf 82' lang='lat' dir='ltr'>intelligi</span> <span class='ocrx_word' id='word_1_45' title='bbox 739 994 922 1047; x_wconf 80' lang='lat' dir='ltr'><strong>potest,</strong></span> <span class='ocrx_word' id='word_1_46' title='bbox 954 994 1138 1031; x_wconf 78' lang='lat' dir='ltr'><strong>veteres</strong></span> <span class='ocrx_word' id='word_1_47' title='bbox 1160 994 1378 1049; x_wconf 81' lang='lat' dir='ltr'><strong>tempora</strong></span> <span class='ocrx_word' id='word_1_48' title='bbox 1466 992 1822 1053; x_wconf 79' lang='lat' dir='ltr'><strong>runt.Vespera</strong></span> <span class='ocrx_word' id='word_1_49' title='bbox 1844 988 1994 1051; x_wconf 84' lang='lat' dir='ltr'><strong>igitur</strong></span> <span class='ocrx_word' id='word_1_50' title='bbox 2011 986 2141 1034; x_wconf 80' lang='lat' dir='ltr'><strong>dieta</strong></span> <span class='ocrx_word' id='word_1_51' title='bbox 2157 982 2367 1047; x_wconf 75' lang='grc' dir='ltr'><strong>βοὺλυσυς</strong></span> <span class='ocrx_word' id='word_1_52' title='bbox 2385 984 2489 1030; x_wconf 78' lang='lat' dir='ltr'><strong>aive</strong></span> 
     </span>
     <span class='ocr_line' id='line_1_7' title="bbox 355 1060 2488 1131; baseline 0.002 -24"><span class='ocrx_word' id='word_1_53' title='bbox 355 1060 452 1107; x_wconf 85' lang='lat' dir='ltr'><strong>diei</strong></span> <span class='ocrx_word' id='word_1_54' title='bbox 472 1060 742 1126; x_wconf 68' lang='lat' dir='ltr'><strong>appellasse</strong></span> <span class='ocrx_word' id='word_1_55' title='bbox 763 1096 778 1117; x_wconf 84' lang='lat'>‚</span> <span class='ocrx_word' id='word_1_56' title='bbox 803 1062 863 1109; x_wconf 83' lang='lat' dir='ltr'><strong>ab</strong></span> <span class='ocrx_word' id='word_1_57' title='bbox 897 1062 958 1109; x_wconf 75' lang='lat' dir='ltr'><strong>iia</strong></span> <span class='ocrx_word' id='word_1_58' title='bbox 988 1062 1161 1122; x_wconf 73' lang='lat' dir='ltr'><strong>rebus,</strong></span> <span class='ocrx_word' id='word_1_59' title='bbox 1182 1080 1293 1127; x_wconf 79' lang='lat' dir='ltr'><strong>quoe</strong></span> <span class='ocrx_word' id='word_1_60' title='bbox 1317 1064 1378 1112; x_wconf 69' lang='lat' dir='ltr'><strong>iis</strong></span> <span class='ocrx_word' id='word_1_61' title='bbox 1465 1062 1708 1127; x_wconf 79' lang='grc' dir='ltr'>βουλυτὸν,</span> <span class='ocrx_word' id='word_1_62' title='bbox 1729 1066 1867 1131; x_wconf 82' lang='lat' dir='ltr'><strong>quod</strong></span> <span class='ocrx_word' id='word_1_63' title='bbox 1900 1077 1976 1115; x_wconf 83' lang='lat' dir='ltr'><strong>est</strong></span> <span class='ocrx_word' id='word_1_64' title='bbox 2000 1065 2145 1114; x_wconf 81' lang='lat' dir='ltr'><strong>Iliad.</strong></span> <span class='ocrx_word' id='word_1_65' title='bbox 2175 1066 2215 1112; x_wconf 87' lang='lat' dir='ltr'><strong>B</strong></span> <span class='ocrx_word' id='word_1_66' title='bbox 2230 1098 2247 1125; x_wconf 88' lang='lat'><strong>,</strong></span> <span class='ocrx_word' id='word_1_67' title='bbox 2273 1081 2323 1111; x_wconf 86' lang='lat' dir='ltr'><strong>v.</strong></span> <span class='ocrx_word' id='word_1_68' title='bbox 2368 1077 2488 1123; x_wconf 72' lang='lat'><strong>779·</strong></span> 
     </span>
     <span class='ocr_line' id='line_1_8' title="bbox 353 1132 1681 1203; baseline 0.006 -17"><span class='ocrx_word' id='word_1_69' title='bbox 353 1140 430 1203; x_wconf 77' lang='lat' dir='ltr'><strong>agi</strong></span> <span class='ocrx_word' id='word_1_70' title='bbox 452 1132 692 1189; x_wconf 74' lang='lat' dir='ltr'><strong>eoleba&#39;ut.</strong></span> <span class='ocrx_word' id='word_1_71' title='bbox 723 1142 784 1189; x_wconf 80' lang='lat' dir='ltr'><strong>Et</strong></span> <span class='ocrx_word' id='word_1_72' title='bbox 810 1143 1040 1203; x_wconf 81' lang='lat' dir='ltr'><strong>quoniam</strong></span> <span class='ocrx_word' id='word_1_73' title='bbox 1057 1143 1236 1197; x_wconf 74' lang='lat' dir='ltr'><strong>rustica</strong></span> <span class='ocrx_word' id='word_1_74' title='bbox 1260 1154 1376 1192; x_wconf 81' lang='lat' dir='ltr'><strong>tunc</strong></span> <span class='ocrx_word' id='word_1_75' title='bbox 1466 1145 1681 1194; x_wconf 62' lang='lat' dir='ltr'><strong>Eanum.</strong></span> 
     </span>
    </p>
   </div>
   <div class='ocr_carea' id='block_1_4' title="bbox 1211 1338 1669 1361">
    <p class='ocr_par' dir='ltr' id='par_1_4' title="bbox 1211 1338 1669 1361">
     <span class='ocr_line' id='line_1_9' title="bbox 1211 1338 1669 1361; baseline 0.009 -4"><span class='ocrx_word' id='word_1_76' title='bbox 1211 1338 1669 1361; x_wconf 56' lang='lat' dir='ltr'><strong>mmm</strong></span> 
     </span>
    </p>
   </div>
   <div class='ocr_carea' id='block_1_5' title="bbox 1670 1340 2033 1361">
    <p class='ocr_par' dir='ltr' id='par_1_5' title="bbox 1670 1340 2033 1361">
     <span class='ocr_line' id='line_1_10' title="bbox 1670 1340 2033 1361; baseline 0 3320"><span class='ocrx_word' id='word_1_77' title='bbox 1670 1340 2033 1361; x_wconf 95' lang='lat' dir='ltr'><strong> </strong></span> 
     </span>
    </p>
   </div>
   <div class='ocr_carea' id='block_1_6' title="bbox 2036 1339 2493 1362">
    <p class='ocr_par' dir='ltr' id='par_1_6' title="bbox 2036 1339 2493 1362">
     <span class='ocr_line' id='line_1_11' title="bbox 2036 1339 2493 1362; baseline -0.007 -3"><span class='ocrx_word' id='word_1_78' title='bbox 2036 1339 2493 1362; x_wconf 60' lang='lat' dir='ltr'><strong>mmmm</strong></span> 
     </span>
    </p>
   </div>
   <div class='ocr_carea' id='block_1_7' title="bbox 879 1549 1964 1632">
    <p class='ocr_par' dir='ltr' id='par_1_7' title="bbox 879 1549 1964 1632">
     <span class='ocr_line' id='line_1_12' title="bbox 879 1549 1964 1632; baseline 0.004 -5"><span class='ocrx_word' id='word_1_79' title='bbox 879 1549 1496 1632; x_wconf 87' lang='lat' dir='ltr'><strong>EPISTOLA</strong></span> <span class='ocrx_word' id='word_1_80' title='bbox 1551 1553 1964 1632; x_wconf 89' lang='lat' dir='ltr'><strong>XXVIII.</strong></span> 
     </span>
    </p>
   </div>
   <div class='ocr_carea' id='block_1_8' title="bbox 352 1730 2575 1919">
    <p class='ocr_par' dir='ltr' id='par_1_8' title="bbox 352 1730 2575 1919">
     <span class='ocr_line' id='line_1_13' title="bbox 352 1730 2575 1821; baseline 0.001 -20"><span class='ocrx_word' id='word_1_81' title='bbox 352 1741 566 1801; x_wconf 85' lang='lat' dir='ltr'><strong>Scribit</strong></span> <span class='ocrx_word' id='word_1_82' title='bbox 591 1762 652 1801; x_wconf 85' lang='lat' dir='ltr'><strong>se</strong></span> <span class='ocrx_word' id='word_1_83' title='bbox 685 1743 854 1801; x_wconf 85' lang='lat' dir='ltr'><strong>nonis</strong></span> <span class='ocrx_word' id='word_1_84' title='bbox 873 1743 934 1801; x_wconf 87' lang='lat' dir='ltr'><strong>in</strong></span> <span class='ocrx_word' id='word_1_85' title='bbox 962 1743 1342 1804; x_wconf 85' lang='lat' dir='ltr'><strong>Puteolanum</strong></span> <span class='ocrx_word' id='word_1_86' title='bbox 1368 1744 1569 1807; x_wconf 84' lang='lat' dir='ltr'><strong>venire</strong></span> <span class='ocrx_word' id='word_1_87' title='bbox 1588 1786 1607 1811; x_wconf 79' lang='grc'><em>,</em></span> <span class='ocrx_word' id='word_1_88' title='bbox 1635 1743 1835 1821; x_wconf 89' lang='lat' dir='ltr'>ibique</span> <span class='ocrx_word' id='word_1_89' title='bbox 1862 1744 2041 1803; x_wconf 84' lang='lat' dir='ltr'><strong>Attici</strong></span> <span class='ocrx_word' id='word_1_90' title='bbox 2066 1745 2257 1803; x_wconf 81' lang='lat' dir='ltr'><strong>literas</strong></span> <span class='ocrx_word' id='word_1_91' title='bbox 2280 1764 2487 1821; x_wconf 79' lang='lat' dir='ltr'><strong>exspe-</strong></span> <span class='ocrx_word' id='word_1_92' title='bbox 2567 1730 2575 1737; x_wconf 50' lang='grc'><em>’</em></span> 
     </span>
     <span class='ocr_line' id='line_1_14' title="bbox 550 1838 2301 1919; baseline 0.002 -24"><span class='ocrx_word' id='word_1_93' title='bbox 550 1852 726 1896; x_wconf 87' lang='lat' dir='ltr'><strong>ctare.</strong></span> <span class='ocrx_word' id='word_1_94' title='bbox 756 1842 867 1911; x_wconf 86' lang='lat' dir='ltr'><strong>(In</strong></span> <span class='ocrx_word' id='word_1_95' title='bbox 894 1838 1194 1919; x_wconf 79' lang='lat' dir='ltr'><strong>Arpinati,</strong></span> <span class='ocrx_word' id='word_1_96' title='bbox 1231 1858 1384 1902; x_wconf 83' lang='lat' dir='ltr'><strong>anno</strong></span> <span class='ocrx_word' id='word_1_97' title='bbox 1406 1844 1484 1899; x_wconf 87' lang='lat' dir='ltr'><strong>U.</strong></span> <span class='ocrx_word' id='word_1_98' title='bbox 1516 1842 1579 1899; x_wconf 93' lang='lat' dir='ltr'><strong>C.</strong></span> <span class='ocrx_word' id='word_1_99' title='bbox 1614 1860 1759 1917; x_wconf 87' lang='lat'><strong>709,</strong></span> <span class='ocrx_word' id='word_1_100' title='bbox 1787 1860 1985 1899; x_wconf 85' lang='lat' dir='ltr'><strong>mense</strong></span> <span class='ocrx_word' id='word_1_101' title='bbox 2015 1838 2301 1919; x_wconf 86' lang='lat' dir='ltr'><strong>quintili.)</strong></span> 
     </span>
    </p>
   </div>
   <div class='ocr_carea' id='block_1_9' title="bbox 1036 2033 1817 2099">
    <p class='ocr_par' dir='ltr' id='par_1_9' title="bbox 1036 2033 1817 2099">
     <span class='ocr_line' id='line_1_15' title="bbox 1036 2033 1817 2099; baseline 0.003 -2"><span class='ocrx_word' id='word_1_102' title='bbox 1036 2034 1349 2098; x_wconf 88' lang='lat' dir='ltr'><strong>CICERO</strong></span> <span class='ocrx_word' id='word_1_103' title='bbox 1395 2033 1709 2099; x_wconf 88' lang='lat' dir='ltr'><strong>ATTICO</strong></span> <span class='ocrx_word' id='word_1_104' title='bbox 1754 2036 1817 2099; x_wconf 89' lang='lat' dir='ltr'><strong>S.</strong></span> 
     </span>
    </p>
   </div>
   <div class='ocr_carea' id='block_1_10' title="bbox 349 2184 2493 3033">
    <p class='ocr_par' dir='ltr' id='par_1_10' title="bbox 349 2184 2493 3033">
     <span class='ocr_line' id='line_1_16' title="bbox 447 2184 2487 2286; baseline 0 -27"><span class='ocrx_word' id='word_1_105' title='bbox 447 2191 642 2274; x_wconf 74' lang='lat' dir='ltr'><strong>Eoo,</strong></span> <span class='ocrx_word' id='word_1_106' title='bbox 669 2200 753 2258; x_wconf 91' lang='lat' dir='ltr'><strong>ut</strong></span> <span class='ocrx_word' id='word_1_107' title='bbox 779 2184 870 2257; x_wconf 86' lang='lat' dir='ltr'><strong>ad</strong></span> <span class='ocrx_word' id='word_1_108' title='bbox 892 2202 964 2257; x_wconf 85' lang='lat' dir='ltr'><strong>te</strong></span> <span class='ocrx_word' id='word_1_109' title='bbox 989 2186 1226 2284; x_wconf 86' lang='lat' dir='ltr'><strong>pridie</strong></span> <span class='ocrx_word' id='word_1_110' title='bbox 1250 2190 1669 2286; x_wconf 87' lang='lat' dir='ltr'><strong>scripseram</strong></span> <span class='ocrx_word' id='word_1_111' title='bbox 1688 2243 1707 2274; x_wconf 86' lang='lat'><strong>,</strong></span> <span class='ocrx_word' id='word_1_112' title='bbox 1738 2190 1951 2260; x_wconf 87' lang='lat' dir='ltr'><strong>nonis</strong></span> <span class='ocrx_word' id='word_1_113' title='bbox 1978 2192 2487 2264; x_wconf 85' lang='lat' dir='ltr'><strong>constitueram</strong></span> 
     </span>
     <span class='ocr_line' id='line_1_17' title="bbox 351 2296 2490 2397; baseline 0.001 -31"><span class='ocrx_word' id='word_1_114' title='bbox 351 2298 600 2369; x_wconf 83' lang='lat' dir='ltr'><strong>venire</strong></span> <span class='ocrx_word' id='word_1_115' title='bbox 629 2300 706 2367; x_wconf 90' lang='lat' dir='ltr'><strong>in</strong></span> <span class='ocrx_word' id='word_1_116' title='bbox 741 2297 1281 2373; x_wconf 50' lang='lat' dir='ltr'><strong>Puteolanum&amp;</strong></span> <span class='ocrx_word' id='word_1_117' title='bbox 1311 2296 1418 2369; x_wconf 90' lang='lat' dir='ltr'><strong>Ibi</strong></span> <span class='ocrx_word' id='word_1_118' title='bbox 1451 2300 1667 2395; x_wconf 84' lang='lat' dir='ltr'><strong>igitur</strong></span> <span class='ocrx_word' id='word_1_119' title='bbox 1698 2298 2027 2397; x_wconf 87' lang='lat' dir='ltr'><strong>quotidie</strong></span> <span class='ocrx_word' id='word_1_120' title='bbox 2068 2311 2223 2376; x_wconf 81' lang='lat' dir='ltr'><strong>t&#39;uas</strong></span> <span class='ocrx_word' id='word_1_121' title='bbox 2254 2300 2490 2386; x_wconf 75' lang='lat' dir='ltr'><strong>literas</strong></span> 
     </span>
     <span class='ocr_line' id='line_1_18' title="bbox 351 2406 2493 2507; baseline 0.001 -27"><span class='ocrx_word' id='word_1_122' title='bbox 351 2406 822 2506; x_wconf 83' lang='lat' dir='ltr'><strong>exspectab0‚</strong></span> <span class='ocrx_word' id='word_1_123' title='bbox 864 2423 938 2480; x_wconf 90' lang='lat' dir='ltr'><strong>et</strong></span> <span class='ocrx_word' id='word_1_124' title='bbox 983 2409 1288 2479; x_wconf 86' lang='lat' dir='ltr'><strong>maxime</strong></span> <span class='ocrx_word' id='word_1_125' title='bbox 1339 2407 1430 2480; x_wconf 91' lang='lat' dir='ltr'><strong>de</strong></span> <span class='ocrx_word' id='word_1_126' title='bbox 1481 2407 1706 2495; x_wconf 73' lang='lat' dir='ltr'><strong>ludis,</strong></span> <span class='ocrx_word' id='word_1_127' title='bbox 1748 2408 1839 2482; x_wconf 90' lang='lat' dir='ltr'><strong>de</strong></span> <span class='ocrx_word' id='word_1_128' title='bbox 1863 2406 2133 2507; x_wconf 90' lang='lat' dir='ltr'><strong>quibus</strong></span> <span class='ocrx_word' id='word_1_129' title='bbox 2164 2407 2493 2483; x_wconf 85' lang='lat' dir='ltr'><strong>etiamad</strong></span> 
     </span>
     <span class='ocr_line' id='line_1_19' title="bbox 351 2516 2490 2617; baseline -0.001 -27"><span class='ocrx_word' id='word_1_130' title='bbox 351 2524 652 2590; x_wconf 85' lang='lat' dir='ltr'><strong>Brutum</strong></span> <span class='ocrx_word' id='word_1_131' title='bbox 702 2517 834 2592; x_wconf 90' lang='lat' dir='ltr'><strong>tibi</strong></span> <span class='ocrx_word' id='word_1_132' title='bbox 871 2516 1336 2590; x_wconf 87' lang='lat' dir='ltr'><strong>scribendum</strong></span> <span class='ocrx_word' id='word_1_133' title='bbox 1372 2533 1502 2589; x_wconf 90' lang='lat' dir='ltr'><strong>est.</strong></span> <span class='ocrx_word' id='word_1_134' title='bbox 1562 2519 1793 2614; x_wconf 87' lang='lat' dir='ltr'><strong>Cujus</strong></span> <span class='ocrx_word' id='word_1_135' title='bbox 1842 2520 2159 2617; x_wconf 74' lang='lat' dir='ltr'><strong>epistolae</strong></span> <span class='ocrx_word' id='word_1_136' title='bbox 2190 2573 2210 2607; x_wconf 95' lang='lat'><strong>,</strong></span> <span class='ocrx_word' id='word_1_137' title='bbox 2268 2543 2490 2616; x_wconf 87' lang='lat' dir='ltr'><strong>quam</strong></span> 
     </span>
     <span class='ocr_line' id='line_1_20' title="bbox 349 2628 2493 2728; baseline 0 -28"><span class='ocrx_word' id='word_1_138' title='bbox 349 2630 809 2726; x_wconf 86' lang='lat' dir='ltr'><strong>interpretari</strong></span> <span class='ocrx_word' id='word_1_139' title='bbox 845 2631 1000 2727; x_wconf 90' lang='lat' dir='ltr'><strong>ipse</strong></span> <span class='ocrx_word' id='word_1_140' title='bbox 1043 2630 1163 2700; x_wconf 85' lang='lat' dir='ltr'><strong>vix</strong></span> <span class='ocrx_word' id='word_1_141' title='bbox 1209 2645 1576 2728; x_wconf 84' lang='lat' dir='ltr'><strong>poteram,</strong></span> <span class='ocrx_word' id='word_1_142' title='bbox 1623 2629 2039 2728; x_wconf 84' lang='lat' dir='ltr'><strong>exemplum</strong></span> <span class='ocrx_word' id='word_1_143' title='bbox 2085 2628 2316 2728; x_wconf 89' lang='lat' dir='ltr'><strong>pridie</strong></span> <span class='ocrx_word' id='word_1_144' title='bbox 2356 2628 2493 2700; x_wconf 90' lang='lat' dir='ltr'><strong>tibi</strong></span> 
     </span>
     <span class='ocr_line' id='line_1_21' title="bbox 351 2739 2485 2828; baseline 0.001 -19"><span class='ocrx_word' id='word_1_145' title='bbox 351 2742 710 2816; x_wconf 81' lang='lat' dir='ltr'><strong>miseram.</strong></span> <span class='ocrx_word' id='word_1_146' title='bbox 735 2741 982 2810; x_wconf 82' lang='lat' dir='ltr'><strong>Atticae</strong></span> <span class='ocrx_word' id='word_1_147' title='bbox 1009 2763 1184 2810; x_wconf 83' lang='lat' dir='ltr'><strong>meae</strong></span> <span class='ocrx_word' id='word_1_148' title='bbox 1211 2739 1424 2811; x_wconf 87' lang='lat' dir='ltr'><strong>velim</strong></span> <span class='ocrx_word' id='word_1_149' title='bbox 1455 2765 1572 2812; x_wconf 81' lang='lat' dir='ltr'><strong>me</strong></span> <span class='ocrx_word' id='word_1_150' title='bbox 1594 2743 1693 2812; x_wconf 89' lang='lat' dir='ltr'><strong>ita</strong></span> <span class='ocrx_word' id='word_1_151' title='bbox 1718 2764 2015 2812; x_wconf 84' lang='lat' dir='ltr'><strong>excuses</strong></span> <span class='ocrx_word' id='word_1_152' title='bbox 2033 2794 2053 2828; x_wconf 88' lang='lat'><strong>,</strong></span> <span class='ocrx_word' id='word_1_153' title='bbox 2088 2754 2169 2810; x_wconf 90' lang='lat' dir='ltr'><strong>ut</strong></span> <span class='ocrx_word' id='word_1_154' title='bbox 2192 2763 2485 2812; x_wconf 88' lang='lat' dir='ltr'><strong>omnem</strong></span> 
     </span>
     <span class='ocr_line' id='line_1_22' title="bbox 354 2847 2491 2947; baseline 0.001 -29"><span class='ocrx_word' id='word_1_155' title='bbox 354 2849 642 2947; x_wconf 87' lang='lat' dir='ltr'><strong>culpam</strong></span> <span class='ocrx_word' id='word_1_156' title='bbox 677 2847 755 2918; x_wconf 89' lang='lat' dir='ltr'><strong>in</strong></span> <span class='ocrx_word' id='word_1_157' title='bbox 786 2861 904 2920; x_wconf 79' lang='lat' dir='ltr'><strong>te²</strong></span> <span class='ocrx_word' id='word_1_158' title='bbox 945 2847 1368 2936; x_wconf 81' lang='lat' dir='ltr'><strong>transferas,</strong></span> <span class='ocrx_word' id='word_1_159' title='bbox 1425 2864 1495 2922; x_wconf 90' lang='lat' dir='ltr'><strong>et</strong></span> <span class='ocrx_word' id='word_1_160' title='bbox 1529 2851 1594 2921; x_wconf 88' lang='lat' dir='ltr'><strong>ei</strong></span> <span class='ocrx_word' id='word_1_161' title='bbox 1638 2865 1880 2921; x_wconf 88' lang='lat' dir='ltr'><strong>tamen</strong></span> <span class='ocrx_word' id='word_1_162' title='bbox 1920 2848 2337 2938; x_wconf 86' lang='lat' dir='ltr'><strong>confirmes,</strong></span> <span class='ocrx_word' id='word_1_163' title='bbox 2375 2873 2491 2920; x_wconf 89' lang='lat' dir='ltr'><strong>me</strong></span> 
     </span>
     <span class='ocr_line' id='line_1_23' title="bbox 353 2955 2145 3033; baseline -0.001 -3"><span class='ocrx_word' id='word_1_164' title='bbox 353 2961 650 3030; x_wconf 86' lang='lat' dir='ltr'><strong>minime</strong></span> <span class='ocrx_word' id='word_1_165' title='bbox 679 2955 960 3030; x_wconf 75' lang='lat' dir='ltr'><strong>totum³</strong></span> <span class='ocrx_word' id='word_1_166' title='bbox 1001 2982 1318 3033; x_wconf 85' lang='lat' dir='ltr'><strong>amorem</strong></span> <span class='ocrx_word' id='word_1_167' title='bbox 1357 2985 1444 3032; x_wconf 90' lang='lat' dir='ltr'><strong>eo</strong></span> <span class='ocrx_word' id='word_1_168' title='bbox 1483 2984 1765 3031; x_wconf 86' lang='lat' dir='ltr'><strong>mecum</strong></span> <span class='ocrx_word' id='word_1_169' title='bbox 1806 2958 2145 3029; x_wconf 85' lang='lat' dir='ltr'><strong>attulisse.</strong></span> 
     </span>
    </p>
   </div>
   <div class='ocr_carea' id='block_1_11' title="bbox 355 3149 2493 3772">
    <p class='ocr_par' dir='ltr' id='par_1_11' title="bbox 355 3149 2491 3452">
     <span class='ocr_line' id='line_1_24' title="bbox 431 3149 2491 3216; baseline 0 -20"><span class='ocrx_word' id='word_1_170' title='bbox 431 3166 476 3200; x_wconf 81' lang='lat' dir='ltr'><strong>r.</strong></span> <span class='ocrx_word' id='word_1_171' title='bbox 515 3153 590 3199; x_wconf 85' lang='lat' dir='ltr'><strong>Ita</strong></span> <span class='ocrx_word' id='word_1_172' title='bbox 623 3149 980 3199; x_wconf 80' lang='lat' dir='ltr'><strong>emendandum</strong></span> <span class='ocrx_word' id='word_1_173' title='bbox 999 3163 1146 3200; x_wconf 77' lang='lat' dir='ltr'><strong>-reete</strong></span> <span class='ocrx_word' id='word_1_174' title='bbox 1189 3154 1377 3202; x_wconf 82' lang='lat' dir='ltr'><strong>cenauit</strong></span> <span class='ocrx_word' id='word_1_175' title='bbox 1463 3152 1660 3216; x_wconf 76' lang='lat' dir='ltr'><strong>longina</strong></span> <span class='ocrx_word' id='word_1_176' title='bbox 1688 3149 1949 3208; x_wconf 71' lang='lat' dir='ltr'><strong>discedam,</strong></span> <span class='ocrx_word' id='word_1_177' title='bbox 1980 3149 2197 3197; x_wconf 72' lang='lat' dir='ltr'><strong>futurum</strong></span> <span class='ocrx_word' id='word_1_178' title='bbox 2226 3159 2411 3208; x_wconf 83' lang='lat' dir='ltr'><strong>tamen,</strong></span> <span class='ocrx_word' id='word_1_179' title='bbox 2438 3161 2491 3197; x_wconf 88' lang='lat' dir='ltr'><strong>ut</strong></span> 
     </span>
     <span class='ocr_line' id='line_1_25' title="bbox 355 3227 2488 3296; baseline -0.001 -18"><span class='ocrx_word' id='word_1_180' title='bbox 355 3229 670 3294; x_wconf 74' lang='lat' dir='ltr'><strong>Mougaltins.</strong></span> <span class='ocrx_word' id='word_1_181' title='bbox 702 3231 854 3296; x_wconf 77' lang='lat' dir='ltr'><strong>Vulg.</strong></span> <span class='ocrx_word' id='word_1_182' title='bbox 881 3231 1224 3280; x_wconf 79' lang='lat' dir='ltr'><strong>Tusculanum.</strong></span> <span class='ocrx_word' id='word_1_183' title='bbox 1261 3232 1378 3280; x_wconf 69' lang='lat' dir='ltr'><strong>Sca.</strong></span> <span class='ocrx_word' id='word_1_184' title='bbox 1465 3231 1637 3279; x_wconf 77' lang='lat' dir='ltr'><strong>absens</strong></span> <span class='ocrx_word' id='word_1_185' title='bbox 1668 3247 1772 3279; x_wconf 87' lang='lat' dir='ltr'><strong>eam</strong></span> <span class='ocrx_word' id='word_1_186' title='bbox 1794 3245 1930 3294; x_wconf 74' lang='lat' dir='ltr'><strong>aeque</strong></span> <span class='ocrx_word' id='word_1_187' title='bbox 1968 3227 2195 3293; x_wconf 80' lang='lat' dir='ltr'><strong>diligam,</strong></span> <span class='ocrx_word' id='word_1_188' title='bbox 2233 3245 2289 3276; x_wconf 82' lang='lat' dir='ltr'><strong>ac</strong></span> <span class='ocrx_word' id='word_1_189' title='bbox 2327 3227 2370 3275; x_wconf 75' lang='lat' dir='ltr'><strong>si</strong></span> <span class='ocrx_word' id='word_1_190' title='bbox 2394 3245 2488 3276; x_wconf 80' lang='lat' dir='ltr'><strong>una</strong></span> 
     </span>
     <span class='ocr_line' id='line_1_26' title="bbox 356 3306 2489 3373; baseline -0.001 -16"><span class='ocrx_word' id='word_1_191' title='bbox 356 3309 594 3373; x_wconf 66' lang='lat' dir='ltr'><strong>mangelt.</strong></span> <span class='ocrx_word' id='word_1_192' title='bbox 622 3321 806 3359; x_wconf 77' lang='lat' dir='ltr'><strong>mutare</strong></span> <span class='ocrx_word' id='word_1_193' title='bbox 829 3327 929 3358; x_wconf 88' lang='lat' dir='ltr'><strong>non</strong></span> <span class='ocrx_word' id='word_1_194' title='bbox 951 3327 1095 3358; x_wconf 80' lang='lat' dir='ltr'><strong>ausus</strong></span> <span class='ocrx_word' id='word_1_195' title='bbox 1116 3321 1205 3360; x_wconf 74' lang='lat' dir='ltr'><strong>est.</strong></span> <span class='ocrx_word' id='word_1_196' title='bbox 1224 3314 1377 3359; x_wconf 81' lang='lat' dir='ltr'><strong>Rece-</strong></span> <span class='ocrx_word' id='word_1_197' title='bbox 1467 3310 1693 3359; x_wconf 55' lang='lat' dir='ltr'><strong>memus.</strong></span> <span class='ocrx_word' id='word_1_198' title='bbox 1719 3311 1860 3359; x_wconf 71' lang='lat' dir='ltr'><strong>Mart.</strong></span> <span class='ocrx_word' id='word_1_199' title='bbox 1880 3335 1948 3345; x_wconf 92' lang='lat'>-</span> <span class='ocrx_word' id='word_1_200' title='bbox 1966 3309 2224 3358; x_wconf 83' lang='lat' dir='ltr'><strong>Gronovio</strong></span> <span class='ocrx_word' id='word_1_201' title='bbox 2252 3306 2489 3372; x_wconf 74' lang='lat' dir='ltr'><strong>placebat,</strong></span> 
     </span>
     <span class='ocr_line' id='line_1_27' title="bbox 357 3386 2491 3452; baseline 0 -18"><span class='ocrx_word' id='word_1_202' title='bbox 357 3389 429 3452; x_wconf 84' lang='lat' dir='ltr'><strong>pit</strong></span> <span class='ocrx_word' id='word_1_203' title='bbox 447 3386 655 3436; x_wconf 79' lang='lat' dir='ltr'><strong>fidenter</strong></span> <span class='ocrx_word' id='word_1_204' title='bbox 679 3400 728 3438; x_wconf 84' lang='lat' dir='ltr'><strong>et</strong></span> <span class='ocrx_word' id='word_1_205' title='bbox 745 3401 873 3438; x_wconf 83' lang='lat' dir='ltr'><strong>recte</strong></span> <span class='ocrx_word' id='word_1_206' title='bbox 890 3393 939 3439; x_wconf 83' lang='lat' dir='ltr'><strong>J.</strong></span> <span class='ocrx_word' id='word_1_207' title='bbox 953 3393 1018 3438; x_wconf 83' lang='lat' dir='ltr'><strong>V.</strong></span> <span class='ocrx_word' id='word_1_208' title='bbox 1042 3393 1096 3438; x_wconf 84' lang='lat' dir='ltr'><strong>L.</strong></span> <span class='ocrx_word' id='word_1_209' title='bbox 1467 3411 1492 3432; x_wconf 74' lang='grc' dir='ltr'><strong>α</strong></span> <span class='ocrx_word' id='word_1_210' title='bbox 1511 3406 1587 3438; x_wconf 86' lang='lat' dir='ltr'><strong>me</strong></span> <span class='ocrx_word' id='word_1_211' title='bbox 1608 3390 1784 3438; x_wconf 85' lang='lat' dir='ltr'><strong>intimo</strong></span> <span class='ocrx_word' id='word_1_212' title='bbox 1816 3400 1969 3438; x_wconf 80' lang='lat' dir='ltr'><strong>totam</strong></span> <span class='ocrx_word' id='word_1_213' title='bbox 1989 3404 2152 3436; x_wconf 77' lang='lat' dir='ltr'><strong>amore</strong></span> <span class='ocrx_word' id='word_1_214' title='bbox 2176 3403 2279 3436; x_wconf 78' lang='lat' dir='ltr'><strong>eam</strong></span> <span class='ocrx_word' id='word_1_215' title='bbox 2303 3403 2491 3435; x_wconf 84' lang='lat' dir='ltr'><strong>meeum</strong></span> 
     </span>
    </p>

    <p class='ocr_par' dir='ltr' id='par_1_12' title="bbox 361 3467 2493 3699">
     <span class='ocr_line' id='line_1_28' title="bbox 430 3467 2492 3534; baseline 0 -20"><span class='ocrx_word' id='word_1_216' title='bbox 430 3483 480 3514; x_wconf 64' lang='grc' dir='ltr'><strong>α.</strong></span> <span class='ocrx_word' id='word_1_217' title='bbox 507 3470 567 3514; x_wconf 83' lang='lat' dir='ltr'><strong>ln</strong></span> <span class='ocrx_word' id='word_1_218' title='bbox 592 3481 659 3518; x_wconf 81' lang='lat' dir='ltr'><strong>ce.</strong></span> <span class='ocrx_word' id='word_1_219' title='bbox 699 3468 798 3530; x_wconf 89' lang='lat' dir='ltr'><strong>Qui</strong></span> <span class='ocrx_word' id='word_1_220' title='bbox 836 3467 1022 3518; x_wconf 69' lang='lat' dir='ltr'><strong>oblitus</strong></span> <span class='ocrx_word' id='word_1_221' title='bbox 1061 3470 1210 3517; x_wconf 72' lang='lat' dir='ltr'><strong>fueris</strong></span> <span class='ocrx_word' id='word_1_222' title='bbox 1245 3467 1380 3534; x_wconf 89' lang='lat' dir='ltr'><strong>quod</strong></span> <span class='ocrx_word' id='word_1_223' title='bbox 1469 3469 1783 3519; x_wconf 67' lang='lat' dir='ltr'><strong>abstulisse».</strong></span> <span class='ocrx_word' id='word_1_224' title='bbox 1827 3467 2059 3515; x_wconf 77' lang='lat' dir='ltr'><strong>Intrieata</strong></span> <span class='ocrx_word' id='word_1_225' title='bbox 2101 3467 2405 3526; x_wconf 81' lang='lat' dir='ltr'><strong>emendatio,</strong></span> <span class='ocrx_word' id='word_1_226' title='bbox 2442 3478 2492 3516; x_wconf 87' lang='lat' dir='ltr'><strong>et</strong></span> 
     </span>
     <span class='ocr_line' id='line_1_29' title="bbox 361 3546 2493 3611; baseline -0.001 -17"><span class='ocrx_word' id='word_1_227' title='bbox 361 3547 725 3606; x_wconf 77' lang='lat' dir='ltr'><strong>mandaveram,</strong></span> <span class='ocrx_word' id='word_1_228' title='bbox 748 3559 804 3596; x_wconf 87' lang='lat' dir='ltr'><strong>ut</strong></span> <span class='ocrx_word' id='word_1_229' title='bbox 830 3565 935 3597; x_wconf 83' lang='lat' dir='ltr'><strong>eam</strong></span> <span class='ocrx_word' id='word_1_230' title='bbox 956 3549 1152 3610; x_wconf 74' lang='lat' dir='ltr'><strong>juberes</strong></span> <span class='ocrx_word' id='word_1_231' title='bbox 1177 3548 1378 3598; x_wconf 79' lang='lat' dir='ltr'><strong>salvere.</strong></span> <span class='ocrx_word' id='word_1_232' title='bbox 1471 3549 1675 3596; x_wconf 80' lang='lat' dir='ltr'><strong>inutilis.</strong></span> <span class='ocrx_word' id='word_1_233' title='bbox 1724 3549 2011 3611; x_wconf 82' lang='lat' dir='ltr'><strong>Acoiperem</strong></span> <span class='ocrx_word' id='word_1_234' title='bbox 2074 3557 2235 3595; x_wconf 81' lang='lat' dir='ltr'><strong>tamen</strong></span> <span class='ocrx_word' id='word_1_235' title='bbox 2285 3546 2493 3594; x_wconf 82' lang='lat' dir='ltr'><strong>libenter</strong></span> 
     </span>
     <span class='ocr_line' id='line_1_30' title="bbox 364 3625 2491 3699; baseline -0.002 -21"><span class='ocrx_word' id='word_1_236' title='bbox 364 3625 590 3678; x_wconf 64' lang='lat' dir='ltr'><strong>conam.</strong></span> <span class='ocrx_word' id='word_1_237' title='bbox 695 3689 710 3699; x_wconf 33' lang='grc' dir='ltr'><strong>ς</strong></span> <span class='ocrx_word' id='word_1_238' title='bbox 1470 3626 1743 3677; x_wconf 73' lang='lat' dir='ltr'><strong>abstulisse.</strong></span> <span class='ocrx_word' id='word_1_239' title='bbox 1780 3629 1970 3675; x_wconf 82' lang='lat' dir='ltr'><strong>Ernest.</strong></span> <span class='ocrx_word' id='word_1_240' title='bbox 2012 3627 2175 3674; x_wconf 80' lang='lat' dir='ltr'><strong>omnia</strong></span> <span class='ocrx_word' id='word_1_241' title='bbox 2213 3626 2295 3674; x_wconf 86' lang='lat' dir='ltr'><strong>hic</strong></span> <span class='ocrx_word' id='word_1_242' title='bbox 2323 3641 2491 3674; x_wconf 87' lang='lat' dir='ltr'><strong>corru-</strong></span> 
     </span>
    </p>

    <p class='ocr_par' dir='ltr' id='par_1_13' title="bbox 432 3705 2188 3772">
     <span class='ocr_line' id='line_1_31' title="bbox 432 3705 2188 3772; baseline -0.001 -17"><span class='ocrx_word' id='word_1_243' title='bbox 432 3709 482 3756; x_wconf 81' lang='lat'><strong>3.</strong></span> <span class='ocrx_word' id='word_1_244' title='bbox 527 3710 610 3756; x_wconf 82' lang='lat' dir='ltr'><strong>Me</strong></span> <span class='ocrx_word' id='word_1_245' title='bbox 654 3705 854 3755; x_wconf 74' lang='lat' dir='ltr'><strong>minime</strong></span> <span class='ocrx_word' id='word_1_246' title='bbox 884 3718 1054 3756; x_wconf 82' lang='lat' dir='ltr'><strong>totum.</strong></span> <span class='ocrx_word' id='word_1_247' title='bbox 1075 3709 1380 3772; x_wconf 79' lang='lat' dir='ltr'><strong>Quamquam</strong></span> <span class='ocrx_word' id='word_1_248' title='bbox 1469 3717 1553 3770; x_wconf 78' lang='lat' dir='ltr'><strong>pta</strong></span> <span class='ocrx_word' id='word_1_249' title='bbox 1580 3717 1736 3770; x_wconf 79' lang='lat' dir='ltr'><strong>putat.</strong></span> <span class='ocrx_word' id='word_1_250' title='bbox 1758 3709 1968 3754; x_wconf 71' lang='lat' dir='ltr'><strong>Frustra.</strong></span> <span class='ocrx_word' id='word_1_251' title='bbox 1986 3709 2033 3755; x_wconf 86' lang='lat' dir='ltr'><strong>J.</strong></span> <span class='ocrx_word' id='word_1_252' title='bbox 2050 3709 2111 3755; x_wconf 85' lang='lat' dir='ltr'><strong>V.</strong></span> <span class='ocrx_word' id='word_1_253' title='bbox 2135 3707 2188 3754; x_wconf 88' lang='lat' dir='ltr'><strong>L.</strong></span> 
     </span>
    </p>
   </div>
  </div>
 </body>
</html>
