3019 4681
421 427 882 450 mmm
885 429 1250 452 mmm
1253 431 2079 454 §mmmmm—ss·
2082 433 2443 455 mmm
2448 414 2537 454 gh&

808 713 818 727 ,
927 617 2027 728 ARGUMENTUM

1113 876 1414 945 LIBRI
1474 877 1881 947 DECIMI.

413 1083 834 1154 Argumentum
859 1073 1015 1133 idem
1051 1073 1173 1133 fere
1213 1085 1302 1133 oet
1337 1073 1478 1133 libri
1507 1074 1683 1153 hujus
1723 1087 1783 1133 et
1806 1071 2140 1153 superioris.
2177 1073 2557 1148 Querimonia

493 1172 570 1230 de
596 1170 838 1249 perditis
871 1170 1110 1232 Caesaris
1150 1185 1211 1231 et
1249 1172 1511 1252 Pompeii
1543 1171 1798 1231 consiliis
1827 1195 1843 1230 :
1884 1170 2156 1232 Curionis
2184 1191 2521 1251 congressus
2536 1215 2554 1245 ,

495 1271 905 1348 propraetoris,
951 1269 1010 1328 in
1037 1269 1294 1330 Siciliam
1330 1271 1775 1349 proficiscentis,
1818 1271 2092 1350 largeque
2137 1282 2196 1328 et
2235 1269 2555 1330 liberaliter

496 1367 569 1426 de
598 1387 704 1426 sua
733 1368 1088 1446 Caesarisque
1129 1367 1192 1426 in
1228 1368 1569 1428 Ciceronem
1613 1370 1911 1428 voluntate
1947 1368 2275 1447 pollicentis
2311 1391 2326 1426 ε
2354 1370 2559 1443 Quinti

497 1464 600 1522 filii
629 1465 834 1538 scelus,
869 1470 1112 1525 Romam
1141 1465 1419 1543 profecti,
1449 1466 1795 1544 Hirtioque,
1824 1479 1949 1524 tum
1982 1466 2184 1544 patris,
2215 1478 2337 1524 tum
2364 1468 2558 1544 patrui

494 1560 810 1620 excedendi
836 1562 1076 1621 consilia
1101 1561 1438 1622 indicantis:
1469 1561 1813 1622 deliberatio
1830 1606 1850 1637 ‚
1879 1583 1953 1622 an
1972 1607 1990 1637 ,
2018 1581 2150 1640 quae
2180 1563 2241 1620 in
2278 1563 2559 1642 Hispania

497 1671 789 1735 gerantur,
817 1658 1268 1737 exspectandum
1291 1659 1399 1731 sit,
1428 1659 1503 1718 ad
1530 1658 1689 1738 quod
1718 1673 1778 1717 et
1802 1661 1914 1732 sui,
1942 1673 2002 1719 et
2030 1659 2197 1717 multi
2230 1659 2327 1717 alii
2358 1659 2557 1718 horta-

497 1753 710 1814 bantur
737 1777 752 1812 ε
783 1755 1017 1815 Caesaris
1051 1756 1258 1826 literae,
1297 1775 1372 1814 ne
1397 1774 1517 1833 quo
1547 1755 1975 1834 progrediatur,
2010 1755 2333 1813 monentis:
2364 1755 2556 1828 Coelii,

497 1864 564 1910 ut
599 1851 835 1930 aliquod
864 1850 1146 1931 oppidum
1183 1853 1357 1932 eligat
1374 1895 1390 1924 ,
1419 1871 1665 1911 vacuum
1698 1873 1733 1912 a
1762 1851 1950 1923 bello,
1996 1851 2284 1928 rogantis3
2312 1852 2559 1910 Antonii

501 1948 558 2007 id
587 1949 806 2028 ipsum,
849 1963 908 2009 et
931 1949 1266 2009 mandatum
1301 1948 1412 2008 sibi
1439 1949 1812 2028 significantis
1828 1992 1847 2022 ,
1885 1969 1958 2007 ne
1984 1967 2159 2026 quem
2188 1947 2355 2007 Italia
2382 1967 2557 2006 exce-

497 2045 639 2104 dere
676 2047 1013 2125 permittst:
1052 2067 1391 2126 congressus
1417 2065 1552 2106 cum
1580 2047 1789 2106 Servio
1813 2046 2112 2124 Sulpicio:
2163 2044 2297 2121 suga
2320 2043 2557 2104 Catonis

499 2161 572 2200 ex
607 2143 800 2202 Sicilia
838 2145 898 2201 in
927 2145 1184 2202 Africam
1213 2141 1648 2202 transmittentis
1676 2165 1691 2199 :
1718 2144 1951 2200 firmum
1980 2142 2341 2221 propositum
2374 2143 2558 2220 profi-

501 2239 750 2302 ciseendi
767 2283 787 2314 ‚
818 2241 1072 2320 primum
1103 2243 1330 2300 occulte
1347 2282 1364 2309 ,
1395 2253 1595 2318 postea
1628 2240 1838 2318 palam.
1866 2241 2267 2318 Scriptae.sunt
2298 2239 2554 2316 epistolae

499 2356 574 2395 ex
598 2350 732 2397 ante
761 2336 916 2397 diem
938 2342 1026 2398 111
1053 2358 1193 2396 non.
1220 2338 1418 2417 aprilis
1435 2382 1452 2411 ,
1498 2337 1574 2397 ad
1600 2340 1747 2398 xm
1775 2336 2047 2396 kalendas
2066 2335 2261 2414 junias
2285 2337 2417 2413 plus
2439 2335 2551 2395 mi-

501 2453 610 2493 nus
633 2457 646 2492 :
671 2433 872 2495 iisdem
895 2440 965 2495 L.
992 2436 1264 2497 Cornelio
1293 2436 1543 2497 Lentulo
1559 2478 1576 2507 ,
1598 2439 1664 2495 C.
1692 2434 1938 2495 Claudio
1960 2434 2243 2493 Marcello
2266 2452 2410 2493 coss.
