3019 4681
546 398 1066 483 EPISTOLAE
1113 398 1251 469 AD
1299 401 1387 489 Q.
1428 404 1959 490 FRATREM,
2010 408 2123 495 Π,
2185 406 2292 477 15.
2344 408 2479 479 6η

347 522 742 611 confidam,
781 522 1078 595 faciunt.
1111 526 1234 597 Sin
1269 524 1529 623 aliquis
1562 540 1895 625 erumpet
1918 530 2223 602 amentis
2249 530 2494 603 homi-

355 636 470 705 nis
511 632 738 725 furor,
776 636 1022 705 omnia
1062 649 1236 707 sunt
1279 634 1372 706 ad
1415 660 1587 707 eum
1632 634 2109 733 frangendum
2146 640 2496 737 expedita.

354 750 521 817 Haec
555 749 654 817 ita
698 746 967 834 sentin,
998 744 1287 840 judicu,
1331 745 1423 817 ad
1459 761 1529 818 te
1562 745 1931 845 explorate
1962 748 2223 820 scribo.
2265 748 2499 821 Dubi-

355 870 510 926 tare
532 870 628 944 te,
662 880 815 928 non
841 857 1340 941 assentatorie,
1369 855 1495 927 sed
1522 854 1835 928 fraterne
1852 873 2042 929 vetO.
2062 862 2306 950 Quare
2336 884 2498 931 sua-

355 968 592 1037 vitatis
637 965 980 1063 equidem
1021 982 1283 1037 nostrae
1312 966 1633 1040 frueudae
1673 992 1882 1040 causa
1924 992 2265 1067 euperem
2295 984 2369 1043 te
2408 970 2500 1043 ad

357 1076 437 1147 id
486 1089 776 1173 tempus
813 1078 1057 1148 venire
1081 1130 1100 1164 ‚
1139 1077 1340 1174 quod
1377 1078 1659 1150 dixeras
1698 1105 1713 1148 ε
1762 1076 1889 1151 sed
1934 1078 2113 1151 illud
2155 1080 2345 1152 malo
2394 1095 2501 1152 ta-

355 1208 564 1285 men,
613 1184 816 1283 quod
855 1201 1113 1284 putas;
1179 1192 1398 1284 magis
1437 1181 1735 1261 etiam¹⁸
1767 1186 1887 1260 illa
1921 1190 2245 1288 (etenim
2274 1191 2501 1289 magis

351 1294 634 1363 aestimo
670 1294 872 1387 me),
904 1295 1284 1387 ἀμφιλαφίαν
1306 1304 1368 1351 ¹9
1411 1294 1603 1366 illam
1638 1310 1833 1365 tuam
1855 1350 1874 1383 ,
1912 1309 1985 1366 et
2018 1299 2501 1394 exspectatio·

359 1424 526 1473 nem
551 1412 617 1445 ²⁰
655 1399 1066 1471 debitorum
1121 1415 1436 1472 tuorum.
1483 1403 1666 1473 Illud
1707 1404 2001 1500 quidem
2048 1407 2149 1477 sic
2198 1405 2503 1495 habet0,

361 1510 542 1584 nihil
580 1510 793 1582 nobis
836 1510 1224 1607 expeditis,
1267 1514 1324 1582 si
1363 1512 1801 1600 valebimuS,
1846 1513 2003 1585 fore
2033 1514 2501 1589 fortunatius.

359 1625 578 1691 Parva
611 1636 816 1709 sunt,
852 1646 1014 1719 quae
1058 1621 1357 1707 desunt,
1397 1625 1661 1694 nostris
1692 1623 1986 1720 quidem
2030 1616 2395 1710 moribus,
2432 1640 2509 1697 et

355 1756 446 1804 ea
497 1748 667 1803 sunt
711 1731 800 1802 ad
832 1732 1344 1831 explicandum
1390 1732 1955 1831 expeditissima,
2012 1734 2233 1807 modo
2273 1736 2509 1807 valea--

363 1868 544 1915 mus,
583 1842 914 1916 Ambitus
937 1842 1125 1915 redit
1145 1845 1515 1933 immanis3
1549 1868 1951 1941 numquam
1976 1843 2111 1915 fuit
2134 1868 2288 1942 par.
2321 1844 2506 1916 Idib.

358 1957 596 2054 quint.
637 1954 878 2026 foenus
913 1953 1053 2025 fuit
1093 1960 1198 2025 ZZ
1234 1980 1320 2027 ex
1351 1960 1479 2025 Z²¹
1509 2010 1529 2043 ,
1564 1956 1881 2025 coitione
1900 1956 2261 2044 Memmii,
2283 1978 2504 2052 quam

361 2236 677 2295 conscientia,
703 2237 840 2301 quod
853 2236 992 2285 estin
1005 2236 1225 2301 vulgatis.
1245 2234 1396 2283 Unde
1479 2247 1615 2284 etc.»
1638 2236 1752 2298 Quo
1773 2246 1823 2285 te
1842 2236 2034 2284 vertas?
2060 2247 2305 2301 exspecta,
2330 2236 2373 2285 si
2394 2237 2505 2303 quis

362 2318 456 2366 feci
473 2316 956 2366 consensio.Videtnr
977 2326 1139 2364 autem
1157 2316 1226 2364 sie
1245 2330 1389 2379 posse
1477 2324 1637 2364 tamen
1656 2325 1875 2380 superest
1894 2352 1911 2377 ,
1936 2314 2185 2364 meliorem
2202 2314 2397 2367 librum.

364 2408 501 2447 totus
536 2397 619 2446 hie
656 2397 796 2446 locus
821 2395 1093 2454 emendari,
1130 2395 1301 2443 saltem
1331 2404 1386 2442 ut

363 2478 526 2546 aliqua
564 2493 624 2528 ex
659 2493 718 2525 eo
747 2475 1015 2542 probabilis
1041 2475 1278 2524 sententis
1305 2475 1384 2524 eli·

362 2558 556 2608 ciaturz
593 2557 778 2622 alioqui
815 2556 940 2605 nihil
975 2553 1195 2614 affirmo,
1233 2571 1384 2621 quum

361 2629 466 2686 sola
493 2639 770 2699 conjecturs
791 2636 938 2686 uitat.
966 2635 1044 2683 Sic
1064 2636 1214 2699 igitur
1230 2635 1388 2699 legere

364 2717 566 2765 fortasse
595 2716 712 2766 licet
729 2750 744 2773 ,
784 2737 810 2756 α
826 2717 998 2766 Nostri
1033 2715 1216 2762 inimici
1244 2713 1384 2762 labo·

363 2807 502 2856 rant,
521 2795 658 2859 quod
695 2795 817 2842 min-a
843 2806 916 2843 est
940 2795 1199 2842 consensio
1221 2795 1384 2857 eopia-

363 2890 499 2934 rum,
513 2886 608 2922 etc.
629 2895 654 2914 ι·
667 2871 1111 2921 Laium—schitia.
1131 2873 1382 2930 emendat,

362 2973 393 2994 ‹-
407 2968 498 3000 uee
520 2951 793 3000 laboramus
817 2953 1114 3000 conscientia
1129 2952 1384 3015 copiarum

364 3043 694 3079 nostrai-urum
710 3031 742 3078 J
747 3064 760 3077 .
778 3031 841 3077 V.
870 3033 925 3077 L.
1340 3076 1345 3083 ,

442 3111 522 3157 18.
567 3106 734 3172 Magis
792 3107 955 3155 eciam.
1011 3109 1149 3155 Pater
1198 3107 1354 3155 Aldus
1374 3143 1388 3167 ,

366 3187 564 3251 «Magis
589 3187 768 3248 etiam,
790 3185 872 3232 ills
891 3185 1036 3232 ethin
1062 3183 1226 3247 mag-ni
1254 3185 1385 3233 aesti-

365 3282 448 3316 mo
475 3282 554 3314 me
584 3262 742 3333 &pv-¹⁶
769 3262 962 3326 Quibus
987 3263 1238 3312 adherent
1260 3263 1382 3313 Pau.

365 3349 461 3396 nisi
485 3345 620 3412 qnod
643 3343 840 3409 quidam
856 3378 873 3403 ,
897 3359 1105 3406 «magua
1126 3342 1314 3391 aestimo
1333 3363 1354 3386 ιι
1367 3379 1385 3404 ,

365 3442 491 3476 unus
506 3440 766 3488 «magnam
785 3425 1000 3472 aestims»
1019 3458 1035 3485 ‚
1055 3439 1153 3470 sec.
1166 3421 1312 3469 etiam
1329 3437 1386 3469 ae

365 3515 482 3554 tert.
505 3521 533 3552 a
569 3519 718 3551 mauu
750 3503 906 3567 prima
928 3537 944 3560 ‚
971 3523 998 3544 a
1015 3501 1204 3564 maguis
1241 3501 1388 3548 etiam

363 3583 446 3631 illa
467 3598 638 3647 magna
663 3592 736 3630 est
753 3603 795 3630 υ.
830 3583 998 3631 Gau-r.
1033 3606 1104 3616 —
1133 3582 1300 3644 Quum
1333 3580 1389 3626 in

363 3663 442 3711 his
463 3663 626 3711 nullus
653 3662 856 3710 omnino
887 3663 951 3709 sit
985 3675 1156 3708 seusus
1173 3693 1190 3717 ‚
1215 3659 1280 3707 ita
1307 3675 1386 3707 re-

365 3742 580 3807 fingebat
603 3741 866 3790 Lambinus
895 3755 908 3790 :
946 3763 972 3783 κ
988 3739 1075 3788 sed
1101 3739 1231 3787 illud
1257 3738 1388 3787 malo

366 3835 527 3872 tamen
552 3821 692 3886 quod
723 3832 862 3885 putas
889 3822 1080 3885 magis-
1120 3835 1223 3867 esse
1268 3835 1296 3867 e
1337 3833 1390 3865 re

365 3915 470 3954 tua.
485 3903 642 3952 Etiam
660 3901 823 3966 magni
840 3923 866 3943 ιι
878 3901 1066 3948 aestimo
1091 3895 1390 3967 ἀμφιλαφίαν

366 3982 506 4031 illem
531 3993 666 4032 tuam
686 4014 702 4042 ‚
725 3992 820 4030 ete.
841 4001 866 4022 a·
891 3980 1082 4028 Victor.
1109 3980 1174 4026 ita
1203 3975 1390 4036 edidit,

368 4073 517 4128 atque
537 4061 878 4127 interpungit:
911 4079 936 4103 ι
950 4061 1103 4124 magis
1140 4055 1287 4107 etiem
1311 4055 1394 4105 ills

368 4143 514 4192 etiam
542 4142 705 4208 magni
729 4143 916 4190 aestimo
931 4175 945 4200 ,
971 4155 1048 4188 me
1067 4135 1363 4206 ἀμφιλαφίαν
1379 4171 1393 4196 ,

1553 2411 1634 2458 ¹9·
1677 2381 2003 2464 Ᾰμφιλαφῖαν.
2043 2397 2119 2445 De
2171 2413 2268 2462 qus
2319 2413 2465 2463 supra
2486 2434 2503 2461 ,

1473 2475 1617 2542 epist.
1648 2476 1699 2526 6.

1550 2571 1631 2604 ao.
1668 2554 2113 2619 Exspectationem.
2155 2555 2465 2621 Exspectabo
2480 2591 2499 2616 ,

1475 2645 1565 2694 ut,
1604 2651 1715 2698 qnae
1748 2633 1871 2682 mihi
1908 2633 2086 2694 debes,
2124 2653 2179 2684 ea
2208 2637 2459 2702 persolvas
2480 2673 2497 2698 ,

1475 2724 1559 2771 ut,
1588 2729 1697 2777 quae
1724 2724 1771 2762 te
1796 2714 2037 2762 facturum
2068 2715 2321 2779 pollicitus
2347 2732 2427 2776 es,
2448 2733 2501 2765 re

1471 2802 1686 2856 praestes.
1716 2793 1839 2855 Quoe
1870 2807 1987 2841 vero
2021 2794 2161 2842 haee?
2198 2804 2251 2842 ut
2288 2795 2502 2857 Quintus

1472 2871 1709 2919 Caesarem
1762 2871 1923 2936 ipsum
1944 2907 1959 2931 ‚
2011 2873 2225 2936 primum
2274 2873 2461 2922 seilicet
2480 2909 2497 2936 ,

1474 2949 1651 3000 deinde
1675 2961 1731 2998 ut
1754 2951 1877 2999 alios
1904 2967 2103 3015 quoque
2127 2962 2176 3000 et
2205 2952 2266 3000 de
2291 2952 2498 3000 cohorte

1473 3038 1523 3076 et
1566 3026 1625 3076 de
1669 3031 1885 3079 exercitu
1930 3032 2157 3087 Caesaris,
2196 3033 2284 3096 qui
2328 3034 2501 3079 Romo

1474 3105 1661 3171 aliquid
1678 3119 1905 3173 possent,
1934 3109 2107 3158 Marco
2129 3109 2263 3158 statii
2287 3107 2494 3157 benivo-

1473 3183 1625 3233 lentia
1674 3185 1989 3250 conjungeret
2032 3201 2048 3235 τ
2109 3202 2209 3250 quo
2258 3185 2499 3250 presidiis

1472 3261 1771 3312 firmioribus
1808 3275 1979 3314 contra
2014 3265 2177 3314 Clodii
2202 3267 2419 3314 furorem
2444 3265 2499 3314 in

1471 3343 1593 3391 urbe
1614 3344 1901 3392 muniretur.
1912 3347 1937 3391 Ι
1940 3343 1973 3390 d
1990 3355 2153 3392 autem
2170 3346 2385 3408 Quintus
2400 3343 2499 3392 fra·

1476 3423 1540 3471 tri
1578 3421 1831 3470 mandanti
1863 3439 1921 3470 ae
1960 3426 2151 3488 roganti
2193 3423 2505 3488 promiserat.

1474 3503 1588 3550 Huc
1618 3502 1749 3550 enim
1782 3513 2003 3567 spectare
2036 3502 2164 3551 illud
2190 3513 2337 3566 puto,
2364 3501 2499 3566 quod

1475 3595 1623 3646 supra
1645 3579 1772 3629 dixit
1793 3615 1807 3640 ,
1841 3597 1983 3628 «mea
2010 3581 2235 3630 mandata
2277 3579 2499 3645 digeras,

1475 3675 1795 3727 persequare,
1821 3657 2107 3709 conficias».
2150 3661 2256 3709 Nee
2280 3695 2296 3723 ‚
2334 3661 2389 3708 in
2414 3678 2498 3710 ea-

1477 3741 1591 3787 stris
1617 3739 1737 3802 quid
1786 3737 1921 3787 aliud
1953 3755 2131 3788 navare
2166 3741 2384 3802 Quintus
2413 3757 2507 3806 pro

1480 3819 1627 3867 fratre
1648 3829 1812 3884 posset
1830 3854 1846 3879 ,
1867 3819 2103 3885 intelligo.
2132 3823 2281 3870 Mus.
2296 3821 2508 3870 —Tun-

1479 3897 1603 3947 stall.
1644 3912 1774 3947 reete.
1818 3901 2055 3964 corrigit,
2103 3901 2512 3965 «expeditionem

1481 3978 1761 4028 debitorum
1790 3989 1991 4028 tuorum
2012 4001 2055 4031 a.
2082 3980 2161 4030 Sic
2196 3995 2369 4047 supra,
2403 4003 2425 4026 α
2446 3982 2512 4030 ad

1482 4058 1843 4124 expediendum
1873 4071 1921 4109 te
1937 4081 1981 4110 a.
2006 4063 2055 4113 J.
2079 4065 2140 4110 V.
2168 4063 2226 4111 L.

1559 4151 1645 4188 at.
1686 4137 1903 4189 Renibus
1954 4155 2021 4189 ex
2062 4140 2251 4189 triente.
2278 4139 2411 4190 Vide
2448 4139 2515 4188 ad

2147 4225 2261 4318 39.
