3019 4681
607 398 1152 474 EPISTOLAE
1199 402 1344 471 AD
1391 402 1482 491 Q.
1528 401 2071 489 FRATREM,
2100 404 2214 489 ΙΙ,
2254 400 2323 473 6.
2414 400 2553 501 587

428 527 1014 596 instauranturo:
1059 546 1194 593 nec
1243 536 1488 595 tamen
1536 522 1837 595 deerant
1882 523 2445 623 supplicationes
2464 534 2555 594 ¹⁰.

427 637 542 707 Sic
587 633 868 732 legibus
911 634 1531 733 perniciosissimis
1563 632 1962 719 obsistitur,
2000 634 2307 705 maxime
2342 639 2557 705 Cato-

424 745 581 833 nis3
637 746 758 815 cui
808 759 1050 815 tamen
1101 744 1386 840 egregie
1442 744 1791 842 imposuit
1845 743 2023 815 Milo
2063 758 2332 817 noster.
2374 748 2560 817 Nam

423 855 547 927 ille
597 854 863 926 vindex
911 852 1390 951 gladiatorum
1446 868 1523 926 et
1578 853 2089 927 bestiariorum
2143 866 2415 961 emerat
2466 856 2558 928 de

423 966 784 1035 Cosconio
839 979 914 1037 et
968 968 1376 1062 Pomponio
1428 963 1846 1051 bestiarios3
1888 986 2025 1035 nec
2076 963 2233 1036 sine
2280 963 2395 1037 his
2442 990 2560 1037 ar·-

422 1076 634 1144 matis
677 1098 1025 1172 umquam
1069 1075 1149 1145 in
1191 1074 1488 1172 publico
1524 1073 1781 1146 fuerat.
1822 1079 1975 1146 Hos
2008 1072 2197 1146 alere
2231 1098 2383 1146 non
2422 1100 2561 1174 po·

420 1198 640 1273 terat3
683 1186 930 1281 itaque
963 1185 1085 1255 vix
1125 1184 1440 1257 tenebat.
1485 1190 1728 1257 Sensit
1769 1184 1968 1256 Milo.
2018 1182 2239 1256 Dedit
2270 1183 2557 1257 cuidam

420 1316 572 1363 non
627 1290 958 1365 familiari
1003 1294 1376 1391 negotium
1404 1350 1425 1385 ‚
1467 1298 1600 1391 qui
1650 1298 1806 1367 sine
1840 1296 2249 1393 suspicione
2290 1310 2565 1367 emeret

421 1426 580 1473 eam
633 1400 975 1475 familiam
1025 1430 1070 1475 a
1124 1408 1400 1477 Catone
1435 1430 1452 1475 ε
1499 1428 1665 1501 quae
1720 1403 1931 1475 simul
1982 1420 2205 1501 atque
2248 1402 2561 1475 abducta

421 1526 565 1601 est,
601 1512 978 1601 Rammius,
1015 1518 1142 1611 qui
1189 1537 1383 1585 unus
1419 1525 1607 1585 estu
1661 1514 1807 1585 hoc
1844 1529 2173 1612 tempore
2215 1513 2559 1586 tribunus

421 1622 690 1721 plebis,
739 1648 894 1695 rem
945 1623 1284 1724 patefecit
1305 1678 1324 1711 ‚
1375 1646 1651 1721 eosque
1698 1624 2033 1696 homines
2082 1622 2222 1696 sibi
2275 1638 2561 1721 emptos

419 1756 576 1805 esse
627 1736 812 1807 dixit
859 1736 1004 1833 (sic
1051 1740 1246 1809 enim
1283 1734 1737 1834 placuerat),
1780 1748 1857 1805 et
1890 1734 2209 1807 tabulam
2246 1738 2557 1836 proscri-

417 1846 562 1941 psit
587 1854 676 1933 η,
717 1870 796 1916 sn
831 1870 1195 1917 rammam
1227 1868 1709 1927 enormium
1744 1841 2238 1917 vnumrunuu.
2277 1852 2364 1917 In
2402 1869 2562 1916 eam

419 1952 739 2025 tabulam
798 1955 1044 2052 magni
1103 1956 1290 2027 risus
1350 1953 2013 2053 consequebantur.
2071 1960 2135 2027 N
2141 1978 2284 2027 unc
2338 1956 2559 2053 igitur

418 2066 772 2135 Catonem
815 2065 1169 2137 Lentulus
1212 2090 1255 2136 a
1288 2065 1573 2164 legibus
1600 2068 1947 2154 removit,
1986 2080 2059 2137 et
2096 2090 2257 2155 θοε,
2299 2067 2427 2164 qui
2466 2066 2558 2137 de

414 2173 690 2245 Caesare
713 2189 1039 2246 monstra
1063 2171 1122 2219 ¹³
1153 2175 1712 2273 promulgarunt
1729 2228 1749 2260 ‚
1776 2173 2045 2272 quibus
2076 2174 2558 2247 intercederet

417 2305 656 2354 nemo.
706 2288 890 2358 Nam
925 2284 1130 2384 quod
1175 2284 1270 2358 de
1308 2286 1659 2384 Pompeio
1698 2286 2045 2359 Caninius
2066 2286 2131 2339 ¹4
2166 2286 2310 2383 agit
2330 2340 2351 2375 ‚
2386 2308 2557 2357 sane

417 2417 640 2491 quam
701 2395 1001 2468 refrixit.
1051 2401 1310 2496 Neque
1373 2400 1570 2468 enim
1630 2421 1747 2468 res
1793 2394 2173 2494 probatur,
2224 2411 2296 2467 et
2340 2401 2556 2468 Pom-

415 2505 625 2602 peius
671 2521 924 2580 noster
957 2511 1037 2580 in
1073 2509 1386 2581 amicitia
1420 2512 1496 2578 P.
1541 2506 1835 2579 Lentuli
1868 2502 2431 2606 vituperatur¹⁵‚
2480 2519 2555 2577 et

1528 2735 1681 2785 quum
1720 2721 1776 2768 in
1810 2736 1869 2768 ea
1902 2719 2208 2785 scripsisset,
2250 2733 2418 2768 aet-vot
2455 2733 2559 2766 sese

1528 2799 1843 2848 venditurum
1868 2800 1924 2849 C.
1944 2801 2176 2849 Catonis:
2206 2798 2345 2863 quod
2364 2798 2435 2846 illi
2455 2814 2557 2846 eoae

1528 2878 1756 2926 dedecori
1777 2877 2099 2943 intelligebat.
2118 2880 2272 2926 luxu.

1604 2973 1623 3004 ι
1636 2959 1685 3005 3.
1726 2959 1964 3006 Monstra.
2012 2961 2163 3028 Leges
2210 2955 2559 3022 perniciosis-i-

1528 3051 1653 3085 mas.
1691 3036 1849 3084 inan.

414 2715 520 2768 die·
535 2753 554 2780 ,
587 2719 675 2772 aed
707 2721 804 2772 alio
837 2723 986 2772 etiam
1022 2737 1198 2788 genere
1231 2720 1441 2788 impedi-

414 2799 592 2858 menti,
615 2801 893 2862 cujusmodi
927 2813 1060 2863 erat,
1104 2823 1130 2844 α
1156 2817 1346 2852 servare
1376 2802 1438 2849 de

414 2875 535 2923 calo
559 2897 604 2924 ι.
621 2879 770 2928 Mau.

485 2971 537 3017 9.
572 2957 942 3006 Iustam-antur.
985 2959 1136 3020 Quasi
1149 2991 1166 3018 ,
1203 2957 1438 3007 faciendis

413 3033 509 3095 iia,
541 3045 624 3081 aut
665 3038 1036 3099 pretermissum
1072 3037 1259 3101 ailquid
1286 3047 1441 3100 esset,

414 3121 518 3170 aut,
539 3111 678 3174 quod
689 3127 794 3158 non
811 3123 1084 3176 oporteret,
1107 3116 1436 3164 commissum.

417 3187 612 3252 Quibus
629 3189 691 3238 de
711 3191 872 3240 causis
886 3226 903 3253 ‚
925 3208 1054 3256 aaepe
1079 3193 1284 3258 legimus
1307 3195 1439 3258 apud

414 3268 624 3330 livium,
639 3269 938 3320 iuatauratoa
957 3287 1059 3320 eea·
1075 3272 1238 3322 ludos.
1252 3276 1440 3322 Instau-

413 3358 544 3396 rataa
575 3359 740 3400 autem
761 3352 966 3422 ‘decreto
991 3351 1284 3418 pontificum
1309 3355 1438 3402 Lati-

415 3441 532 3486 nas,
561 3443 623 3476 ex
664 3429 791 3480 Livii
823 3429 954 3480 libro
991 3435 1198 3480 xxxn
1239 3433 1440 3498 planum

413 3519 504 3556 eat.
528 3510 682 3560 Iunc.

491 3603 572 3636 xo.
597 3589 1004 3654 Supplicau'ones.
1027 3593 1154 3654 Quae
1177 3595 1442 3656 imperato-
1475 3653 1478 3658 Ι

413 3665 550 3715 ribus
573 3683 666 3732 pro
694 3684 746 3716 re
778 3668 906 3718 beue
939 3683 1072 3734 gesta
1112 3671 1437 3720 decerneban-

411 3757 530 3795 tur:
560 3762 728 3810 eaque
766 3747 882 3796 dum
917 3747 1126 3814 fierent,
1159 3749 1268 3816 lege
1294 3765 1437 3814 agere

413 3841 516 3874 uon
537 3825 732 3876 licebat.
754 3829 906 3876 lunt.

491 3921 568 3954 ιι.
611 3909 744 3954 Unus
779 3917 866 3957 est.
917 3907 1035 3956 Non
1077 3907 1192 3972 quia
1229 3924 1284 3956 re
1322 3923 1436 3956 vera

413 3999 563 4042 uuus,
587 3986 674 4034 aed
693 3982 832 4050 quod
865 4001 994 4034 unua
1023 3986 1153 4035 inter
1180 4003 1348 4036 omuea
1374 4004 1436 4036 eo

409 4064 694 4127 magistratu
713 4065 890 4129 diguus
915 4077 1060 4114 eant.
1082 4069 1234 4115 lunt.

489 4157 573 4193 xa.
591 4144 897 4210 Prusa-ipsit.
922 4148 984 4194 Iu
1009 4145 1212 4211 publico
1237 4147 1434 4212 posuit3

1604 3123 1687 3172 ¹4·
1720 3115 1965 3164 Caninius.
1991 3113 2241 3164 Tribunus
2264 3113 2448 3176 plebia,
2469 3113 2559 3176 qui

1528 3195 1835 3258 rogationem
1870 3193 2287 3258 promulgaverat,
2322 3202 2378 3239 ut
2410 3194 2555 3240 Pom-

1526 3275 1667 3338 peius
1694 3289 1853 3337 regem
1878 3272 2195 3320 Ptolemoeum
2224 3287 2337 3319 cum
2360 3269 2555 3320 duobus

1526 3353 1699 3417 legatia
1716 3353 2005 3400 restitueret.
2030 3355 2139 3401 Hoc
2169 3351 2343 3400 Cicero
2376 3348 2557 3415 signifi·

1527 3444 1635 3491 cat,
1650 3431 1855 3481 obscure
1872 3431 1955 3479 ille
1972 3430 2188 3494 quidem,
2207 3429 2293 3480 aed
2312 3429 2554 3478 Plutarch.

1526 3511 1845 3576 apertiaeime.
1867 3513 2024 3559 1⁰11.

1603 3589 1683 3638 15.
1708 3589 2041 3654 Vieupomeur.
2062 3591 2191 3653 Qui,
2206 3605 2361 3654 quum
2388 3605 2415 3636 a
2432 3589 2557 3638 Len·-

1527 3669 1634 3718 tulo
1663 3668 1833 3718 suimet
1856 3679 2057 3718 ornatu·
2076 3704 2093 3729 ‚
2116 3668 2411 3718 restituendi
2436 3670 2557 3717 Pto·
2610 3679 2617 3686 ·

1525 3749 1682 3797 lemaei
1705 3748 1830 3813 regia
1849 3748 2091 3810 honorem
2108 3749 2155 3798 ei
2177 3747 2325 3796 vellet
2348 3747 2552 3812 eripere.

1524 3829 1873 3877 Ornamentum
1914 3837 2075 3878 autem
2110 3827 2165 3876 in
2204 3828 2492 3891 Pompeium
2526 3842 2555 3875 a

1524 3907 1733 3957 Iautulo
1760 3907 2063 3972 profectum,
2094 3907 2148 3956 td
2164 3907 2258 3956 fnit
2275 3939 2291 3966 ‚
2312 3906 2469 3971 quod,
2495 3914 2551 3953 ut

1525 3988 1597 4036 rei
1624 3987 1953 4036 stumeuurioe
1986 3985 2339 4052 preficeretur,
2371 3985 2547 4035 conoul

1522 4083 1659 4117 anuo
1674 4069 1905 4133 proximo
1920 4069 2169 4118 retulerat.
2194 4069 2271 4116 De
2285 4067 2363 4116 hia
2376 4065 2477 4114 vid.
2496 4067 2540 4122 1,

1524 4148 1671 4213 epist.
1704 4165 1727 4196 ι
1759 4147 1823 4196 ad
1850 4148 2125 4198 [anulum.
2144 4149 2239 4196 Eu.
