3019 4681
552 359 683 406 120
1186 335 1284 401 M.
1329 337 1407 403 T.
1460 335 2022 405 CICERONIS

534 457 889 556 negligam
909 509 930 542 ‚
974 457 1103 552 qui
1140 455 1373 554 capite
1414 459 1652 527 sanxit
1671 509 1694 544 ‚
1731 457 1792 526 si
1832 457 1962 552 qui
2005 454 2084 524 in
2125 452 2482 526 seditione
2519 479 2716 527 non

534 566 827 640 alterius
862 566 1095 650 utrius
1141 567 1364 660 partis
1401 563 1694 654 fuisset;
1731 566 1867 639 nisi
1903 579 1988 636 tu
2028 563 2236 636 aliter
2273 589 2570 655 censes3
2623 581 2716 636 et

538 679 710 749 hinc
734 675 995 760 abero,
1035 689 1107 745 et
1134 673 1285 746 filii.
1326 674 1465 747 Sed
1499 675 1810 748 alterum
1846 674 2026 746 mihi
2054 689 2162 748 est
2189 677 2498 748 certius:
2535 701 2714 748 nec

532 788 936 886 praeripiam
972 798 1250 875 tamem
1288 785 1723 885 exspectabo
1757 801 1964 858 tuum
1995 785 2378 857 consilium
2401 840 2421 875 ‚
2448 799 2524 858 et
2555 810 2710 859 eas

530 896 771 969 literas
790 951 810 982 ‚
848 897 1003 968 nisi.
1017 894 1185 967 alias
1210 895 1357 990 jam
1393 895 1650 967 dedisti
1669 952 1688 986 ‚
1716 921 1932 996 quas,
1964 897 2253 995 scripsi,
2281 911 2368 968 ut
2397 897 2710 996 Cepha-

535 1009 711 1078 lioni
750 1005 978 1077 dares.

626 1115 842 1208 Quod
896 1113 1188 1203 scribis,
1246 1139 1397 1186 non
1442 1139 1593 1212 quo
1644 1112 1973 1187 alicunde
2027 1114 2379 1203 audieriS‚
2429 1113 2563 1187 sed
2611 1129 2704 1187 te

530 1233 769 1328 ipsum
809 1239 1101 1324 putare,
1140 1247 1257 1296 me
1295 1238 1678 1296 attractum
1704 1220 1764 1268 ¹³
1803 1225 1924 1312 iri,
1957 1225 2018 1297 si
2053 1223 2144 1296 de
2181 1246 2354 1321 pace
2381 1239 2698 1323 agatur:

528 1337 711 1408 mihi
747 1340 1049 1416 omnino
1087 1359 1235 1406 non
1276 1335 1473 1405 venit
1516 1337 1589 1404 in
1621 1347 1940 1404 mentem
1962 1388 1981 1422 ,
2019 1358 2182 1431 quae
2220 1336 2446 1432 possit
2477 1336 2696 1405 actio

532 1471 686 1519 esse
742 1444 831 1516 de
881 1469 1054 1544 pace
1076 1499 1097 1532 ‚
1151 1467 1385 1541 quum
1436 1444 1540 1515 illi
1593 1447 2072 1516 certissimum
2111 1444 2203 1514 sit
2226 1497 2245 1532 ‚
2305 1443 2366 1514 si
2404 1445 2688 1542 possit,

527 1555 929 1654 exspoliare
963 1555 1284 1626 exercitu
1315 1568 1387 1624 et
1413 1555 1784 1653 provincia
1807 1555 2234 1652 Pompeium
2265 1581 2282 1624 τ
2311 1554 2452 1625 nisi
2479 1551 2690 1626 sorte

530 1667 666 1738 iste
698 1664 1127 1739 summarius
1149 1665 1209 1713 ¹⁴
1250 1664 1314 1734 ei
1347 1678 1588 1763 potest
1623 1664 2096 1761 persuadere,
2134 1677 2216 1736 ut
2239 1717 2257 1752 ,
2299 1661 2480 1735 dum
2512 1690 2686 1736 ora-

526 1792 723 1848 tores
775 1789 945 1848 eant
1005 1788 1077 1845 et
1124 1772 1462 1866 redeant,
1517 1773 1856 1872 quiescat.
1921 1774 2117 1847 Nihil
2163 1773 2377 1845 video
2397 1829 2418 1864 ‚
2459 1775 2684 1874 quod

528 1915 849 1989 sperem,
888 1902 1013 1959 aut
1035 1885 1238 1985 quod
1263 1884 1322 1930 ¹⁵
1346 1887 1491 1982 jam
1521 1901 1770 1986 putem
1799 1885 1951 1960 fieri
1991 1912 2239 1987 posse3
2271 1886 2396 1960 sed
2423 1901 2680 1964 tamen

522 1997 845 2066 hominis
871 1995 1015 2065 hoc
1052 1995 1292 2090 ipsum
1321 1991 1578 2091 probi,
1618 2006 1690 2063 et
1716 2017 2062 2091 magnum
2081 1991 2141 2038 ¹⁶
2177 2005 2302 2065 τῶν
2331 2003 2676 2066 πολιτικω-

522 2111 809 2172 ’τειὶἰ-ωνπ7
856 2101 1252 2194 σκεμμάτων,
1299 2096 1837 2169 veniendumne
1879 2101 1970 2169 sit
2017 2101 2094 2170 in
2131 2100 2518 2172 consilium
2553 2117 2673 2200 ty-

601 2267 680 2315 13.
706 2265 997 2313 Acer-actum.
1018 2264 1249 2320 Romam,
1270 2271 1325 2309 ut
1342 2260 1393 2308 in
1416 2277 1552 2310 aena-
1637 2264 1687 2311 J.
1713 2265 1768 2310 F.
1797 2263 2054 2312 Gronovio
2077 2265 2364 2316 submarius.
2389 2271 2506 2317 Hae
2533 2268 2672 2317 illins

530 2358 633 2394 tum
678 2344 899 2406 veniam,
942 2340 1079 2407 quod
1117 2343 1218 2403 iam
1254 2342 1417 2390 cnm
1456 2340 1552 2389 sibi
1639 2342 1786 2391 verba
1813 2354 1929 2391 aunt
1951 2344 2003 2391 in
2029 2334 2144 2393 lect.
2171 2344 2332 2396 Plant.
2358 2345 2421 2394 ad
2445 2349 2672 2397 Pseudo·

530 2426 723 2493 placere
751 2420 1124 2487 significaverat.
1149 2422 1241 2469 En.
1637 2422 1763 2482 lum,
1787 2422 1820 2487 S
1845 2440 1896 2483 x,
1915 2423 2192 2486 Subballio,
2215 2427 2355 2489 qnasi
2371 2429 2534 2476 minor
2553 2430 2669 2477 Bal-

598 2514 677 2563 14.
696 2500 1012 2551 Summas-ius.
1027 2502 1235 2563 Emptas
1250 2496 1548 2563 pacificator.
1637 2502 1706 2549 lio
1721 2536 1736 2561 ,
1765 2502 1966 2551 inferior
1983 2537 1998 2562 ‚
2023 2504 2100 2551 vel
2115 2504 2238 2553 alter
2261 2506 2431 2556 Ballio.
2453 2509 2670 2571 Compo-

521 2583 721 2633 Mallem
740 2582 869 2630 enim
880 2615 895 2639 ‚
912 2578 1227 2627 nummarius.
1246 2580 1315 2626 Ut
1332 2594 1550 2626 nummo·
1633 2582 1748 2629 sitio
1763 2578 1880 2629 ideo
1892 2583 2106 2631 notanda
2119 2617 2134 2642 ,
2153 2584 2269 2648 qnia
2281 2585 2336 2632 in
2353 2600 2406 2633 ea
2419 2584 2666 2650 eleganter

518 2662 583 2710 n't'
596 2661 817 2728 judices,
844 2659 1004 2723 pretio
1023 2656 1271 2721 corrupti,
1296 2658 1436 2720 epist.
1464 2662 1544 2719 14,

514 2742 602 2791 lib.
627 2744 666 2789 1.
680 2742 742 2787 Et
764 2738 926 2802 placet
947 2736 1193 2804 εἰρωνικῶς
1216 2736 1403 2783 dictum
1422 2752 1543 2797 esse,

516 2818 765 2881 nisiforte
785 2834 805 2865 .-
824 2816 940 2881 qnia
964 2818 1056 2864 scit
1074 2816 1251 2865 Caesari
1268 2816 1544 2879 persuaderi

514 2916 615 2948 non
644 2914 818 2963 posse,
862 2907 919 2944 nt
964 2896 1195 2959 quiescat.
1232 2896 1447 2944 Mun-r.
1469 2922 1542 2935 —-

514 2981 645 3041 Noa,
671 2974 987 3026 summarius.
1013 2976 1354 3025 Summoerinm
1378 2986 1540 3039 vocat,

514 3076 659 3124 quem
678 3055 829 3104 modo
845 3054 1111 3120 appellarat
1134 3064 1347 3117 emptum
1372 3053 1539 3118 pacifi-

513 3150 756 3195 catorem,
786 3135 975 3183 diversa
1003 3144 1163 3181 tamen
1190 3132 1397 3181 ratione.
1426 3135 1539 3180 Hoc

514 3220 643 3267 enim
670 3215 869 3263 nomine
908 3214 1100 3261 notavit
1122 3211 1350 3260 Curionis
1377 3210 1542 3275 impu-

509 3296 721 3345 dicitiam
732 3332 747 3356 ‚
763 3304 811 3342 et
832 3304 975 3357 turpe
994 3291 1217 3356 eorporis
1234 3290 1540 3352 obsequium,

511 3388 567 3425 nt
588 3377 674 3424 illo
696 3373 848 3423 altero
874 3372 1043 3421 aordea
1056 3407 1073 3433 ,
1102 3382 1151 3420 et
1170 3370 1432 3418 avaritiam.
1460 3370 1540 3417 si-

511 3454 711 3519 gnificat
758 3468 875 3517 crgo
937 3451 1243 3499 summoeriua
1287 3446 1538 3511 publicum

510 3532 857 3598 prostibulum,
880 3530 1153 3591 cujusmodi
1172 3538 1311 3576 erant
1326 3528 1539 3575 meretri-

509 3630 613 3673 ces,
634 3628 743 3675 quae
760 3610 851 3657 sub
862 3626 1113 3657 murorum
1132 3606 1402 3656 fornicibus
1420 3622 1540 3671 pro-

510 3692 726 3751 stabant,
756 3688 887 3736 unde
921 3699 973 3736 et
1007 3687 1369 3735 summoenianae
1404 3685 1538 3733 dice-

508 3770 703 3817 bantnr.
735 3766 974 3814 Martialis
987 3801 1003 3823 ,
1024 3766 1115 3815 lib.
1137 3768 1211 3815 111
1226 3802 1241 3828 ,
1260 3766 1538 3813 ·=Summoe·

509 3849 675 3896 nianaa
719 3856 879 3893 coenet
924 3846 1052 3893 inter
1077 3860 1259 3894 uxorea
1280 3866 1321 3890 n.
1366 3846 1536 3907 Itaque

502 3926 811 3977 aummoerina
854 3934 928 3972 est
974 3924 1366 3972 snmmoenianus.
1406 3924 1532 3971 Nam

496 4010 652 4069 muri,
696 4006 822 4064 sive,
860 4013 917 4050 nt
958 4013 1144 4051 veteres
1172 4001 1496 4067 loquebantur
1513 4036 1527 4059 ‚

490 4086 629 4137 moeri
644 4120 659 4148 ,
681 4094 792 4133 sunt
812 4082 1005 4147 moenia.
1038 4078 1530 4129 Bosms.-Plaeebat

1631 2661 1810 2709 ludunt
1828 2672 2026 2710 veteres.
2044 2664 2170 2711 Nam
2191 2665 2259 2712 ita
2277 2664 2452 2713 Cicero
2471 2666 2668 2713 subma-

1632 2739 1757 2787 rr‘um
1781 2740 1940 2801 dixit,
1973 2741 2060 2805 qui
2086 2752 2158 2790 eat
2177 2743 2300 2791 alter
2335 2744 2525 2792 Mariua
2544 2760 2664 2793 ctu-

1630 2818 1827 2867 delitate
1853 2830 1902 2868 et
1929 2821 2121 2885 imperii
2139 2822 2370 2886 cupidine
2383 2856 2398 2881 ‚
2415 2822 2481 2872 ad
2505 2824 2664 2872 Attic-

1629 2898 1706 2955 Σ,
1737 2914 1782 2946 1.
1800 2899 1875 2945 Ita
1901 2900 2224 2947 Subneronem
2241 2910 2386 2949 vocat
2412 2903 2664 2953 Domitia·

1629 2992 1746 3024 num
1771 2976 2112 3025 Tertullianus.
2134 2981 2242 3028 Jac.
2277 2982 2350 3029 Fr.
2375 2982 2664 3030 Gronovius

1628 3055 1910 3105 emendavit
1936 3058 2212 3105 Submarms
2221 3091 2240 3114 ,
2267 3058 2664 3125 scilicetJupiter

1627 3152 1712 3183 aen
1739 3136 1910 3196 Pluto,
1935 3136 2071 3200 qnod
2098 3140 2287 3186 Erneat.
2312 3140 2500 3203 recepit
2521 3174 2540 3199 ,
2573 3144 2661 3205 qni

1628 3224 1786 3263 tamen
1806 3213 1856 3261 h.
1876 3232 1925 3264 v.
1949 3217 2002 3263 in
2021 3216 2170 3265 Clave
2193 3216 2318 3267 male
2337 3218 2399 3266 de
2421 3220 2662 3268 (ficuum

1628 3294 1825 3357 accipit.
1845 3294 1940 3343 Sed
1965 3296 2266 3359 Mongaltius
2285 3308 2335 3345 et
2353 3300 2402 3345 J.
2429 3300 2494 3347 V.
2522 3302 2579 3348 L.
2606 3300 2660 3347 in

1627 3374 1848 3420 versione
1871 3374 2084 3438 probant
2109 3376 2434 3435 nummarius,
2475 3387 2524 3425 et
2543 3378 2658 3427 seh.

1627 3452 1828 3515 recepit.
1861 3456 1953 3500 En.

1705 3530 1784 3579 15.
1809 3530 1968 3593 Quod.
1987 3531 2110 3591 Alii,
2137 3534 2272 3597 quid.
2297 3536 2330 3583 J
2337 3570 2350 3581 .
2373 3534 2437 3581 V.
2465 3536 2520 3582 1..

1705 3610 1782 3658 16.
1805 3610 1931 3657 Alii:
1955 3610 2046 3657 sed
2064 3628 2126 3660 m.
2153 3611 2232 3662 sit.
2250 3614 2298 3661 J.
2321 3616 2387 3659 V.
2416 3614 2472 3659 L:

1705 3705 1722 3735 ι
1737 3706 1784 3749 7.
1813 3694 1914 3737 Τῶν
1949 3689 2350 3741 πολιταωτάτων.
2379 3694 2659 3757 Proposito-

1625 3784 1736 3815 rum
1747 3804 1766 3827 ,
1796 3786 1908 3833 quoe
1932 3772 2006 3819 ad
2029 3774 2374 3837 rempublicam
2381 3773 2654 3837 pertinent.

1623 3850 1808 3907 Locum
1837 3848 1969 3897 hunc
1997 3860 2156 3899 totum
2174 3850 2464 3901 emendabat
2487 3852 2656 3902 Mure-

1623 3936 1725 3984 tna,
1747 3926 1862 3975 Var.
1882 3930 2018 3977 Lect.
2043 3929 2122 3988 Σ,
2152 3945 2244 3978 12:
2271 3930 2362 3977 sed
2377 3941 2542 3978 tamen
2561 3930 2656 3979 Ιιοσ

1619 4002 1776 4067 ipsum
1803 4022 1952 4053 unum
1978 4010 2072 4055 τῶν
2093 4021 2108 4055 :
2129 4008 2267 4071 quod
2289 4007 2420 4055 Oliv.
2445 4012 2650 4077 recepit.

1619 4082 1733 4132 Sch.
1761 4094 1808 4131 ec
1836 4100 1990 4133 rmum
2014 4089 2108 4134 τῶν
2129 4090 2407 4136 πολιτικῶν.
2429 4088 2526 4135 En.
