3019 4681
630 404 1163 475 EPISTOLAE
1210 406 1411 476 CIC.
1448 406 1575 475 ET
1623 346 1974 494 BRUTI,
2025 406 2139 479 23.
2321 409 2460 507 703

332 552 539 617 cum3
570 526 703 601 sed
732 527 1015 601 medius
1040 528 1255 599 fidius
1287 543 1361 600 et
1394 552 1698 601 moveor
1731 530 2048 603 hominis
2079 531 2418 631 precibus
2442 589 2462 623 ,

333 654 409 712 et
456 641 681 711 timeo
704 691 723 724 ,
761 664 857 711 ne
883 636 1139 711 illum³
1178 638 1592 739 aliquorum
1627 636 1832 712 furor
1867 642 2218 741 excipiat:
2254 643 2466 741 plane

333 764 583 823 aestu0.
629 748 849 841 Quod
880 750 939 821 si
973 750 1267 839 scirem,
1320 748 1501 847 quid
1527 748 1672 821 ‘tibi
1710 750 2062 849 placeret,
2106 755 2260 826 sine
2289 754 2474 827 solli-
2509 776 2514 782 ·

335 861 661 933 citudine
712 884 963 931 essem.
1015 860 1100 931 Id
1140 860 1745 962 enim—optimum
1799 886 1952 935 esse
1976 918 1998 955 ,
2051 888 2473 961 persuasum

337 984 525 1043 esset
547 959 789 1050 'mihi.,
807 974 1049 1063 Quare
1093 994 1317 1069 quam
1358 973 1674 1069 primum
1727 970 1838 1045 fac
1869 996 1988 1045 me
2041 978 2420 1047 certiorem
2456 1028 2478 1065 ,

339 1079 521 1179 q‘uid
578 1080 712 1152 tibi
768 1082 1070 1178 placeat.
1132 1082 1425 1169 Cassius
1476 1096 1722 1154 noster
1773 1085 2048 1180 Syriam
2077 1136 2098 1167 ,
2160 1084 2480 1181 legiones

338 1192 659 1288 Syriacas
684 1188 939 1281 habet,
976 1190 1172 1263 ultro
1208 1191 1507 1289 quidem
1539 1216 1580 1263 a
1609 1194 1865 1263 Murco
1905 1206 1977 1263 et
2007 1216 2047 1263 a
2074 1194 2377 1282 Marcin,
2413 1206 2488 1265 et

341 1300 435 1372 ab
478 1300 799 1373 exercitu
859 1305 1021 1400 ipso
1076 1303 1478 1375 arcessitus,
1522 1306 1677 1399 Ego
1714 1305 1968 1403 scripsi
2024 1300 2115 1374 ad
2169 1304 2484 1375 Tertiam

343 1435 701 1499 sororem,
744 1426 819 1483 et
873 1426 1173 1484 matrem
1213 1467 1233 1501 ,
1296 1436 1391 1483 ne
1436 1413 1637 1510 prius
1681 1411 1981 1486 ederent
2031 1412 2175 1487 hoc
2202 1467 2222 1503 ,
2284 1412 2490 1512 quod

345 1523 622 1619 optime
651 1518 749 1593 ac'
766 1518 1175 1595 felicissime
1212 1524 1429 1620 gessit
1456 1523 1744 1595 Cassius
1763 1578 1790 1613 ,
1825 1548 2042 1623 quam
2072 1538 2284 1597 tuum
2321 1549 2489 1596 con·

345 1632 583 1701 silium
629 1633 1171 1728 cognovissent,
1224 1631 1509 1731 tibique
1551 1637 1788 1703 visum
1843 1648 2048 1706 esset.
2101 1634 2278 1733 Legi
2325 1658 2488 1705 ora·
2557 1644 2566 1657 '

347 1742 583 1812 tiones
616 1739 795 1812 duas
832 1753 1028 1830 tuaS,
1070 1766 1383 1841 quarum
1424 1743 1646 1815 altera
1678 1742 1819 1815 kal.
1847 1742 1996 1839 jan.
2031 1768 2205 1815 usus
2240 1769 2352 1833 es;
2386 1744 2490 1815 al-

346 1868 501 1923 tera
540 1850 632 1923 de
672 1849 900 1925 literis
939 1854 1211 1941 meis⁴‚
1268 1878 1431 1951 quae
1484 1852 1730 1925 habita
1782 1868 1892 1925 est
1933 1852 2064 1926 abs
2103 1869 2176 1925 te
2235 1868 2490 1927 contra

351 1962 724 2033 Calenum.
772 1964 987 2034 Nunc
1019 1963 1292 2035 scilicet
1333 1963 1477 2035 hoc
1502 1978 1872 2063 exspectas
1893 2018 1912 2051 ,
1973 1965 2151 2036 dum
2184 1990 2303 2036 eas
2337 1964 2490 2037 lau-

352 2070 542 2144 dem.
565 2073 822 2147 Nescio
847 2072 1103 2161 animi,
1138 2098 1231 2144 an
1267 2075 1542 2171 ingenii
1569 2076 1678 2145 tui
1711 2073 1945 2170 major
1977 2077 2053 2145 in
2086 2073 2199 2144 his
2233 2072 2496 2146 libellis

350 2182 509 2254 laus
554 2183 1037 2255 contineatur.
1084 2188 1239 2254 Jam
1278 2182 1640 2271 concedo,
1677 2196 1760 2254 ut
1801 2180 1916 2254 vel
1957 2180 2342 2282 Philippici
2371 2208 2498 2254 vo·

358 2306 639 2384 centur,
682 2292 885 2394 quod
928 2306 1012 2365 tu
1048 2292 1362 2392 quadam
1407 2295 1712 2392 epistola
1741 2295 1995 2392 jocans
2035 2294 2399 2394 scripsisti.

454 2403 757 2476 Duabus
816 2401 1039 2476 rebus
1094 2428 1431 2504 egemus,
1490 2407 1784 2490 Cicer0,
1838 2407 2149 2505 pecunia
2203 2418 2276 2477 et
2327 2427 2499 2504 sup·
2565 2439 2576 2454 κ

354 2516 773 2615 plemento:
817 2539 1128 2614 quarum
1178 2513 1402 2592 altera
1448 2528 1690 2614 potest
1731 2513 1860 2587 abs
1897 2529 1970 2587 te
2016 2513 2379 2614 expediri,
2420 2531 2504 2588 ut

360 2627 601 2725 aliqua
636 2651 801 2725 pars
833 2626 1143 2697 militum
1181 2625 1393 2696 istinc
1424 2627 1757 2697 mittatur
1783 2625 1999 2698 nobis
2022 2679 2042 2714 ,
2080 2624 2192 2698 vel
2222 2640 2501 2698 secreto

360 2736 663 2808 consilio
696 2735 1045 2808 adversus
1079 2739 1379 2808 Pansam
1401 2789 1420 2822 ,
1464 2735 1579 2806 vel
1622 2735 1904 2806 actione
1946 2737 2024 2806 in
2071 2751 2366 2825 senatu3
2402 2736 2501 2808 al·

362 2862 514 2920 tera
532 2902 552 2937 ,
589 2872 748 2945 quae
775 2848 1000 2944 magis
1023 2843 1053 2889 ⁵
1088 2859 1194 2917 est
1223 2849 1653 2935 necessaria,
1692 2871 1933 2944 neque
1957 2871 2126 2918 meo
2155 2847 2501 2919 exercitui

364 2957 619 3056 magis,
652 2981 869 3056 quam
898 2956 1375 3053 reliquorum.
1402 2959 1562 3026 Hoc
1585 2957 1806 3056 magis
1832 2955 2072 3044 doleo,
2117 2947 2504 3026 'Asiam...*'

365 3084 437 3139 at
464 3071 539 3139 in
569 3071 808 3140 Asiam
836 3091 1096 3139 censeo
1134 3064 1743 3163 persequendum.
1763 3063 1960 3139 Nihil
1979 3064 2158 3135 mihi
2187 3059 2497 3137 videris⁶

362 3179 510 3251 hoe
542 3193 873 3278 tempore
904 3173 1165 3248 melius
1193 3190 1508 3282 acturus.
2361 3182 2374 3200 ⁸

366 3310 433 3358 tis
468 3319 706 3358 emtores
742 3323 846 3358 non
886 3307 954 3357 ita
992 3305 1265 3370 loquuntur
1283 3337 1300 3364 ,
1334 3314 1393 3354 ut
1479 3304 1635 3370 magis
1657 3319 1808 3369 quam
1832 3302 2126 3368 reliquorum
2141 3336 2158 3363 ,
2185 3301 2325 3352 nullo
2341 3317 2501 3352 emen.

366 3403 473 3438 non
498 3388 707 3454 intelligi
730 3403 834 3437 non
859 3387 1085 3453 possint?
1106 3386 1321 3433 Ontvn.
1480 3385 1642 3432 Voeee
1676 3383 1792 3431 aliae
1828 3381 2065 3431 Patricius
2096 3399 2158 3432 ex
2197 3381 2360 3432 Caroli
2393 3381 2498 3431 Ste-

444 3483 497 3516 2.
524 3467 789 3518 Antonius.
824 3469 999 3527 Ceius,
1032 3464 1193 3516 Marci
1228 3464 1395 3524 fater,
1479 3462 1636 3528 pinni
1669 3461 1886 3512 editione
1921 3460 2103 3512 bennit.
2149 3461 2298 3512 Unde
2339 3471 2499 3510 entem

371 3548 457 3612 qni
504 3563 637 3597 enno
686 3547 938 3613 superiore
987 3555 1173 3612 prator
1218 3543 1392 3593 fuerat.
1482 3543 1758 3609 Stephanus
1770 3541 2036 3606 acceperit,
2051 3541 2320 3606 qumipee
2333 3551 2504 3602 tacent,

368 3627 594 3676 mun-r.
1482 3625 1669 3672 nescio.
1695 3623 1906 3670 Omn-

443 3707 495 3756 3.
532 3707 611 3754 Ne
641 3705 792 3756 illum.
826 3703 905 3753 Ne
928 3703 1097 3764 illum,
1130 3703 1394 3752 alienatum
1555 3697 1606 3744 6.
1628 3693 1756 3741 Vide
1778 3707 1888 3758 qne
1913 3691 1968 3740 in
1997 3689 2196 3756 epistol.
2233 3705 2298 3740 αι
2337 3701 2390 3740 et
2432 3704 2498 3739 22

371 3804 401 3834 ι
439 3803 517 3834 me
553 3785 869 3834 dilationibus
904 3785 1023 3834 mein
1040 3819 1055 3844 ,
1094 3784 1268 3833 ducem
1302 3781 1397 3830 sibi
1482 3775 1776 3825 notavimus.
1812 3773 1864 3820 Si
1887 3771 1994 3820 haee
2027 3770 2216 3820 ordinis
2257 3769 2501 3819 restitutio

368 3865 582 3914 libenter
592 3865 828 3930 arripiant
844 3864 967 3912 male
987 3864 1049 3912 de
1067 3881 1171 3930 rep.
1191 3863 1398 3912 sentien-
1483 3872 1589 3906 non
1609 3854 1898 3912 admittitur,
1933 3850 2194 3917 legendum
2219 3851 2302 3900 hie
2329 3849 2508 3900 vidaeor

372 3957 473 3994 tes:
496 3961 706 4010 quornm
728 3945 885 3994 furori
905 3955 1071 4010 aptam
1088 3944 1397 3992 occasionem
1482 3953 1580 4004 pro
1601 3933 1806 3983 videris.
1847 3931 1986 3982 Nihil
2003 3931 2230 3998 quidem,
2256 3941 2312 3980 nt
2337 3945 2506 3980 verum

374 4025 489 4076 dare
509 4025 707 4074 nollem.
736 4027 894 4074 Inui.
1154 4047 1159 4052 -
1490 4015 1680 4078 dic-m,
1728 4013 1866 4062 dubii
1908 4021 1998 4062 est.
2041 4011 2138 4062 Sed
2176 4027 2328 4078 quum
2381 4009 2510 4058 forte

448 4109 499 4164 4.
523 4107 597 4152 De
617 4103 768 4153 literis
786 4103 920 4152 meis.
938 4101 1211 4167 Philippica
1232 4102 1301 4150 X.
1322 4103 1403 4150 ln.
1486 4095 1634 4160 plura
1656 4093 1816 4146 desint
1832 4129 1847 4154 ,
1872 4093 2095 4144 ordinem
2113 4109 2220 4142 non
2251 4100 2509 4140 mutamus.

448 4186 497 4232 5.
524 4184 687 4250 Magis
700 4219 715 4240 ‚
738 4195 831 4232 etc.
851 4181 1081 4246 Sigonius
1100 4181 1280 4240 edidit,
1296 4195 1407 4244 quoe
1494 4178 1543 4224 J.
1570 4179 1629 4222 V.
1649 4175 1702 4221 L.
