3019 4681
500 353 642 450 590
1125 356 1224 423 M.
1275 354 1353 423 T.
1407 352 2005 425 clcssnoms

491 502 677 576 que,
718 480 818 547 mi
859 476 1222 547 carissime
1265 490 1340 547 et
1381 477 1797 548 suavissime
1830 472 2071 563 frater,
2110 474 2201 547 ad
2238 500 2395 547 eam
2443 476 2642 553 diem

495 588 632 687 (ut
679 582 1112 684 sperabam)
1171 584 1513 657 viderem.
1562 585 2131 659 AEdificationem
2181 590 2441 659 Arcani
2461 592 2493 641 4
2544 590 2639 663 ad

494 712 707 769 tuum
741 694 1136 795 adventum
1172 698 1565 768 sustentari
1585 692 1615 739 ⁵
1644 694 1999 795 placebat.
2040 700 2217 787 Fac,
2254 700 2356 767 mi
2394 694 2639 787 frater,

492 820 578 877 ut
615 806 882 891 valea,
920 805 1617 904 quamprimumque
1654 808 1925 879 venias.

568 1022 618 1071 4.
655 1012 855 1062 Arcani.
880 1012 1008 1061 Villa
1031 1012 1208 1076 Quinti
1231 1012 1344 1062 fuit.
1376 1014 1525 1063 Mur.
1607 1012 1824 1062 Tametsi
1847 1013 1903 1061 in
1926 1014 2004 1062 his
2029 1014 2177 1079 ipsis,
2202 1015 2291 1079 qui
2309 1030 2481 1064 omnes
2506 1015 2639 1065 divi-

573 1095 623 1142 5.
647 1090 934 1140 δικωπίαν-ι’.
965 1090 1184 1142 Differri.
1209 1091 1364 1140 Pudet
1384 1093 1437 1140 in
1461 1092 1523 1140 iis
1610 1092 1709 1141 tias·
1730 1093 1929 1141 nomine
1951 1093 2272 1158 pollicentur,
2299 1106 2374 1143 est
2408 1112 2523 1143 sane
2547 1112 2641 1143 cur

501 1173 664 1221 verbis
687 1173 936 1219 immorari
951 1206 968 1233 ‚
995 1186 1204 1235 quorum
1237 1188 1379 1219 usum
1397 1188 1523 1220 con-
1606 1171 1795 1237 aliquid
1818 1182 1965 1237 utque
1988 1172 2115 1221 adeo
2138 1172 2295 1222 multu
2310 1208 2327 1234 ‚
2354 1190 2447 1224 uec
2470 1190 2529 1224 a
2552 1174 2637 1224 le·

498 1263 634 1317 gata
673 1253 730 1300 in
782 1252 936 1301 libro·
973 1250 1197 1317 exemplu
1255 1250 1521 1302 dedu-ant.
1610 1252 1687 1301 vin
1703 1289 1722 1316 ,
1746 1251 2101 1302 desiderauit.
2130 1248 2287 1303 Inm.

2422 1448 2643 1473 m

498 1452 774 1473 m

1119 1652 1724 1735 EPISTOLA
1774 1652 2051 1737 1V111.

497 1838 587 1893 De
615 1834 1039 1913 supplicatione
1063 1830 1318 1890 Gabinio
1343 1844 1550 1909 negata
1568 1874 1587 1903 ,
1628 1845 1687 1889 et
1710 1830 2005 1891 desiderio
2032 1852 2139 1891 suo
2164 1833 2361 1893 fratris
2384 1832 2639 1896 videndi.

939 1930 1210 2009 (Roma,
1231 1948 1388 1987 anno
1421 1932 1495 1988 U.
1520 1930 1585 1986 C.
1610 1929 1749 2006 697,
1778 1937 1975 1988 ωειῆε
1988 1929 2219 2008 junio.)

1093 2110 1448 2177 MARCUS
1497 2110 1581 2193 Q.
1626 2110 1943 2175 FRATRI
1988 2112 2053 2177 s,

605 2271 673 2337 Ο
715 2265 956 2337 literas
993 2262 1176 2333 mihi
1215 2275 1376 2333 tuas
1413 2261 1967 2356 jucundissimas
1985 2316 2010 2351 ,
2048 2278 2526 2363 exspectatas,
2557 2288 2643 2337 ac

507 2379 746 2478 primo
787 2374 1082 2472 quidem
1128 2398 1294 2446 cum
1332 2370 1729 2460 desideri0‚
1769 2397 1969 2444 nunc
2002 2398 2177 2445 vero
2218 2379 2429 2445 etiam
2472 2399 2639 2446 cum

502 2490 759 2558 timore
781 2484 850 2556 ¹⁷!
907 2488 1148 2579 Atque
1182 2481 1314 2552 has
1357 2484 1539 2554 scito
1576 2481 1818 2554 literas
1878 2507 1997 2554 me
2048 2485 2235 2555 solas
2282 2486 2641 2582 accepisse

507 2610 677 2694 post
716 2593 872 2664 illas
893 2647 912 2681 ,
955 2615 1138 2689 quas
1179 2605 1352 2662 tuus
1402 2605 1634 2662 nauta·
1656 2591 1932 2686 attulit,
1980 2591 2194 2664 Olbia
2240 2593 2458 2665 datas.
2502 2593 2644 2665 Sed

508 2720 745 2779 cetera
771 2703 896 2798 (ut
927 2699 1224 2796 scribis)
1259 2704 1595 2799 praesenti
1622 2704 1940 2775 sermoni
1966 2720 2464 2776 reserventur:
2500 2701 2644 2776 hoc

508 2833 753 2887 tamen
781 2839 930 2884 non
969 2836 1162 2908 queo
1203 2809 1521 2883 differre.
1556 2811 1663 2883 Id.
1700 2816 1907 2884 maiis
1938 2828 2229 2886 senatus
2263 2813 2641 2911 hequem,

507 2926 796 2996 divinus
834 2921 975 2994 fuit
1008 2923 1085 2992 iu
1115 2921 1647 3020 supplicatione
1679 2921 1991 2995 Gabinio
2028 2923 2471 3022 deneganda.
2504 2924 2647 2996 Ad-

502 3039 700 3134 jurat
739 3033 1086 3107 Procilius
1105 3043 1136 3075 2
1193 3032 1337 3104 hoc
1387 3037 1661 3106 nemini
1710 3035 2053 3108 accidisse
2073 3032 2125 3108 3.
2188 3039 2387 3107 Foris
2433 3035 2645 3107 valde

509 3145 895 3248 plauditur.
931 3144 1114 3216 Mihi
1140 3168 1373 3240 quum
1405 3168 1537 3216 sua
1569 3160 1832 3242 sponte
1862 3145 2310 3240 jucundum,
2347 3159 2505 3216 tum
2527 3145 2647 3241 ju-

508 3252 859 3338 cundum,
900 3249 1104 3347 quod
1151 3275 1268 3321 me
1314 3249 1614 3322 absente
1650 3250 1803 3346 (est
1840 3253 2035 3324 enim
2068 3254 2409 3350 εἰλικρινὲς4
2446 3251 2645 3347 judi-

508 3363 762 3459 dium)
817 3364 974 3434 sine
1023 3363 1611 3459 oppugnatione,
1649 3363 1803 3432 sine
1851 3363 2077 3460 gratia
2116 3376 2385 3433 nostra.
2427 3367 2644 3434 Eram

504 3478 718 3548 Antii.
753 3471 972 3564 Quod
999 3471 1240 3543 idibus
1277 3487 1352 3543 et.
1377 3471 1722 3570 postridie
1750 3470 1985 3544 fuerat
2010 3472 2325 3558 dictum,
2350 3471 2441 3545 de
2468 3495 2645 3570 agro

511 3591 882 3683 Campano
913 3597 1156 3655 actum
1179 3583 1305 3671 iri,
1331 3607 1484 3654 non
1515 3598 1623 3654 est
1647 3598 1914 3656 actum.
1947 3589 2033 3654 In
2066 3584 2201 3656 hac
2227 3607 2443 3656 causa
2464 3583 2651 3654 mihi

583 3797 628 3828 1.
661 3780 732 3828 Cu
701 3796 782 3826 um
817 3778 932 3825 tiom
903 3794 1003 3826 ore.
1043 3781 1253 3842 Propter
1285 3795 1348 3843 pe
1323 3777 1527 3838 oricula,
1616 3778 1800 3838 literis,
1846 3777 1973 3826 bene
1946 3789 2184 3844 egestam
2210 3795 2365 3845 remp.
2403 3778 2645 3828 nuntian-

503 3874 612 3922 quoe
634 3855 974 3921 navigantibus
999 3855 1300 3920 impendent.
1320 3858 1523 3904 Tisntn.
1618 3855 1748 3905 tibus
1768 3867 1961 3905 senatus
1985 3874 2089 3906 non
2111 3857 2347 3908 crederet.
2389 3859 2605 3907 Mum».

576 3953 626 3985 a.
650 3933 928 3998 Lege-ndum
955 3935 1083 3982 forte
1099 3969 1116 3996 ‚
1141 3945 1200 3983 ut
1221 3933 1418 3998 quidum
1435 3933 1526 3982 ha·
1688 3946 1737 3994 4.
1774 3937 2030 4004 Εἷλικρινὶς
2077 3937 2337 4000 judicium.
2390 3939 2649 3986 sincerum

503 4015 646 4073 bent,
667 4011 937 4061 Proeillim.
960 4015 1010 4062 J.
1025 4016 1093 4061 V.
1117 4015 1170 4060 L.
1614 4027 1687 4064 est
1704 4033 1760 4065 ac
1784 4016 1992 4080 simplex
2012 4016 2251 4080 judicium
2273 4027 2469 4066 senatus
2486 4031 2500 4066 τ
2516 4017 2651 4066 nihil

575 4093 622 4145 3.
643 4093 840 4142 Nemini
860 4090 1112 4141 accidisse.
1131 4093 1200 4140 Ut
1223 4091 1525 4156 imperatoris
1614 4095 1667 4144 in
1692 4111 1753 4146 eo
1776 4097 1942 4160 gratiae
1970 4095 2157 4145 tribuit.
2181 4099 2334 4150 Iun.
