3019 4681
570 418 1090 487 EPISTOLAE
1135 419 1277 486 AD
1325 418 1815 503 ΑΤΤΙΟΠΜ,
1850 371 2253 502 xv1‚'15.
2358 412 2496 486 515

366 552 562 610 recte
597 562 752 611 esse
797 538 1066 636 possim
1089 592 1110 627 ,
1151 564 1373 636 quam
1413 554 1523 611 est
1572 538 2002 611 Marcellus?
2047 537 2189 611 Sed
2236 564 2383 609 non
2426 536 2503 608 id

365 651 634 747 agitur3
683 673 928 745 neque
973 648 1050 719 id
1095 650 1408 722 maxime
1457 674 1657 722 curo.
1710 649 1907 740 Quid
1950 674 2198 722 curem
2221 705 2242 739 ,
2282 647 2502 719 vides.

365 759 640 831 Adsum
682 760 926 857 igitur.

375 956 1300 978 mmmmmmmm
1309 959 2506 981 mmmmm-mmmmm

984 1125 1590 1207 EPISTOLA.
1660 1128 1900 1207 XVI.

367 1288 714 1367 Exemplum
740 1286 1046 1345 literarum
1081 1286 1156 1344 ad
1185 1287 1462 1347 Plancum
1489 1286 1551 1345 in
1578 1286 2025 1347 Buthrotiorum
2055 1307 2226 1347 causa
2258 1288 2510 1367 scripta-

405 1406 538 1445 rum
567 1386 766 1446 Attico
787 1385 980 1444 mittit.
1003 1388 1110 1458 (ln
1137 1386 1496 1459 Tusculano,
1528 1404 1681 1443 anno
1701 1390 1776 1447 U.
1802 1389 1869 1446 C.
1888 1406 2025 1463 709,
2050 1405 2245 1447 mense
2260 1385 2474 1463 junio.)

1055 1544 1370 1610 CICERO
1411 1544 1737 1611 ATTICO
1781 1546 1847 1611 S.

462 1692 502 1756 J
507 1708 1022 1757 uctmmssmas
1061 1697 1222 1757 tuas
1255 1686 1394 1784 legi
1418 1684 1677 1757 literas,
1702 1686 1811 1757 Ad
1838 1684 2181 1758 Plancum
2210 1688 2505 1785 scripsi:

363 1794 589 1867 habes
629 1792 1072 1893 exemplum.
1108 1799 1295 1867 Cum
1327 1798 1597 1868 Tirone
1626 1794 1805 1894 quid
1844 1798 1935 1868 sit
1969 1797 2362 1895 loquutus,
2397 1821 2516 1868 co-

360 1929 704 2004 gnoscam
761 1930 852 1975 ex
909 1908 1092 2003 ipso.
1153 1910 1344 1979 Cum
1393 1930 1646 1979 sorore
1698 1931 1865 2004 ages
1914 1908 2257 1979 attentius
2277 1946 2321 1991 ‚·
2342 1908 2404 1978 si
2445 1922 2519 1979 te

361 2016 842 2113 occupatione
884 2016 1023 2085 ista
1049 2025 1070 2058 ¹
1112 2015 1483 2086 relaxaris.

437 2194 486 2229 1.
521 2176 852 2243 Occupaeione
867 2176 984 2226 ista.
1009 2178 1087 2225 De
1109 2193 1162 2225 re
1180 2178 1390 2227 Buthro·
1480 2179 1707 2227 eamdem
1727 2195 1896 2227 omnes
1912 2178 1978 2227 ad
2004 2196 2105 2227 rem
2122 2179 2387 2244 pertinent.
2402 2182 2514 2244 Ipsa

362 2258 444 2307 tin.
481 2258 632 2305 Mn«.
664 2282 736 2293 ·-
771 2255 1234 2315 commendatitias,
1277 2273 1389 2322 qun
1475 2258 1582 2306 haec
1607 2258 1671 2306 ad
1693 2258 1911 2307 Atticum
1936 2268 2180 2317 extrema,
2206 2257 2395 2306 idcirco
2420 2258 2505 2306 hic

362 2347 656 2401 sequnntur,
682 2335 913 2400 epistolas
938 2353 1040 2384 non
1068 2353 1130 2384 eo
1154 2336 1386 2386 habemns
1475 2347 1549 2385 eet
1563 2371 1578 2397 ,
1610 2337 1727 2402 quin
1764 2337 1921 2386 fuerat
1949 2336 2216 2397 conjuncta
2252 2353 2367 2386 cum
2402 2338 2513 2402 epi-

363 2415 568 2480 digana
615 2413 818 2476 ordine,
869 2430 972 2479 qno
1017 2415 1240 2480 scriptae.
1285 2417 1387 2480 Qui
1475 2416 1603 2465 stola
1627 2417 1693 2465 nd
1710 2415 1971 2474 Plancum,
1988 2431 2133 2482 qnam
2153 2417 2323 2466 Attico
2343 2417 2500 2481 legen·

363 2494 562 2559 collegit
580 2529 598 2557 ,
655 2493 743 2542 hau
804 2493 1094 2556 conjunxit,
1151 2495 1388 2559 qnoniam
1477 2495 1591 2544 dm
1612 2495 1838 2545 mittebat
1856 2497 2065 2547 Tutum.
2090 2499 2275 2546 Mono-

1401 2651 1482 2716 A.
1834 2716 1841 2720 .

587 2809 676 2876 M.
721 2811 1035 2877 CICERO
1079 2813 1152 2876 L.
1199 2811 1569 2877 PLANCO¹
1600 2863 1618 2896 ,
1672 2811 1949 2878 PRAET.
1994 2813 2173 2880 DES.
2216 2816 2281 2881 S.

469 2967 578 3026 Cu.
603 2966 820 3024 Planco
841 2983 1073 3024 causam
1099 2963 1541 3022 Buthrotiorum
1568 2961 1999 3042 diligentissime
2023 2968 2405 3028 commendat.

1183 3059 1286 3140 (In
1317 3058 1699 3135 Tusculano.)

463 3187 714 3255 ATTlct
749 3185 974 3254 nostri
1013 3197 1086 3254 te
1113 3181 1321 3254 valde
1355 3180 1763 3254 studiosum
1794 3207 1947 3255 esse
1984 3186 2331 3279 cognovi,
2358 3187 2504 3258 mei

369 3318 542 3366 vero
575 3299 676 3364 ita
713 3292 1056 3391 cupidum
1078 3347 1098 3379 ‚
1132 3307 1218 3364 ut
1253 3292 1676 3364 mehercule
1717 3318 1985 3391 paucos
2016 3319 2221 3390 aeque
2254 3294 2504 3367 obser-

368 3418 616 3476 vantes
658 3418 876 3500 atque
914 3418 1234 3475 amantes
1269 3412 1424 3473 me'
1457 3402 1727 3475 habere
1766 3405 2191 3476 existimem.
2230 3404 2339 3476 Ad
2376 3429 2505 3503 pa-

367 3529 608 3586 ternas
645 3515 840 3585 enim
881 3538 1176 3610 magnas
1199 3567 1218 3602 ‚
1253 3527 1326 3584 et
1362 3527 1640 3584 veteres
1663 3567 1683 3602 ,
1727 3527 1799 3585 et
1839 3513 2065 3607 justas
2112 3515 2505 3586 necessitu-

439 3695 486 3729 1.
528 3679 615 3728 Cn.
660 3677 860 3726 Planco.
899 3676 1036 3740 Alii,
1079 3679 1134 3726 L.
1181 3677 1388 3725 Planco.
1479 3687 1655 3727 stente.
1678 3678 2018 3744 'triumphavit
2036 3678 2097 3727 de
2114 3679 2268 3730 Gallie
2285 3681 2344 3729 1..
2364 3679 2507 3728 Plan-

365 3760 516 3822 quni
549 3759 604 3807 L.
637 3757 848 3805 Plancus
865 3789 882 3817 ,
918 3757 1010 3804 Cn.
1047 3756 1196 3816 hujus
1225 3755 1390 3814 frater,
1477 3774 1565 3805 cns
1600 3773 1711 3804 cnm
1762 3757 1955 3821 Lepido
1974 3790 1991 3815 ,
2027 3758 2117 3821 qni
2158 3758 2265 3822 ipse
2306 3759 2501 3808 fratrem

365 3849 464 3885 erat
481 3847 586 3885 tum
604 3838 659 3884 in
679 3835 852 3884 Galliis
873 3851 986 3884 eum
1002 3835 1239 3899 imperio,
1265 3849 1390 3882 con·
1479 3834 1731 3884 AEmilium
1752 3835 1973 3884 Paullum
1998 3836 2347 3901 proscriptioni
2366 3837 2501 3896 dedi-

365 3915 436 3963 ·ul
454 3915 736 3980 designatus
752 3929 864 3963 cum
891 3917 954 3964 D.
975 3918 1153 3964 Bruto.
1183 3914 1277 3962 Hic
1298 3914 1390 3963 Cn.
1479 3915 1639 3973 ἀσταῖς
1660 3914 1791 3962 unde
1808 3915 2028 3962 militaris
2044 3915 2221 3975 jocus:
2258 3937 2279 3960 ι
2300 3917 2362 3964 de
2380 3918 2503 3965 Ger-

365 3994 570 4044 Plancus
581 3995 604 4060 (
613 3995 792 4059 gentile
801 4011 980 4044 nomen
989 4005 1092 4042 erat
1108 3992 1392 4058 Munatius)
1479 3993 1633 4040 maniis
1644 4026 1659 4050 ‚
1675 4007 1779 4040 non
1798 3992 1859 4040 de
1876 3992 2030 4042 Gallia
2044 3995 2343 4060 triumphant
2356 3995 2502 4044 ambo

361 4089 390 4119 a
431 4073 700 4123 triumviris
751 4075 1059 4139 proscriptus
1112 4074 1259 4137 periit
1313 4071 1391 4120 vel
1479 4071 1703 4119 eonsules
1719 4092 1765 4119 n.
1790 4073 2061 4122 Moneta.

363 4164 594 4215 poscente
625 4153 782 4202 Lucio
813 4153 994 4215 fratre,
1023 4151 1100 4200 vel
1125 4167 1227 4199 non
1253 4149 1389 4198 obsi·
1554 4165 1602 4199 2.
1635 4153 1779 4196 Forte
1798 4183 1815 4211 ,
1842 4151 1953 4200 mei.
1982 4153 2031 4200 J.
2054 4153 2117 4199 V.
2146 4154 2200 4198 1..
2253 4181 2259 4192 ·

2142 4230 2253 4300 33.
