3019 4681
491 393 633 478 480
1144 392 1241 459 Μ.
1292 390 1371 459 Τ.
1418 388 1971 459 CICERONIS

491 528 846 613 quantum
895 512 987 583 de
1030 511 1189 608 jure
1232 526 1485 583 nostro
1535 510 2089 597 decesserimuS‚
2139 508 2398 605 quide
2445 512 2620 581 resi-

492 626 653 697 duis
680 648 854 697 cccc
881 627 1021 695 H-S
1048 647 1135 694 cc
1173 623 1553 719 praesentia
1577 622 2032 707 solverimuS‚
2058 619 2340 717 reliqua
2365 624 2622 692 rescri-

492 735 751 807 bamus
789 762 806 804 :
866 733 1073 829 loqui
1124 756 1295 803 cum
1343 757 1432 803 eo
1454 786 1472 821 ,
1527 733 1588 803 si
1635 729 2034 819 videbitur,
2090 733 2401 829 poteris;
2453 756 2620 803 eum

494 841 961 915 commodum
998 856 1334 912 nostrum
1365 856 1780 940 exspectare
1813 838 2118 929 debere,
2163 866 2390 939 quum
2427 856 2622 913 tanta

494 956 585 1029 sit
621 980 661 1025 a
697 952 911 1024 nobis
937 952 1217 1048 jactura
1258 950 1442 1022 facta
1473 950 1676 1045 juris.
1719 949 1891 1036 Sed,
1930 948 2190 1022 amabo
2216 966 2330 1039 te,
2367 956 2466 1023 mi
2497 957 2622 1023 At-

494 1069 633 1137 tice
670 1064 1044 1161 (videsne‚
1088 1086 1309 1160 quam
1341 1059 1726 1163 blande?)‚
1771 1064 2014 1132 omnia
2053 1076 2336 1149 nostra,
2378 1061 2622 1158 quoad

494 1178 635 1254 eris
667 1178 913 1244 Romae
935 1225 956 1260 ‚
1007 1173 1103 1243 ita
1132 1172 1401 1269 gerim,
1436 1172 1667 1268 regito
1690 1225 1710 1259 ‚
1753 1169 2196 1268 gubernat0‚
2241 1186 2326 1242 ut
2360 1170 2542 1243 nihil
2579 1196 2622 1243 a

494 1308 614 1355 me
671 1296 1060 1381 exspectes.
1121 1283 1582 1378 Quamquam
1641 1285 1837 1356 enim
1902 1282 2178 1381 reliqua
2233 1286 2403 1354 satis
2457 1297 2624 1380 apta

493 1406 665 1465 sunt
715 1390 807 1463 ad
858 1389 1329 1479 solvendum,
1370 1404 1616 1463 tamen
1667 1388 1752 1461 fit
1801 1413 2022 1489 saepe,
2067 1406 2150 1464 ut
2187 1394 2279 1481 ii,
2325 1394 2451 1491 qui
2490 1393 2620 1463 de·

494 1502 674 1575 bent
695 1556 715 1590 ‚
754 1527 905 1573 non
939 1501 1426 1601 respondeant
1465 1501 1555 1574 ad
1590 1515 1904 1600 tempus.
1941 1502 2014 1573 Si
2048 1501 2228 1600 quid
2264 1500 2625 1598 ejusmodi

496 1613 875 1701 acciderit,
936 1638 1031 1684 ne
1092 1610 1271 1710 quid
1330 1610 1467 1682 tibi
1520 1613 1611 1682 sit
1671 1609 1860 1681 fama
1923 1636 2084 1682 mea
2137 1616 2400 1710 potiuS.
2455 1618 2624 1685 Non

490 1722 717 1795 'modo
777 1746 1109 1811 versura,
1170 1748 1425 1794 verum
1483 1723 1698 1793 etiam
1748 1721 2208 1811 venditione,
2255 1726 2316 1795 si
2365 1725 2462 1795 ita
2508 1748 2624 1796 res

498 1846 743 1932 coget,
786 1858 922 1904 nos
962 1832 1373 1905 vindicabis,
1426 1836 1650 1903 Bruto
1692 1846 1834 1903 tuae
1873 1831 2092 1904 literae
2142 1847 2357 1930 gratae
2396 1817 2620 1904 erant.

494 1948 627 2017 Fui
662 1947 853 2017 enirn
902 1943 1099 2042 apud
1138 1944 1343 2015 illum
1387 1943 1649 2015 multas
1683 1942 1898 2014 horas
1939 1946 2017 2013 in
2057 1942 2358 2031 Neside,
2395 1968 2621 2042 quum

497 2054 743 2154 paullo
800 2067 966 2125 ante
1018 2068 1180 2124 tuas
1234 2054 1473 2125 literas
1540 2054 1994 2151 accepissem.
2048 2054 2402 2125 Delectari
2450 2054 2622 2125 mihi

498 2168 777 2237 Tereo⁴
818 2162 1219 2251 videbatur,
1269 2178 1343 2235 et
1393 2162 1665 2234 habere
1719 2162 2067 2257 majorem
2117 2167 2312 2236 Attio
2333 2220 2353 2253 ‚
2404 2189 2624 2262 quam

504 2279 814 2347 Antonio
832 2270 887 2363 ⁵,
924 2277 1242 2373 gratiam.
1289 2272 1470 2346 Mihi
1506 2289 1751 2347 autem
1789 2298 1940 2372 quo
1986 2273 2257 2346 laetiora
2295 2289 2501 2362 sunt,
2539 2299 2625 2347 eo

494 2385 660 2485 plus
715 2384 1066 2462 stomachi
1115 2400 1190 2457 et
1247 2385 1592 2456 molestiae
1646 2397 1790 2472 est,
1837 2384 2194 2483 populum
2242 2409 2626 2456 romanum

498 2519 756 2567 manus
808 2518 970 2565 suas
1035 2520 1186 2566 non
1242 2495 1322 2565 in
1386 2490 1837 2566 defendenda
1897 2491 2314 2593 republica,
2372 2495 2496 2566 sed
2549 2499 2626 2565 in

498 2603 916 2704 plaudendo
974 2629 1423 2700 consumere.
1479 2603 1661 2673 Mihi
1718 2603 2010 2702 quidem
2062 2602 2403 2676 videntur
2455 2607 2625 2678 isto·

498 2713 715 2788 rum⁶
764 2715 982 2786 animi
1028 2714 1317 2786 incendi
1360 2714 1576 2785 etiam
1613 2713 1706 2785 ad
1749 2715 2398 2811 repraesentandam
2425 2727 2451 2770 ⁷
2495 2716 2626 2785 im-

502 2824 937 2925 probitatem
1008 2850 1233 2895 suam.
1306 2823 1447 2895 Sed
1498 2839 1788 2910 tamen,
1842 2853 1876 2888 α
1917 2821 2318 2894 dummodo
2389 2823 2629 2895 doleat

502 2939 773 3038 aliquid
788 2934 843 3029 ⁸,
881 2939 1121 3011 doleat
1152 2939 1353 3036 quod
1375 2937 1582 3010 lubet
1607 2969 1661 3009 ».
1692 2937 2134 3010 Consilium9
2155 2963 2397 3010 meum
2429 2940 2629 3037 quod

502 3054 604 3124 ais
641 3029 966 3149 quotidie
994 3053 1221 3148 magis
1261 3049 1579 3137 laudari,
1618 3075 1772 3120 non
1805 3048 2104 3120 moleste
2143 3047 2340 3138 fero;
2379 3074 2628 3149 exspe-

498 3161 963 3260 ctabamque‚
1000 3165 1059 3234 si
1100 3159 1281 3258 quid
1316 3158 1409 3232 de
1446 3184 1533 3230 eo
1567 3159 1660 3231 ad
1694 3184 1812 3233 me
1849 3158 2216 3232 scriberes.
2250 3166 2401 3258 Ego
2438 3162 2628 3232 enim

574 3345 623 3392 4.
654 3335 818 3382 Tereo.
847 3332 1026 3380 Fabula
1053 3331 1171 3380 olim
1194 3331 1255 3378 ab
1279 3331 1433 3379 Accio
1459 3329 1521 3378 de

501 3419 659 3466 Tereo
680 3413 889 3476 scripta,
916 3421 968 3459 et
990 3426 1123 3459 nunc
1150 3410 1205 3457 in
1231 3410 1373 3458 Bruti
1390 3408 1523 3458 ludis

1684 3348 1731 3393 7.
1750 3331 2211 3396 Reproeseneandam
2227 3367 2244 3390 ,
2267 3343 2358 3380 etc.
2377 3333 2532 3382 Citius
2548 3333 2630 3382 nli·

1607 3421 1793 3478 qusuto
1812 3443 1829 3468 ,
1883 3426 2029 3475 quam
2075 3411 2302 3460 fecissent
2321 3448 2336 3474 ‚
2381 3412 2632 3462 ostenden·

499 3507 625 3544 acta.
646 3494 743 3557 Ep.
774 3491 805 3538 5
828 3490 975 3552 hujus
998 3489 1129 3539 libri.
1154 3489 1380 3539 Cosam.

572 3569 621 3623 5.
662 3574 825 3635 Quam
856 3567 1097 3617 Antonio.
1132 3567 1381 3618 Sententia
1416 3567 1523 3616 haec

496 3665 573 3703 est
610 3667 625 3700 ε
662 3653 864 3698 Brutum
891 3658 1061 3712 putare
1094 3647 1335 3712 placuisse
1368 3648 1522 3712 magis

498 3731 645 3782 ludos
662 3746 777 3778 suos
796 3729 864 3777 ob
886 3728 1137 3793 ingenium
1160 3739 1319 3792 poeta
1333 3764 1349 3791 ,
1375 3743 1522 3792 quam

498 3811 637 3878 quod
658 3819 853 3857 curator
878 3823 1051 3856 eorum
1069 3807 1247 3856 Lucius
1272 3808 1522 3855 Antonius

497 3907 696 3956 operam
719 3887 936 3945 dederit,
970 3897 1025 3934 ut
1062 3887 1323 3951 placerent.
1362 3887 1415 3936 J.
1458 3887 1524 3936 F.

498 3973 739 4019 Gnouov.

571 4051 621 4098 ὃ.
649 4050 861 4096 Istorum
884 4045 1039 4092 animi
1058 4045 1270 4094 Incendi-
1291 4045 1525 4106 Antonii,

504 4139 555 4177 et
574 4127 820 4176 similium.

1609 3491 1742 3539 dnm.
1767 3489 1988 3537 Μιπστ.

1683 3571 1736 3617 8.
1761 3567 1909 3632 Vulg.
1930 3589 1955 3609 α
1975 3567 2172 3616 doleant
2197 3569 2411 3634 aliquid‘,
2437 3570 2632 3620 dole-nt

1609 3647 1868 3712 quodlibet
1893 3667 1934 3693 s.
1969 3647 2221 3711 sequimur
2250 3665 2344 3696 uos
2373 3649 2632 3700 lectionem

1609 3743 1776 3776 versus
1798 3725 2076 3784 Afraniani,
2099 3728 2504 3792 quemadmodum
2529 3731 2635 3780 lau-

1609 3806 1826 3855 daturin
1851 3805 2112 3854 Tusculsn.
2149 3809 2242 3868 IV,
2274 3824 2356 3855 πο.
2388 3811 2500 3857 Jam
2527 3827 2637 3859 mo-

1607 3896 1784 3934 nuent
1807 3883 2037 3933 Baherius
2052 3920 2067 3944 ,
2101 3885 2442 3936 Animadvers.
2471 3889 2526 3937 iu
2547 3891 2638 3940 ci-

1611 3982 1860 4026 cemnem,
1891 3967 2041 4016 Paris.
2073 3967 2232 4028 1746,
2256 3984 2312 4032 p.
2343 3977 2462 4024 ⁴11.

1689 4063 1743 4108 9.
1775 4046 2050 4098 consilium.
2079 4047 2368 4098 Discedendi
2391 4065 2451 4098 ex
2474 4048 2635 4098 Italia.

1615 4127 1826 4175 Maur.
