3019 4681
647 387 1210 460 EPISTOLAE
1259 387 1404 455 AD
1453 385 1963 472 ATTICUM,
2004 388 2151 474 IX,
2212 384 2319 460 15.
2416 388 2547 460 105

415 511 570 584 haec
621 511 908 608 longius
965 505 1250 578 absunt.
1307 508 1428 577 Me
1487 531 1687 580 nunc
1746 519 1819 578 et
1868 532 2293 606 congressus
2332 509 2553 606 hujus

419 621 779 708 stimulat3
819 621 880 689 is
919 643 1092 689 vero
1125 615 1328 688 adest
1359 643 1374 686 :
1419 631 1492 686 et
1527 618 1797 715 primas
1839 617 1996 714 ejus
2032 623 2354 694 actiones
2384 620 2555 694 hor-

417 758 570 804 reo,
618 730 833 802 Volet
875 733 1103 815 enim,
1143 725 1401 812 credo,
1441 729 1513 798 S.
1543 731 1621 798 C.
1666 725 1938 816 facere3
1976 729 2171 801 volet
2198 755 2553 830 augurum

424 841 796 913 decretum
826 835 894 907 ⁵:
935 833 1372 935 rapiemur⁶,
1419 850 1545 908 aut
1581 836 1917 912 absentes
1949 839 2407 931 vexabimur;
2438 843 2556 915 vel

317 925 339 951 ἱ
423 966 507 1024 ut
547 949 879 1022 consules
919 962 1128 1045 roget
1163 960 1447 1044 praetor,
1477 946 1593 1018 vel
1629 946 2059 1020 dictatorem
2094 949 2322 1040 dicat3
2367 977 2554 1050 quo-

424 1087 588 1134 rum
631 1075 976 1131 neutrum
1023 1059 1144 1154 jus
1198 1071 1326 1128 est.
1373 1057 1509 1128 Sed
1535 1069 1559 1114 7
1602 1059 1661 1130 si
1703 1059 1898 1132 Sulla
1949 1061 2189 1158 potuit
2232 1061 2558 1153 efficere,

423 1172 516 1246 ab
543 1178 898 1269 interrege
931 1185 1007 1241 ut
1035 1167 1344 1240 dictator
1375 1166 1757 1260 diceretur,
1788 1194 1918 1242 cur
1947 1169 2069 1244 hic
2102 1197 2253 1244 non
2287 1177 2561 1272 possit?

423 1285 620 1357 Nihil
649 1281 956 1381 expedio
970 1277 1026 1366 ⁸,
1065 1281 1205 1350 nisi
1242 1294 1324 1350 ut
1359 1295 1486 1350 aut
1521 1279 1612 1352 ab
1645 1279 1827 1370 hoc,
1862 1297 2233 1379 tamquam
2262 1286 2351 1375 Q.
2393 1289 2556 1356 Mu-

426 1398 616 1476 ciuS,
654 1407 779 1464 aut
814 1390 906 1462 ab
942 1389 1104 1478 illo,
1145 1403 1511 1486 tamquam
1557 1393 1637 1460 L.
1684 1392 1947 1490 Scipio,
1997 1397 2245 1484 Quum
2283 1408 2365 1465 tu
2408 1393 2562 1467 haec

425 1501 618 1600 leges
639 1556 658 1589 ,
697 1524 832 1597 ego
865 1497 1070 1569 illum
1105 1493 1404 1568 fortasse
1437 1521 1875 1568 convenero.
1912 1503 2151 1590 Τέτλσι,
2192 1505 2473 1597 κύντερον
2505 1511 2559 1572 ⁹.

427 1617 536 1684 Ne
571 1607 754 1681 illud
786 1607 1080 1706 quidem
1127 1620 1457 1676 nostrum
1502 1608 1905 1705 proprium.
1950 1614 2120 1681 Erat
2164 1611 2355 1681 enim
2399 1635 2563 1711 spes

427 1721 825 1822 propinqui
857 1715 1166 1802 reditus3
1195 1730 1347 1787 erat
1373 1713 1759 1788 hominum
1786 1718 2101 1816 querela.
2130 1725 2343 1794 Nunc
2368 1726 2563 1796 exire

430 1832 802 1930 cupimus;
834 1854 980 1927 qua
1012 1851 1138 1926 spe
1179 1825 1489 1915 reditus,
1528 1825 1706 1897 mihi
1735 1828 2028 1925 quidem
2063 1855 2457 1928 numquam
2488 1835 2565 1904 in

431 1945 751 2014 ment'em
815 1943 1026 2011 venit.
1079 1941 1243 2009 Non
1303 1935 1526 2008 modo
1581 1951 1823 2008 autem
1877 1939 2075 2008 nulla
2120 1941 2418 2036 querela
2462 1958 2572 2015 est

431 2050 978 2151 municipalium
1033 2048 1455 2134 hominum,
1501 2071 1587 2119 ac
1622 2049 2101 2136 rusticorum3
2148 2050 2275 2121 sed
2319 2067 2569 2124 contra

434 2174 884 2250 metuunt¹⁰,
945 2175 1030 2232 ut
1087 2157 1497 2244 crudelem,
1555 2157 1842 2229 iratum.
1904 2161 2057 2230 Nec
2102 2173 2341 2231 tamen
2392 2165 2569 2236 mihi

435 2273 830 2373 quidquam
879 2286 982 2344 est
1021 2269 1382 2358 miserius,
1420 2291 1637 2365 quam
1673 2269 2133 2357 remansisse3
2180 2295 2317 2343 nec
2360 2289 2566 2372 opta-

436 2386 621 2471 tius',
659 2408 880 2480 quam
919 2382 1241 2466 evolare,
1278 2404 1430 2449 non
1470 2392 1614 2449 tam
1653 2379 1739 2449 ad
1778 2378 1986 2465 belli,
2014 2406 2235 2478 quam
2266 2382 2355 2453 ad
2386 2382 2567 2483 fuga‘

435 2495 886 2565 societatem..
930 2490 1070 2561 Sed
1127 2504 1209 2559 tu
1273 2488 1519 2559 omnia
1578 2490 1877 2585 consilia
1938 2489 2325 2564 differebas
2376 2496 2449 2565 in
2494 2494 2569 2567 id

436 2618 768 2702 tempus,
812 2626 1044 2698 quum
1084 2603 1468 2681 sciremus,
1513 2623 1673 2696 quae
1717 2599 2078 2671 Brundisii
2118 2616 2274 2675 acta
2308 2620 2566 2677 essent.

438 2710 714 2786 Scimua
763 2735 1030 2809 nempe
1074 2739 1091 2780 :
1143 2708 1499 2778 haeremus
1558 2707 1789 2779 nihilo
1849 2713 2113 2781 minus.
2183 2713 2320 2782 Vix
2375 2716 2567 2785 enim

439 2849 652 2923 spero
697 2822 878 2894 mihi
931 2821 1129 2891 hunc
1175 2820 1458 2888 veniam
1505 2816 1839 2888 daturum
1866 2830 1921 2862 ¹¹
1957 2849 1973 2889 ε
2026 2822 2428 2917 etsiflmulta
2464 2822 2571 2897 af-

1550 3004 1735 3054 seilicet
1746 3007 1850 3072 lege
1868 3008 2040 3058 Clodia
2052 3010 2223 3074 puleue
2238 3011 2574 3076 indignissime

1552 3086 1795 3135 exsulasti.
1815 3087 1956 3149 Tibi,
1970 3088 2131 3151 inquit
2144 3123 2159 3147 ,
2182 3088 2307 3137 illud
2320 3101 2539 3139 nostrum
2558 3126 2574 3153 ,

1552 3167 1745 3227 Attice,
1771 3168 1964 3231 gravius
1984 3168 2175 3216 videtur
2196 3184 2209 3215 τ
2238 3169 2359 3217 mihi
2384 3182 2573 3219 conti-a.

1550 3247 1809 3311 Propriam
1822 3248 1950 3297 enim
1974 3264 2083 3296 non
2102 3259 2223 3303 erat,
2238 3248 2336 3297 hoc
2353 3261 2451 3307 eet,
2472 3266 2575 3299 non

1550 3326 1816 3387 ejusmodi,
1862 3339 1916 3375 nt
1956 3327 2085 3379 idem
2126 3344 2317 3393 semper
2358 3330 2575 3383 ,futurum

1550 3417 1702 3466 esset,
1746 3406 1881 3470 qnod
1924 3408 2099 3454 mutari
2138 3422 2243 3455 non
2286 3419 2467 3475 ponet.
2514 3410 2575 3458 Id

1553 3486 1681 3533 enim
1716 3484 1841 3533 valet
1858 3484 2131 3551 proprium.
2166 3485 2247 3535 Ad
2278 3486 2441 3535 locum
2470 3489 2575 3537 Ho-

1553 3564 1673 3611 meri
1706 3564 1767 3612 de
1802 3564 1980 3631 Ulysee
2006 3567 2234 3629 respexit.
2274 3568 2397 3629 Qnae
2430 3566 2577 3617 verba

1552 3646 1817 3706 Horatius,
1852 3645 2079 3709 Ulyssem
2112 3660 2223 3693 cnm
2269 3646 2449 3694 Tiresia
2500 3648 2580 3695 lo-

1555 3733 1781 3786 quentem
1832 3722 2093 3781 inducens,
2143 3724 2211 3770 ita
2247 3725 2393 3773 vertit
2413 3760 2429 3785 ,
2477 3729 2575 3775 Set.

511 3024 560 3071 5.
587 3026 842 3087 Augurum
867 3018 1128 3067 decretum.
1159 3020 1228 3067 Ut
1255 3028 1461 3079 augures

441 3104 704 3151 decernant
721 3134 738 3159 ,
799 3100 945 3147 licere
1007 3098 1208 3163 pretori
1266 3095 1460 3145 comitia

440 3182 711 3231 consularia
769 3179 946 3227 habere
962 3214 978 3239 ,
1032 3190 1116 3226 aut
1175 3176 1460 3225 dictatorem

441 3263 620 3313 dicere.
643 3264 740 3325 Ep.
773 3262 820 3307 8.
845 3260 994 3307 Mu«.

511 3342 560 3389 6.
597 3339 876 3403 Rapiemur.
911 3338 1118 3385 Romam
1141 3372 1158 3397 ‚
1198 3346 1253 3382 nt
1291 3349 1462 3397 angar,

441 3430 491 3468 et
513 3431 707 3469 senator
732 3418 784 3466 id
805 3418 1059 3466 decernam
1080 3432 1093 3465 ε
1121 3426 1207 3464 ant
1222 3450 1237 3474 ,
1262 3414 1306 3463 ei
1325 3429 1462 3461 recu-

441 3500 652 3549 sabimus
671 3500 741 3549 ire
757 3532 772 3559 ,
799 3498 1094 3547 vexabimur.
1117 3498 1267 3543 [nu.

517 3597 568 3641 7.
589 3579 699 3645 Sed.
724 3578 851 3639 Alii,
878 3578 958 3624 Ec.
985 3579 1035 3626 J.
1055 3576 1120 3623 V.
1149 3576 1203 3623 L.

516 3661 561 3708 8.
600 3658 736 3707 Nihil
759 3656 982 3723 expedio.
1009 3655 1316 3719 Cogitatione
1341 3650 1464 3699 nihil

443 3738 664 3803 explico,
688 3736 814 3785 nihil
839 3750 1070 3800 assequor
1095 3733 1188 3781 nini
1216 3732 1342 3789 hoe,
1363 3730 1466 3779 exi-

442 3830 544 3865 tum
581 3816 701 3865 mihi
742 3815 1024 3880 impendere
1058 3823 1140 3860 aut
1178 3814 1244 3875 Q.
1281 3810 1464 3867 Mucii,

444 3899 532 3962 qni
557 3908 630 3945 est
660 3914 688 3945 a
713 3896 876 3945 Mario
907 3894 1104 3957 juniore
1134 3892 1357 3949 occisum
1384 3900 1468 3937 ant

444 3980 502 4025 1..
528 3977 804 4039 Scipionis,
835 3990 980 4038 quem
1009 3971 1140 4023 Sulla
1165 3970 1468 4036 proscripsit.

517 4071 571 4116 9.
585 4053 768 4109 Τίτλοι,
785 4051 1016 4120 κύντερον.
1037 4050 1233 4116 Per-fir.-
1247 4050 1462 4117 gravius,

447 4134 620 4199 supple
647 4132 810 4182 culisti.
837 4133 1016 4198 Odyaa.
1046 4132 1140 4181 XX
1161 4168 1175 4191 ,
1200 4132 1278 4181 18.
1305 4133 1467 4193 Quum
1505 4181 1513 4189 ,

1555 3805 1636 3859 11,
1666 3798 1693 3850 5
1712 3838 1726 3861 ,
1757 3818 1823 3850 ao
1843 3816 1857 3851 ε
1887 3824 1911 3843 ‹-
1933 3805 2123 3851 Fon-tem
2144 3802 2239 3851 hoc
2256 3806 2470 3854 animum
2494 3818 2575 3855 to·

1554 3881 1705 3931 letare
1738 3880 1925 3941 jubebo
1962 3894 1975 3927 τ
2016 3882 2077 3930 Et
2116 3882 2364 3946 qnondam
2395 3886 2579 3946 maiora

1555 3960 1672 4011 tuli.
1692 3997 1705 4010 .
1728 3996 1741 4009 .
1754 3983 1778 4002 u»
1794 3961 1939 4007 Mau.

1637 4060 1713 4093 ιο.
1734 4042 1977 4091 ,nectemu-
1999 4042 2303 4107 Pompeium.

1638 4142 1655 4174 ι
1672 4141 1689 4171 1
1706 4161 1716 4171 .
1729 4120 1932 4169 Veniam
1944 4119 2190 4169 ductarum.
2210 4123 2581 4180 Concessum,
