3019 4681
672 342 1210 416 EPISTOLAE
1257 347 1399 418 AD
1447 349 1962 436 ATTICUlvt,
2013 353 2165 436 XI,
2223 349 2286 424 5.
2422 355 2549 426 18.ι

423 463 686 560 quaeris
709 461 761 554 ⁵,
825 467 1137 538 multum
1200 472 1539 555 interest,
1595 485 1840 544 utrum
1905 497 2024 544 me
2090 475 2421 548 homines
2482 482 2565 548 in-

423 573 702 671 oppido
760 576 1090 667 videant,
1145 603 1238 648 an
1300 581 1373 650 in
1424 580 1561 651 via.
1614 581 1759 653 sed
1810 595 2052 654 tamen
2096 583 2239 656 hoc
2282 588 2515 682 ipsum
2542 643 2563 674 ,

425 682 609 755 sicut
664 685 840 774 alia,
895 688 1412 778 considerabo,
1465 686 2088 788 quemadmodum
2131 695 2562 767 commodis-

425 791 603 866 sime
650 793 807 867 fieri
858 821 1070 894 posse
1112 799 1467 871 videatur.
1521 804 1679 898 Ego
1716 817 2021 901 propter
2060 805 2569 877 incredibilem

426 916 499 973 et
540 905 761 976 animi
804 922 877 978 et
914 911 1238 1006 corporis
1273 908 1677 982 molestiam
1720 911 2082 984 conficere
2113 913 2356 1012 plures
2399 914 2562 986 lite·-

423 1037 538 1084 ras
591 1039 738 1085 non
792 1019 1039 1113 potui3
1091 1020 1178 1094 iis
1235 1034 1517 1091 tanturn
1560 1023 1927 1118 rescripsi,
1974 1047 2017 1092 a
2054 1022 2323 1120 quibus
2364 1047 2565 1094 acce-

427 1143 696 1218 peram.
744 1130 852 1196 Tu
884 1126 1096 1199 velim
1137 1144 1212 1201 et
1241 1127 1523 1201 Basilo⁶
1532 1185 1549 1219 ‚
1586 1146 1659 1203 et
1688 1129 1960 1229 quibus
1992 1147 2335 1230 praeterea
2368 1133 2567 1204 vide-

423 1232 648 1324 bitur,
708 1238 922 1308 etiam
983 1240 1285 1311 Ser'vilio
1346 1241 1802 1329 conscribas,
1859 1255 1945 1313 ut
1984 1239 2130 1312 tibi
2181 1242 2568 1328 videbitur,

424 1367 591 1415 meo
635 1350 954 1419 nomine.
998 1349 1215 1440 Quod
1257 1365 1464 1422 tanto
1497 1351 1876 1424 intervallo
1918 1351 2101 1423 nihil
2144 1358 2445 1425 omnino
2483 1353 2578 1424 ad

423 1477 582 1541 vos3
617 1455 946 1553 profecto
981 1458 1318 1558 intelligis
1355 1485 1511 1532 rem
1543 1462 1723 1532 mihi
1760 1460 2039 1552 deesse,
2078 1461 2169 1534 de
2207 1489 2353 1562 qua
2390 1465 2585 1538 scri—.

424 1562 634 1656 bam,
689 1592 840 1638 non
907 1568 1374 1641 voluntatem.
1435 1571 1657 1661 Quod
1707 1570 1797 1643 de
1855 1574 2147 1643 Vatinio
2172 1584 2197 1628 ⁷
2256 1577 2563 1670 quaeris:

424 1699 668 1773 neque
719 1678 946 1766 illius,
1000 1703 1242 1776 neque
1295 1682 1723 1780 cujusquam
1775 1681 1956 1752 mihi
2004 1699 2351 1780 praeterea
2398 1681 2564 1754 offi-

401 1783 619 1855 -cium
658 1784 984 1875 deesset,
1030 1789 1088 1858 si
1138 1794 1459 1887 reperire
1498 1805 1839 1889 possent,
1879 1816 2025 1889 qua
2059 1793 2137 1862 in
2178 1817 2255 1863 re
2297 1818 2414 1864 me
2450 1794 2569 1889 ju-

426 1910 696 1967 varent.
740 1899 1056 1988 Quintus
1093 1897 1595 1980 aversissimo⁸
1636 1927 1673 1972 a
1712 1926 1829 1974 me
1863 1905 2107 1977 animo
2137 1907 2363 1976 Patris
2402 1902 2564 1980 fuit.

499 2177 546 2227 5.
563 2177 652 2225 Ad
663 2177 718 2226 id
733 2178 872 2243 quod
881 2179 1071 2246 μων-εἱς.
1085 2179 1160 2228 Ne
1177 2180 1240 2232 de
1255 2195 1451 2230 accessu
1538 2191 1644 2240 set„
1688 2192 1747 2231 ut
1785 2181 1963 2244 classe,
2004 2193 2185 2248 quauta
2227 2182 2435 2231 maxims
2460 2180 2571 2234 flet-2

423 2275 534 2308 meo
553 2260 617 2309 ed
635 2261 930 2310 Cessrisuos
952 2261 1211 2313 deferatur.
1245 2261 1390 2312 Μιιτ.
1536 2271 1732 2324 posset,
1757 2273 2030 2328 comparata
2046 2296 2061 2322 ,
2094 2262 2247 2311 Italiae
2268 2275 2565 2312 commestus

495 2342 545 2389 6.
584 2342 768 2391 Basilo.
805 2345 860 2391 L.
885 2344 1110 2391 Minucio
1134 2342 1326 2400 Basilo,
1361 2340 1448 2406 qui
1535 2342 1913 2403 intercluderet,
1942 2352 1991 2391 et
2018 2346 2254 2395 Caessrem
2280 2344 2405 2393 same
2439 2344 2567 2393 affli-

423 2435 538 2470 sun.
563 2423 660 2482 ¹708
695 2432 898 2486 prator,
935 2422 1050 2471 dein
1083 2436 1210 2469 unus
1243 2421 1304 2471 de
1330 2436 1448 2485 per-

426 2500 704 2549 cussoribus
728 2502 926 2551 Caessris
953 2503 1062 2551 fuit.
1089 2501 1214 2557 Dio,
1247 2502 1445 2559 XL1113

423 2578 638 2643 Appian.
663 2582 782 2629 Bell.
802 2582 910 2631 Civ.
937 2582 1041 2637 1113
1071 2582 1214 2627 Oros.
1233 2580 1308 2626 VI
1317 2614 1334 2640 ,
1359 2582 1442 2628 18.

423 2657 508 2706 Ad
529 2658 662 2707 hunc
689 2671 846 2709 exstat
870 2658 1070 2724 epistola
1097 2659 1347 2709 Ciceronis
1382 2658 1446 2707 sd

423 2739 538 2788 Div.
559 2742 657 2800 VI,
689 2738 772 2791 15.
792 2743 916 2789 Mox
932 2741 1146 2800 Servilio,
1165 2743 1221 2789 P.
1238 2738 1444 2787 Servilio

423 2819 667 2877 Isaurico,
699 2820 798 2869 hoc
818 2835 947 2869 anuo
981 2836 1094 2867 cum
1117 2822 1303 2870 Caesare
1321 2834 1440 2867 con-

423 2898 536 2947 suli.
554 2904 647 2949 Eu.

498 2994 549 3040 7.
569 2981 646 3027 De
669 2981 886 3030 Vatinio.
898 2982 1094 3031 Atticus
1113 2982 1237 3030 scire
1250 2981 1448 3031 volebat

423 3073 526 3121 quo
545 3060 709 3108 animo
732 3060 958 3109 Vatinius
994 3077 1106 3126 erga
1129 3060 1266 3109 illum
1293 3073 1415 3109 esset
1429 3096 1442 3120 ,

422 3136 676 3198 inim-ime
714 3156 777 3188 sn
811 3138 1034 3189 beneficii
1076 3157 1280 3190 memor.
1318 3142 1446 3190 Nam

423 3220 632 3283 primum
655 3236 768 3267 eum
790 3221 962 3270 Cicero
982 3234 1290 3287 oppugnant
1303 3259 1318 3285 ,
1357 3222 1445 3270 de-

423 3298 538 3345 inde
565 3298 860 3348 defenderat.
883 3300 1012 3349 Vide
1036 3302 1100 3349 sd
1126 3302 1241 3349 niv.
1265 3304 1321 3361 1,
1353 3318 1375 3349 1
1399 3312 1448 3349 et

423 3376 487 3434 V,
515 3394 563 3443 9.
590 3380 686 3427 En.
708 3406 778 3416 -
798 3379 1067 3428 Plurimum
1099 3382 1226 3429 enim
1254 3392 1450 3445 poterat

423 3456 554 3521 apud
583 3453 820 3507 Caesarem
845 3460 1080 3510 victorem
1107 3462 1361 3520 Vatinius,
1398 3470 1447 3508 et

422 3545 524 3583 erat
563 3536 843 3600 designatus
887 3554 995 3589 cos.
1043 3556 1156 3587 cum
1200 3541 1266 3602 Q.
1307 3538 1448 3589 Fufio

424 3614 626 3664 Caleno.
649 3618 842 3667 Portu.

493 3697 542 3744 8.
566 3696 894 3746 Aret-sissimo.
913 3698 1156 3760 Quoniam
1179 3696 1232 3745 in
1243 3714 1449 3763 sequeu-

421 3774 554 3823 tibus
579 3777 798 3840 epistolis
819 3778 880 3825 de
902 3777 1076 3839 Quinti
1109 3777 1376 3826 maledictis
1395 3779 1449 3825 in

421 3854 644 3904 Marcum
666 3858 858 3904 fratrem
881 3856 1091 3920 legetur,
1111 3858 1213 3919 ejus
1246 3858 1317 3905 rei
1335 3874 1450 3905 cau-

420 3950 524 3983 sum
551 3950 656 3982 nou
689 3934 751 3983 sb
789 3952 842 3983 re
869 3948 944 3985 est
965 3938 1062 3984 hoc
1087 3936 1200 3983 loco
1225 3936 1451 4000 pluribus

423 4014 680 4077 explicare.
705 4017 873 4079 Quum
898 4015 993 4065 Cn.
1020 4015 1278 4080 Pompeius
1295 4018 1452 4065 Brun-

426 4092 554 4146 disis
577 4094 828 4163 profectus
843 4128 860 4157 ,
889 4094 943 4143 in
965 4094 1203 4144 Graeciam
1224 4097 1452 4161 navigas·

1535 2433 1672 2485 geret
1686 2436 1699 2470 ε
1713 2423 1928 2472 incertus
1949 2424 2022 2473 M.
2046 2424 2217 2475 Cicero
2240 2423 2361 2487 quid
2378 2434 2569 2488 ageret,

1534 2502 1589 2548 in
1614 2502 1751 2549 Italis
1776 2502 2033 2563 resideret,
2067 2518 2130 2550 sn
2158 2504 2443 2567 Pompeiam
2482 2520 2562 2551 se-

1536 2591 1767 2643 queretur
1786 2616 1801 2640 ,
1836 2582 2151 2631 suadentibus
2194 2582 2445 2631 nonnullis
2462 2618 2477 2642 ,
2512 2592 2562 2631 et

1533 2661 1742 2709 maxime
1754 2661 1945 2724 Quinto
1958 2662 2102 2710 fintre
2113 2662 2265 2722 ,utsd
2274 2662 2565 2726 Pompeium

1533 2739 1649 2799 iret,
1672 2742 1838 2804 paruit
1852 2776 1867 2801 ,
1884 2752 1933 2790 et
1949 2743 2197 2807 profectus
2214 2753 2312 2804 est,
2330 2753 2389 2790 ut
2400 2754 2567 2789 osteu-

1532 2818 1607 2867 dit
1633 2820 1835 2883 epistola
1852 2836 1885 2885 9
1906 2821 2053 2883 hujus
2076 2822 2215 2881 libri,
2235 2837 2387 2885 quum
2404 2820 2557 2868 dicit:

1538 2897 1835 2959 -cessimus,
1871 2902 1949 2949 vel
1977 2902 2141 2965 potius
2158 2890 2327 2967 paruis
2345 2903 2420 2949 Ex
2448 2901 2562 2965 qui·
2642 2902 2647 2909 '

1536 2978 1629 3028 hus
1654 2996 1811 3039 unus,
1830 2996 1927 3044 qus
1957 2993 2117 3030 mente
2138 2983 2307 3042 fuerit,
2321 2982 2365 3029 is
2380 3014 2396 3039 ‚
2412 2994 2557 3043 quem

1538 3068 1595 3107 tu
1642 3060 1766 3107 mihi
1810 3062 2149 3120 commendas,
2196 3075 2458 3125 cognosces
2500 3074 2565 3107 ex

1533 3138 1689 3203 ipsius
1703 3138 1877 3197 literis,
1896 3156 2016 3202 quus
2032 3140 2096 3188 ud
2113 3151 2161 3187 te
2181 3150 2231 3187 et
2247 3140 2367 3186 elios
2386 3138 2559 3185 misit».

1536 3218 1777 3281 Loquitur
1802 3219 1934 3267 euim
1957 3219 2018 3266 de
2042 3220 2231 3282 Quinto
2240 3208 2412 3267 'fn-stre.
2440 3219 2562 3265 Pro·

1534 3296 1699 3362 fligsto
1726 3297 1902 3346 deinde
1926 3298 2186 3362 Pompeio,
2218 3314 2370 3362 quum
2393 3298 2449 3344 in
2467 3298 2563 3343 Ita-

1535 3376 1651 3424 liam
1684 3378 1757 3426 M.
1784 3378 1957 3426 Cicero
1996 3377 2243 3435 rediisset,
2268 3377 2452 3424 veritus
2486 3388 2561 3423 est

1536 3457 1751 3520 Quintus
1768 3492 1783 3517 ,
1804 3472 1869 3504 ne
1884 3456 2032 3506 frater
2043 3491 2059 3517 ,
2078 3471 2178 3520 quo
2197 3454 2383 3503 facilius
2408 3472 2435 3503 a
2455 3456 2564 3505 (⁸.ae-

1536 3552 1641 3585 sare
1664 3537 1855 3585 venium
1880 3538 2185 3601 impetraret,
2216 3550 2317 3583 sue
2332 3536 2396 3583 nd
2416 3538 2567 3584 Pom-

1536 3618 1701 3681 peium
1740 3616 2057 3679 profectionis
2090 3630 2279 3662 cansam
2309 3616 2362 3662 in
2398 3616 2559 3679 ipsum

1536 3694 1796 3744 conferret.
1840 3696 2009 3756 Itaque
2054 3695 2187 3759 turpi
2232 3704 2282 3743 et
2326 3694 2561 3743 scelerato

1536 3772 1791 3821 mendacio
1816 3771 2085 3832 confinxit,
2108 3772 2200 3821 sibi
2228 3776 2453 3823 Marcum
2470 3775 2567 3832 srq·

1537 3862 1661 3901 trem
1675 3862 1921 3899 auctorem
1932 3852 2093 3909 fuisse,
2119 3862 2176 3900 ut
2198 3853 2261 3902 sd
2276 3855 2563 3919 Pompeium

1539 3930 1944 3995 proficisceretur,
1960 3942 2008 3979 et
2018 3930 2315 3999 ubicumque
2334 3935 2450 3998 suit,
2466 3950 2571 3982 ms«

1537 4012 1716 4061 ledictn
1740 4011 1794 4058 in
1817 4002 2009 4061 fratrem
2046 4014 2267 4063 conferre
2294 4030 2397 4067 non
2416 4014 2573 4071 desti„

1540 4094 1619 4141 tit.
1642 4092 1787 4139 ΜΔΕ.
