3019 4681
417 390 560 486 670
735 387 1266 456 EPISTOLAE
1316 389 1506 457 CIC.
1560 383 1687 456 ET
1736 389 2082 473 BRUTI,
2136 409 2243 456 ιο.

415 512 768 586 habemus
805 509 898 582 ab
937 508 1311 582 occidente
1325 519 1382 596 9,
1417 523 1490 580 et
1532 513 1911 581 exercitus,
1956 513 2115 580 Hoc
2144 508 2555 581 adolescen-

418 627 510 696 tis
550 620 958 722 praesidium
1007 619 1346 716 equidem
1393 619 1635 691 adhuc
1680 618 1977 691 firmum
2032 643 2189 692 esse
2230 619 2558 710 confido;

417 732 544 805 sed
579 735 678 804 ita
707 730 920 806 multi
953 727 1414 816 labefactant,
1453 745 1571 818 ut,
1602 755 1697 800 ne
1730 745 2145 817 moveatur,
2192 729 2559 802 interdum

411 846 898 923 extimescam.
939 837 1177 910 Habes
1203 853 1442 911 totum
1463 840 1879 938 reipublicae
1906 856 2169 913 statum
2198 845 2366 938 3qui
2401 842 2560 937 qui-

412 954 579 1026 dem
616 968 772 1025 tum
811 963 1004 1036 erat,
1047 975 1278 1047 quum
1317 950 1445 1020 has
1485 950 1723 1022 literas
1762 950 2045 1022 dabam.
2086 951 2316 1022 Velim
2358 951 2556 1022 dein-

416 1089 589 1163 ceps
642 1063 942 1134 meliora
997 1062 1164 1130 sint.
1227 1065 1348 1131 Sin
1406 1062 1613 1133 aliter
1654 1059 1871 1132 suerit
1907 1062 2154 1160 (quod
2200 1061 2299 1132 dii
2344 1085 2561 1132 omen

417 1169 779 1246 avertant!
803 1170 865 1264 ),
891 1169 1309 1268 reipublicae
1337 1173 1570 1245 vicem
1608 1172 1912 1261 dolebo,
1950 1197 2111 1270 quae
2140 1171 2565 1242 immortalis

421 1309 576 1356 esse
621 1276 936 1354 debeb'at
972 1308 989 1351 :
1027 1280 1206 1350 mihi
1243 1281 1542 1379 quidem
1576 1283 2011 1381 quantulum
2032 1283 2295 1381 reliqui
2326 1280 2471 1354 est?

424 1453 562 1518 sequi
589 1452 743 1500 soleo.
761 1451 859 1498 nic
876 1462 1036 1498 tamen
1060 1459 1203 1498 teneo
1221 1468 1296 1498 me
1317 1453 1456 1516 paul-

427 1533 591 1598 lisper.
619 1532 745 1580 Nam
771 1531 892 1589 etsi,
915 1529 1185 1594 principia,
1215 1531 1380 1578 locum
1404 1532 1455 1580 in

423 1615 597 1662 eastris
615 1613 780 1670 fuisse,
803 1625 906 1658 non
927 1611 1105 1674 ignoro
1122 1627 1136 1658 ε
1159 1611 1278 1658 mihi
1293 1623 1456 1660 umen

427 1710 583 1754 nove,
610 1709 701 1740 nec
727 1693 840 1738 satis
866 1689 930 1737 ad
958 1689 1322 1754 exprimendam
1345 1707 1456 1738 sen-

425 1772 626 1822 tentiam
645 1767 1010 1817 accommodate
1036 1767 1221 1814 dictum
1243 1767 1455 1817 videtur.

429 1853 530 1902 Gur
560 1851 718 1908 enim,
748 1869 774 1890 ιι
795 1849 848 1894 in
887 1847 1144 1911 principiis
1179 1859 1457 1896 vestrorum

433 1941 702 1979 castrorum
717 1947 764 1987 n,
787 1927 953 1990 potius
969 1941 1139 1989 quam,
1171 1947 1194 1968 α
1209 1928 1261 1974 in
1287 1927 1460 1974 vestris

433 2007 639 2056 castris?
661 2029 684 2048 »a
715 2005 892 2068 quibus
927 2005 979 2051 in
1017 2005 1136 2052 totis
1172 2007 1333 2064 cei-te,
1363 2007 1460 2054 hoc

429 2099 536 2150 est,
566 2089 622 2136 iu
645 2088 876 2135 universo
911 2085 1054 2134 Bruti
1079 2087 1296 2135 exercitu
1311 2121 1326 2146 ,
1355 2101 1460 2134 non

893 2267 1263 2288 mm

1542 1453 1595 1502 in
1615 1437 1869 1520 principiis
1884 1489 1899 1512 ‚
1914 1454 2013 1503 hoc
2037 1465 2136 1514 est,
2158 1455 2213 1501 in
2232 1463 2366 1518 parte
2382 1452 2567 1516 aliqua,

1543 1549 1654 1598 spes
1681 1545 1783 1582 erat
1812 1534 1973 1598 posita
2004 1533 2254 1580 libertatis.
2290 1529 2565 1586 Proesidt'e's,

1544 1612 1623 1662 vel
1664 1629 1797 1660 unus
1832 1613 2065 1674 antiquus
2098 1611 2225 1660 liber
2262 1609 2304 1658 si
2340 1608 2570 1668 haberet,

1544 1690 1803 1756 probarem
1830 1690 1989 1738 multo
2021 1690 2199 1751 magis,
2236 1704 2409 1752 quam,
2430 1688 2573 1752 prin·-

1545 1769 1697 1834 cipiis.
1745 1771 1884 1818 Esset
1929 1780 2093 1834 aperta
2140 1767 2378 1815 sententia
2396 1801 2411 1825 ,
2451 1775 2575 1813 esset

1544 1849 1718 1897 usitata
1754 1843 1956 1897 locutio.
1994 1849 2213 1895 Mum-r.
2245 1873 2317 1884 -
2350 1847 2573 1894 Testatur

1548 1930 1806 1990 Gruterus,
1828 1927 1927 1990 legi
1936 1927 2187 1992 presidiis
2206 1928 2258 1973 in
2276 1925 2375 1974 Pal.
2394 1933 2445 1982 4.

1623 2025 1672 2071 9.
1702 2007 1974 2054 Occidente.
2018 2005 2076 2053 In
2101 2007 2357 2072 Hispanis,
2394 2003 2479 2051 ubi
2505 2004 2572 2050 D.

1546 2087 1728 2136 Brutus
1754 2098 1804 2134 et
1834 2088 1888 2133 L.
1910 2085 2132 2135 Plancus.
2208 2073 2213 2079 ⁵

1722 2263 2575 2288 mmmmm„

1099 2445 1701 2529 EPISTOLA
1766 2448 1919 2527 XI.

445 2629 672 2690 Veteris
712 2630 949 2688 Antistii
984 2630 1240 2687 animum
1285 2631 1347 2687 in
1393 2650 1579 2708 remp.
1622 2630 1823 2689 laudat
1843 2674 1860 2701 ,
1910 2645 1968 2690 et
2010 2632 2195 2711 ipsius
2243 2632 2577 2711 petitionem

527 2738 792 2804 praeturae
843 2738 910 2784 ut
945 2726 1220 2805 adjuvet,
1271 2726 1595 2804 ceterisque
1638 2726 1699 2785 in
1744 2726 1919 2787 rebus
1962 2748 2093 2787 eum
2136 2728 2581 2807 complectatur,

526 2838 710 2903 rogat.
751 2822 880 2903 (Ex
907 2823 1248 2885 Macedonia
1275 2868 1294 2895 ,
1325 2844 1478 2883 anno
1503 2828 1577 2885 U.
1602 2829 1667 2884 C.
1692 2844 1808 2898 710
1824 2870 1841 2898 ,
1862 2843 2057 2887 mense
2082 2827 2313 2905 aprili.)

1075 2992 1404 3058 BRUTUS
1452 2994 1859 3060 CICERONI
1904 2997 1967 3060 S.

550 3133 859 3199 Vss‘rems
893 3133 1215 3199 AN‘rusrn
1249 3129 1411 3200 talis
1453 3132 1739 3203 animus
1777 3147 1889 3205 est
1918 3133 1997 3203 in
2030 3132 2585 3231 rempublicam,

456 3255 538 3313 ut
575 3265 724 3311 non
786 3238 1110 3309 dubitem
1135 3294 1156 3327 ‚
1194 3240 1374 3335 quin
1423 3254 1496 3311 et
1544 3241 1621 3311 in
1680 3245 2012 3337 Caesare?
2044 3258 2115 3313 et
2157 3244 2477 3315 Antonio
2510 3264 2586 3313 se

537 3426 582 3458 1.
608 3410 668 3456 In
694 3408 901 3456 Caesare.
931 3408 1072 3467 Fuit,
1102 3422 1253 3471 quum
1279 3408 1478 3456 caesaria

461 3491 658 3539 nomine
675 3489 992 3537 Octavianum
1017 3487 1286 3551 acciperem
1307 3501 1321 3535 :
1346 3504 1480 3537 nune

459 3570 596 3615 aliter
611 3568 787 3616 sentio.
810 3567 936 3615 Nam
952 3582 1109 3629 neque
1131 3566 1190 3613 de
1212 3567 1481 3615 Octaviano

463 3646 750 3695 defendente
769 3681 782 3701 ‚
815 3660 973 3709 neque
1012 3644 1073 3692 de
1114 3645 1286 3693 eodem
1323 3662 1483 3710 oppu-

461 3738 640 3791 gnante
649 3726 806 3788 accipi
823 3735 1002 3789 potest.
1013 3722 1248 3773 Defensio
1262 3726 1484 3775 nondum

466 3807 569 3865 ejus
585 3806 681 3851 ulls
701 3806 854 3851 fuerat
869 3838 885 3863 ,
909 3818 1067 3867 mque
1087 3804 1182 3852 fuit
1200 3817 1314 3853 ense
1333 3805 1486 3852 Mati-

465 3898 662 3933 nensem
705 3896 916 3945 pugnam
956 3898 970 3930 ε
1015 3884 1322 3948 oppugnatio
1367 3886 1486 3933 item

467 3962 630 4021 nulls,
668 3962 760 4007 nisi
785 3970 899 4023 post
933 3963 1204 4009 Antonium
1233 3962 1298 4010 sd
1329 3965 1485 4012 Muti-

472 4057 580 4089 nam
604 4040 834 4103 fugatum.
847 4041 978 4103 Ergo
995 4040 1056 4087 de
1073 4042 1342 4091 Octaviano
1354 4078 1368 4101 ,
1383 4058 1486 4092 non

469 4133 540 4169 est
551 4154 566 4179 ,
581 4130 636 4167 ut
652 4118 898 4183 possimus
913 4118 1193 4181 intelligere.
1215 4124 1288 4171 De
1301 4122 1487 4171 Caessre

1569 3410 1807 3460 dictatore
1838 3412 2021 3459 dictum
2058 3413 2219 3476 potius
2245 3411 2457 3459 videtur.
2493 3410 2589 3459 Hic

1568 3491 1697 3539 enim
1748 3492 1935 3556 primus
1954 3524 1968 3551 ,
2016 3502 2131 3555 post
2174 3506 2287 3539 eum
2345 3490 2591 3539 Antonius

1570 3585 1727 3633 remp.
1748 3572 2067 3637 oppugnavit.
2092 3570 2244 3635 Quod
2264 3581 2427 3617 autem
2450 3568 2592 3616 infer-

1572 3658 1669 3707 tur,
1684 3671 1708 3689 ι
1718 3651 1759 3696 si
1773 3650 2020 3699 occasioni
2037 3651 2275 3714 potuisset
2290 3665 2540 3696 occurrere
2550 3672 2563 3689 ·
2576 3680 2593 3706 ‚

1572 3728 1627 3775 id
1648 3744 1751 3777 non
1780 3744 1839 3778 eo
1864 3732 2021 3779 refero
2037 3765 2052 3789 ,
2076 3742 2137 3779 ut
2162 3732 2267 3792 ejus
2284 3728 2425 3789 beni,
2457 3726 2593 3793 quod

1575 3806 1635 3857 C.
1664 3809 1825 3856 Cunu-
1858 3819 2027 3857 contra
2066 3824 2372 3857 communem
2403 3808 2594 3856 liberta·

1578 3898 1673 3934 tem
1705 3889 1883 3951 gessit,
1912 3888 2148 3937 brevitate
2174 3888 2425 3937 exclusum
2454 3886 2595 3935 Anti·

1576 3968 1719 4014 stium
1738 3982 1765 4015 a
1786 3968 2003 4015 novanda
2021 3969 2144 4031 reip.
2161 3982 2309 4032 opera
2327 3964 2595 4014 existimem

1578 4048 1718 4111 (non
1747 4048 1875 4094 enim
1902 4060 1983 4095 aut
2010 4047 2221 4105 laboris,
2257 4058 2341 4095 aut
2368 4046 2597 4111 temporis

1578 4140 1747 4188 parum
1772 4128 1822 4173 in
1848 4144 1907 4174 eo
1924 4128 2084 4177 Caesar
2110 4126 2451 4193 consumpsit)
2474 4140 2487 4175 :
2516 4140 2597 4172 ve-
