3019 4681
564 309 702 384 186
1213 313 1310 380 M.
1361 313 1439 380 T.
1494 311 2053 384 CICERONIS

557 434 902 531 scripsisti
941 431 1222 520 omnia,
1264 458 1427 530 quae
1466 433 1557 509 ad
1598 459 1718 506 me
1765 435 2130 532 pertinere
2172 433 2563 509 arbitratus
2602 460 2703 506 es·

555 551 853 618 Factum
905 545 1142 642 igitur,
1191 560 1275 614 ut
1327 543 1581 616 scribis
1602 599 1621 633 ,
1672 547 1823 617 istis
1867 544 2150 642 placere
2174 601 2193 630 ,
2240 546 2489 618 iisdem
2542 548 2707 618 istis

558 655 934 730 lictoribus
963 680 1078 726 me
1106 655 1250 741 uti3
1282 655 1481 751 quod
1514 680 1936 734 concessum
1966 658 2208 729 Sextio
2238 661 2367 744 sit3
2400 661 2513 730 cui
2542 682 2703 730 non

561 782 741 864 puto
781 791 952 838 suos
976 777 1005 808 ²
1047 790 1202 838 esse
1241 790 1657 854 concessos,
1690 765 1811 838 sed
1862 764 1954 840 ab
1998 768 2159 864 ipso
2194 765 2420 841 datos.
2458 765 2705 838 Audio

562 879 756 950 enim
780 933 801 966 ,
837 873 1038 950 eum3
1079 901 1163 948 ea
1201 876 1823 953 senatusconsulta
1864 876 2308 973 improbare,
2336 902 2495 973 quoe
2530 889 2707 974 post

560 986 954 1060 discessum
1008 986 1472 1060 tribunorum
1525 986 1711 1062 facta
1759 1002 1953 1061 sunt.
2000 991 2242 1078 Quare
2292 989 2597 1086 poterit,
2646 989 2701 1056 si

557 1098 758 1169 volet
827 1095 966 1168 sibi
1040 1112 1370 1170 constare
1397 1152 1417 1185 ‚
1491 1113 1781 1174 nostros
1842 1099 2131 1174 lictores
2198 1097 2704 1198 comprobare.

559 1211 1020 1304 Quamquam
1049 1205 1229 1304 quid
1256 1233 1391 1304 ego
1421 1207 1513 1281 de
1552 1207 1962 1293 lictoribuS,
1997 1209 2125 1305 qui
2153 1233 2357 1306 paene
2384 1233 2479 1279 ex
2501 1206 2735 1291 Italia·

564 1317 912 1390 decedere
935 1320 1071 1390 sim
1091 1319 1375 1412 jussus?
1403 1343 1571 1396 nam
1602 1318 1689 1392 ad
1722 1343 1837 1398 me
1866 1319 2059 1392 misit
2084 1321 2447 1391 Antonius
2472 1341 2707 1390 exem-

569 1428 772 1527 plum
803 1430 1092 1505 Caesaris
1126 1428 1217 1506 ad
1263 1455 1338 1502 se
1367 1430 1737 1505 literarum
1765 1485 1784 1517 ‚
1830 1430 1907 1502 in
1948 1429 2220 1527 quibus
2254 1443 2442 1510 erat,
2475 1453 2552 1499 se
2588 1451 2709 1498 au-

567 1538 860 1624 divisse,
899 1543 1246 1616 Catonem
1283 1555 1365 1616 ‚et
1399 1545 1478 1615 L.
1514 1540 1893 1630 Metellum
1930 1541 2005 1611 in
2043 1537 2375 1614 ltaliam⁴
2406 1539 2706 1624 venisse,

569 1657 814 1730 Romae
863 1667 946 1728 ut
995 1669 1235 1728 essent
1283 1654 1562 1752 palam3
1600 1652 1676 1724 id
1722 1653 1861 1726 sibi
1904 1677 2055 1724 non
2098 1651 2419 1749 placere,
2450 1676 2545 1721 ne
2582 1651 2707 1746 qui

573 1778 814 1834 motus
856 1789 945 1854 ex
982 1787 1072 1836 eo
1108 1761 1402 1851 fierent3
1446 1763 1970 1861 prohibet-ique
2010 1785 2265 1833 omnes
2308 1759 2543 1848 Italia,
2578 1759 2709 1830 nisi

643 2037 692 2069 u.
717 2024 852 2069 Suos.
882 2020 1178 2072 Consulibus
1203 2022 1257 2072 L.
1285 2020 1519 2077 Lentulo,
1546 2031 1595 2070 et

573 2101 630 2150 C.
658 2100 891 2148 Marcello
913 2136 926 2160 ‚
957 2117 1106 2164 quum
1135 2103 1200 2162 Q.
1225 2101 1418 2149 Cassius
1445 2110 1494 2148 et
1518 2101 1593 2148 M.

572 2180 818 2228 Antonius
858 2179 1044 2228 tribuni
1095 2178 1253 2243 plebis
1292 2181 1381 2229 SC.
1423 2191 1595 2230 contra

575 2259 776 2308 Cesaris
802 2257 1084 2322 dignitatem
1114 2257 1220 2306 fieri
1243 2257 1588 2323 prohibei-suu

571 2339 756 2387 factum
789 2349 860 2386 est
898 2355 988 2403 per
1019 2338 1222 2389 Caesaris
1250 2337 1503 2395 inimicos,
1540 2350 1599 2387 ιιι

575 2417 908 2468 intercedendi
936 2427 1173 2483 potestate
1193 2417 1400 2487 privati,
1423 2419 1484 2465 de
1513 2434 1597 2467 sua

573 2498 728 2547 salute
740 2499 952 2563 cogitare
971 2495 1050 2543 die
1069 2496 1278 2561 septimo
1293 2508 1598 2559 cogerentur.

573 2580 744 2641 Itaque
791 2575 852 2624 ιιι
901 2575 1165 2633 caesarem,
1217 2576 1304 2639 qui
1351 2578 1599 2628 Ravennae

574 2669 702 2717 erat,
725 2658 1064 2723 profugerunt.
1094 2658 1262 2705 Postea
1279 2668 1601 2707 senatuscon-

575 2736 703 2785 sulta
732 2753 841 2802 qnae
868 2737 1128 2799 Pompeius
1154 2735 1259 2784 vult
1275 2772 1290 2797 ,
1313 2746 1361 2784 et
1385 2748 1442 2785 ut
1468 2736 1603 2797 vult,

579 2815 731 2863 multa
767 2813 894 2863 fiunt
923 2815 1101 2876 injuste
1128 2832 1141 2863 :
1173 2830 1275 2862 non
1311 2817 1438 2863 enim
1474 2826 1604 2863 recte

577 2895 1048 2943 senatusconsultum
1072 2892 1178 2942 fieri
1219 2904 1380 2959 potest
1401 2930 1414 2953 ,
1451 2910 1605 2959 quum

578 2973 787 3023 trihunis
824 2972 980 3037 plebis
1020 2972 1354 3022 intercedendi
1389 2984 1606 3039 potestas

576 3064 742 3119 erepta
779 3064 867 3101 est.
911 3052 1008 3100 Sed
1037 3053 1299 3117 Pompeius
1343 3064 1509 3101 tamen
1545 3052 1605 3099 iia

579 3132 1008 3182 senatusconsultis
1043 3132 1258 3182 delectus
1286 3132 1460 3181 habuit
1474 3168 1490 3190 ,
1517 3149 1607 3196 pe-

580 3212 749 3260 cunias
766 3212 927 3274 exegit
942 3245 956 3270 ,
976 3212 1256 3275 provincias
1273 3228 1380 3259 cnm
1397 3211 1606 3275 imperio

577 3290 778 3351 tribuit,
795 3302 852 3338 ut
865 3291 1081 3354 Scipioni
1094 3324 1108 3347 ‚
1127 3292 1376 3349 Domitio,
1385 3291 1573 3338 Fannio
1588 3326 1604 3353 ‚

577 3370 767 3419 Sextio.
797 3366 962 3420 Caesar
1002 3380 1189 3430 autem,
1225 3369 1422 3417 devicto
1453 3373 1604 3417 Pom-

579 3452 693 3515 peio
709 3486 725 3511 ,
749 3466 806 3497 ea
831 3449 1248 3499 senatusconsulta
1276 3448 1576 3513 improbavit
1590 3484 1605 3510 ,

581 3546 690 3594 quae
741 3540 857 3599 post
903 3530 1066 3593 fugam
1122 3528 1431 3580 tribunorum
1480 3530 1607 3577 sacta

583 3620 722 3657 erant
735 3644 750 3667 ,
776 3609 914 3673 quod
931 3644 946 3669 ,
964 3610 1217 3657 tribunitia
1235 3618 1474 3673 potestate
1491 3609 1608 3656 sub-

581 3689 678 3737 lata
696 3722 711 3747 ,
739 3686 860 3735 nihil
885 3688 1102 3753 legibus,
1135 3688 1258 3736 nihil
1285 3703 1422 3736 more
1449 3690 1607 3750 majo·

585 3781 694 3813 rum
710 3798 725 3823 ,
740 3764 864 3812 nihil
877 3767 984 3827 jure
998 3778 1157 3815 actum
1173 3767 1437 3815 videretur.
1458 3768 1609 3830 Quod

586 3860 738 3909 quum
783 3844 850 3891 ita
898 3857 1021 3893 esset
1041 3880 1056 3904 ‚
1099 3844 1419 3910 sequebatur,
1464 3856 1523 3893 ιιι
1562 3856 1611 3893 et

586 3923 888 3989 provincias,
913 3936 965 3973 et
999 3924 1194 3975 lictores
1228 3926 1504 3979 amitterent
1544 3926 1607 3985 ii,

587 4004 674 4068 qui
695 4003 800 4051 haec
826 4020 852 4050 a
875 4015 1047 4051 senatu
1064 4015 1180 4068 post
1205 4005 1366 4068 fugam
1387 4004 1611 4053 tribuno-

592 4102 698 4133 rum
723 4084 1020 4135 habuissent.
1059 4083 1211 4147 Quod
1246 4086 1288 4131 si
1316 4085 1404 4148 qui
1437 4100 1502 4132 ex
1536 4085 1613 4132 his

1682 2030 1820 2067 erant
1839 2054 1853 2078 ‚
1888 2017 2067 2088 quibus
2113 2019 2275 2067 Caesar
2311 2017 2509 2066 lictores
2564 2017 2705 2092 relin-

1684 2115 1829 2162 quere
1848 2133 1863 2158 ,
1883 2109 1932 2149 et
1944 2099 2221 2148 institutum
2244 2109 2405 2146 tamen
2424 2096 2551 2145 illud
2570 2112 2707 2144 suum

1684 2177 1748 2225 de
1771 2176 2203 2228 senatusconsultis
2237 2175 2577 2241 improbandis
2602 2176 2708 2223 reti-

1684 2272 1799 2304 nere
1816 2255 1985 2320 vellet,
2002 2256 2094 2302 hac
2118 2255 2344 2304 utebatur
2362 2255 2438 2304 via
2457 2270 2470 2303 :
2488 2254 2706 2309 lictores,

1686 2353 1809 2400 quos
1840 2352 1869 2384 a
1903 2346 2073 2385 senatu
2102 2334 2399 2392 habuerant,
2437 2333 2709 2389 adimebat,

1684 2415 1807 2465 alios
1831 2415 2007 2465 deinde
2032 2416 2139 2481 ipse
2168 2415 2329 2463 dabat.
2357 2417 2431 2461 Ita
2458 2412 2606 2461 fiebat
2622 2448 2637 2473 ,
2660 2422 2713 2459 ut

1686 2507 1734 2543 et
1760 2496 1833 2543 illi
1852 2495 2109 2545 lictoribus
2134 2506 2416 2557 uterentur3
2438 2506 2486 2542 et
2505 2510 2560 2541 ea
2574 2527 2589 2552 ,
2606 2508 2714 2556 quae

1686 2587 1879 2625 senatus
1897 2586 2013 2639 post
2037 2576 2195 2641 fugam
2216 2574 2528 2623 tribunorum
2553 2570 2716 2619 decre·

1686 2667 1851 2718 verat,
1870 2672 1932 2705 ne
1945 2655 2179 2703 valerent.
2199 2658 2370 2719 Itaque
2386 2653 2507 2702 dicit
2522 2653 2715 2707 Cicero,

1693 2757 1720 2778 κ
1739 2734 1835 2785 Cui
1860 2750 1965 2783 non
2000 2746 2125 2800 puto
2152 2751 2267 2783 suos
2300 2749 2405 2781 esse
2430 2746 2714 2785 concessos,

1692 2815 1779 2863 sed
1804 2815 1866 2862 ab
1901 2815 2013 2878 ipso
2049 2813 2225 2862 datos:
2261 2812 2409 2861 audio
2446 2812 2577 2858 enim
2608 2825 2717 2857 eum

1693 2910 1748 2946 ea
1779 2894 1875 2945 SC.
1896 2892 2197 2956 improbare,
2219 2907 2356 2956 quae,
2372 2900 2505 2941 etc.»
2529 2890 2719 2939 Sextius

1693 2973 1824 3021 enim
1850 2982 1954 3019 erat
1968 2988 2030 3018 ex
2053 2972 2114 3019 iis
2146 2971 2234 3035 qui
2265 2971 2496 3029 lictores,
2530 2968 2585 3016 id
2617 2978 2718 3028 est,

1694 3051 1951 3116 imperium
1972 3051 2069 3099 illis
2094 3048 2525 3099 senatusconsultis
2536 3047 2718 3096 babue-

1692 3142 1781 3181 rat.
1808 3132 1869 3179 Et
1888 3131 2007 3179 dicit
2020 3165 2036 3191 ,
2062 3146 2175 3178 suos
2194 3147 2213 3177 .·
2232 3146 2359 3193 quos
2382 3127 2617 3176 babuerat
2637 3142 2721 3175 an·

1694 3224 1804 3262 tea:
1837 3211 1913 3258 Ab
1942 3209 2045 3273 ipso
2073 3210 2252 3270 datos,
2277 3225 2304 3256 a
2333 3208 2537 3257 Coessre.
2567 3206 2720 3271 Supra

1694 3302 1888 3349 sutem,
1910 3288 2093 3337 Iisdem
2128 3288 2256 3346 istis,
2285 3288 2339 3335 id
2374 3297 2473 3346 est,
2502 3286 2567 3334 iis
2598 3302 2720 3349 quos

1695 3386 1827 3417 nunc
1862 3366 2043 3417 habeo.
2064 3366 2201 3417 'Nou
2237 3367 2369 3415 enim
2408 3382 2473 3413 ex
2515 3366 2582 3412 iis
2624 3375 2722 3412 ent

1692 3448 1866 3499 Cicero
1880 3482 1895 3505 ,
1930 3448 2017 3510 qui
2058 3447 2257 3497 lictores
2298 3444 2577 3495 habuerant
2612 3456 2721 3509 post

1693 3528 1858 3591 fugam
1878 3526 2223 3580 tribunorum:
2248 3524 2335 3577 sed
2358 3540 2442 3573 eos
2464 3534 2579 3572 ante
2603 3523 2721 3572 illud

1693 3617 1885 3670 tempus
1906 3603 2141 3653 habuerat
2156 3638 2170 3661 ,
2194 3620 2349 3669 quum
2372 3603 2595 3653 Ciliciam
2613 3619 2723 3668 pro·

1694 3686 1906 3734 vinciam
1924 3700 2025 3733 non
2047 3703 2073 3733 s
2092 3696 2263 3732 senatu
2281 3682 2459 3741 solum,
2474 3681 2564 3731 sed
2582 3684 2719 3730 etiam

1695 3781 1723 3815 a
1748 3766 1937 3831 populo
1960 3765 2169 3828 accepit.
2198 3764 2338 3811 Mur.

1770 3846 1817 3892 3.
1842 3846 1987 3891 Eum.
2013 3845 2272 3893 Caesarem.

1771 3930 1821 3977 Ι..
1866 3926 1925 3971 In
1956 3922 2163 3973 Italiam
2186 3920 2394 3969 ventsse.
2440 3920 2514 3967 De
2542 3918 2723 3968 catone

1700 4002 1891 4061 falsum,
1916 4019 2027 4050 nam
2048 4004 2100 4050 in
2120 4002 2335 4051 Africam
2354 4000 2528 4048 iverat.
2550 4001 2608 4048 1..
2626 4002 2725 4046 He·

1698 4082 1865 4131 cellam
1886 4083 2139 4131 tribunum
2156 4081 2226 4146 pl.
2250 4079 2313 4129 de
2328 4094 2434 4145 quo
2450 4082 2530 4141 Χ,
2560 4086 2611 4135 4.
2632 4078 2717 4127 En-
