3019 4681
576 390 709 462 160
1192 395 1291 461 M.
1344 394 1420 458 T.
1474 390 2038 465 CICERONIS

570 537 750 586 num
791 510 1010 610 diligo
1032 522 1113 581 ¹⁰.
1168 512 1497 584 Vestorio
1545 511 1824 584 reddidi
1845 523 1934 582 ¹¹.
1973 513 2262 585 Servius
2297 514 2531 610 pridie
2567 541 2704 587 no-

567 647 695 694 nas
739 623 908 694 maii
956 622 1345 694 Minturnis
1388 625 1734 694 mansisse
1784 622 2078 712 dicitur,
2121 623 2338 696 hodie
2365 627 2444 695 in
2475 627 2704 698 Liter-

517 801 521 804 ,
563 735 739 805 nino
764 741 828 786 ¹2
876 756 1257 803 mansurus
1284 731 1492 830 ,apud
1523 737 1600 805 C.
1637 732 2078 804 Marcellum.
2115 737 2288 804 Cras
2315 735 2533 832 igitur
2561 759 2702 806 nos

562 859 842 914 mature
896 840 1216 929 videbit,
1277 842 1604 940 mihique
1665 841 1866 916 dabit
1917 857 2428 940 argumentum
2483 844 2573 915 ad
2631 825 2728 915 te.

566 953 904 1048 epistolae.
945 957 1099 1022 Jam
1128 954 1322 1022 enim
1353 977 1505 1022 non
1533 950 1819 1047 reperio
1839 1005 1868 1040 ,Α
1887 950 2086 1048 quod
2110 949 2174 995 ¹³
2206 951 2340 1024 tibi
2367 953 2700 1024 scribam.

565 1059 754 1132 Illud
790 1059 1129 1151 admiror,
1172 1060 1373 1160 quod
1405 1061 1762 1132 Antonius
1790 1061 1881 1132 ad
1911 1085 2025 1154 me
2054 1085 2147 1132 ne
2175 1064 2518 1133 nuntium
2543 1063 2702 1159 qui-

567 1170 773 1256 dem,
813 1193 1041 1267 quum
1082 1169 1477 1268 praesertim
1520 1195 1636 1241 me
1664 1171 1869 1246 valde
1897 1171 2316 1244 observarit.
2347 1171 2705 1266 Videlicet

568 1278 841 1377 aliquid
863 1278 929 1334 ¹4
958 1283 1268 1351 atrocius
1296 1279 1386 1351 de
1417 1305 1536 1351 me
1566 1282 1998 1380 imperatum
2029 1296 2137 1354 est
2166 1279 2224 1326 ¹⁵
2253 1308 2270 1351 :
2301 1307 2546 1354 coram
2571 1306 2702 1352 ne-

566 1417 733 1489 gare
778 1388 956 1460 mihi
1000 1416 1150 1461 nou
1194 1391 1373 1462 vult.
1426 1389 1648 1481 Quod
1687 1393 1824 1490 ego
1867 1415 2006 1462 nec
2045 1407 2427 1489 rogaturus
2467 1415 2702 1477 eram3

564 1525 742 1589 nee,
772 1502 833 1571 si
869 1504 1401 1599 impetrassem,
1444 1500 1873 1574 crediturus.
1939 1505 2090 1574 Nos
2145 1516 2384 1574 tamen
2432 1501 2704 1600 aliquid

484 1651 491 1656 ·
566 1609 1153 1709 excogitabimus.
1198 1615 1343 1700 Tu,
1383 1635 1627 1708 quaeso
1649 1667 1668 1700 ,
1701 1613 1760 1684 si
1799 1611 1991 1710 quid*
2013 1616 2088 1683 in
2127 1615 2525 1709 Hispaniis:
2558 1616 2704 1710 jam

568 1726 760 1793 enim
814 1725 1085 1819 poterit
1124 1720 1390 1809 audiri3
1441 1735 1514 1791 et
1558 1724 1810 1793 omries
1845 1723 1944 1792 ita
1980 1734 2403 1818 exspectant
2419 1763 2445 1808 ,·
2481 1735 2606 1808 ut,
2645 1722 2703 1790 si

570 1846 761 1904 recte
798 1829 1017 1903 fuerit
1036 1886 1056 1919 ,
1092 1830 1273 1901 nihil
1312 1833 1590 1928 negotii
1613 1829 1943 1903 futurum
1971 1845 2252 1930 putent.
2281 1835 2434 1928 Ego
2463 1844 2706 1902 autem

567 1967 733 2030 nec,
754 1944 1053 2014 retentis
1082 1941 1226 2030 his,
1254 1939 1658 2013 confectam
1681 1967 1838 2012 rem
1861 1956 2078 2041 puto;
2103 1965 2343 2039 neque
2361 1996 2381 2030 ,
2407 1942 2703 2027 amissiS,
2759 2009 2770 2034 ,

567 2051 1035 2150 desperatam.
1092 2053 1343 2132 Silium
1379 2068 1450 2124 et
1491 2053 1850 2143 Ocellam,
1889 2069 1961 2126 et
2011 2067 2290 2126 ceteros
2323 2051 2546 2124 credo
2593 2077 2705 2123 re-

566 2161 1087 2234 tardatos¹⁶.Te
1120 2187 1415 2258 quoque
1452 2186 1492 2233 a
1521 2165 1772 2235 Curtio
1795 2175 1852 2220 ¹⁷
1889 2162 2224 2263 impediri
2251 2163 2490 2236 video.
2523 2164 2702 2250 Etsi,

572 2281 656 2338 ut
695 2271 981 2367 opinor,
1020 2265 1245 2337 habes
1278 2272 1511 2347 κέλητα
1549 2269 1760 2343 ἄοκνον
1783 2267 1867 2340 ¹3.

644 2432 724 2466 10.
762 2414 945 2479 Diligo.
980 2416 1093 2462 Hoc
1130 2426 1203 2463 est
1216 2449 1231 2474 ‚
1266 2418 1512 2466 Vecteuus
1537 2435 1587 2467 se
1675 2422 1846 2471 Attico
1871 2421 2127 2485 pecuniam
2146 2434 2252 2468 nou
2269 2419 2495 2468 solveret.
2519 2418 2710 2483 Cogita-

564 2510 795 2559 suamque
806 2493 928 2542 mihi
942 2509 1141 2559 operam
1154 2495 1394 2559 probavit.
1406 2499 1584 2547 Mouo.

587 2618 593 2625 .
642 2591 723 2625 11.
759 2574 986 2623 Reddidi.
1023 2574 1205 2623 Litem
1248 2592 1272 2623 a
1312 2587 1361 2625 te
1396 2577 1584 2627 missae.

564 2658 715 2705 Mur.
742 2682 811 2693 --
832 2657 1086 2705 Nummos.
1113 2656 1278 2705 Con.
1348 2668 1354 2688 ¹

643 2752 722 2785 ια.
755 2734 1009 2783 Liternino.
1032 2738 1167 2783 Inter
1187 2736 1365 2785 Cumas
1380 2747 1431 2785 et
1454 2735 1588 2784 Min-

568 2830 733 2883 turqas
748 2816 801 2863 iu
818 2830 903 2863 ora
922 2803 1090 2875 marin
1107 2832 1293 2864 secessu
1310 2816 1588 2865 voluntario

567 2895 809 2961 Scipionis
816 2894 1033 2958 iun-icant
1043 2894 1182 2942 locun
1193 2907 1266 2944 est
1280 2894 1481 2943 celeber.
1492 2897 1587 2943 En.

641 2976 722 3021 13.
748 2973 831 3023 Al.
855 2972 985 3036 quid.
1011 2975 1061 3022 J.
1080 2975 1145 3021 V.
1173 2976 1232 3023 L.

639 3064 719 3110 14.
747 3054 828 3104 Al.
848 3064 938 3100 aue
958 3053 1023 3101 al.
1049 3054 1100 3101 J.
1118 3055 1183 3101 V.
1208 3055 1265 3103 L.

640 3151 662 3181 1
674 3136 718 3183 5.
736 3136 1046 3196 [mperatum.
1068 3132 1242 3191 Miror,
1261 3132 1424 3195 inquit
1439 3166 1454 3191 ‚
1478 3132 1592 3181 nul-

564 3214 667 3262 lum
684 3214 910 3261 nuntium
928 3212 990 3259 nd
1008 3226 1086 3258 me
1106 3211 1235 3259 mitti
1254 3211 1315 3258 ab
1335 3212 1585 3273 Antonio,

567 3295 653 3359 qui
681 3310 758 3341 me
794 3301 935 3340 autea
967 3291 1174 3338 colebat.
1208 3290 1309 3343 Sed
1334 3291 1435 3350 jam
1469 3290 1591 3337 mihi

566 3372 760 3422 subolet
781 3372 925 3431 hujus
953 3370 1026 3417 rei
1052 3384 1210 3417 causa.
1247 3369 1491 3416 Nimirum
1517 3368 1590 3415 illi

566 3456 851 3518 imperatum
874 3460 947 3498 est
968 3466 994 3497 a
1012 3451 1220 3507 Caesare,
1246 3464 1306 3496 ne
1323 3465 1401 3496 me
1420 3448 1588 3498 dimit-

566 3543 636 3580 tat
650 3566 666 3591 ‚
688 3530 773 3578 ned
792 3530 841 3575 vi
860 3530 1080 3576 retineat.
1102 3528 1229 3575 Mihi
1250 3542 1368 3575 vero
1388 3528 1594 3576 faculta-

568 3622 663 3658 tem
680 3606 963 3656 discedendi
979 3607 1079 3671 peti
1084 3618 1195 3654 turo
1205 3622 1309 3653 uon
1318 3604 1419 3653 vult
1429 3622 1593 3654 coram

569 3705 741 3752 negare
764 3697 965 3751 propter
986 3686 1244 3735 amicitiam
1258 3720 1272 3745 ,
1298 3700 1441 3750 quam
1468 3702 1592 3735 sem-

568 3784 657 3833 per
675 3782 777 3830 proe
794 3781 845 3812 se
864 3766 991 3813 tulit.
1011 3767 1186 3813 (ἴων.

646 3848 725 3894 16.
756 3846 820 3892 Et
868 3856 1048 3893 ceter-os
1104 3844 1251 3892 credo
1300 3844 1592 3893 retardatos.

571 3925 853 3977 Caesarianis
890 3940 1066 3991 nempe
1090 3922 1325 3971 custodiis
1340 3959 1355 3979 ,
1393 3940 1457 3971 ne
1496 3924 1596 3971 din-

572 4004 743 4053 eedere
789 4002 1047 4066 quisquam
1096 4012 1267 4065 posset
1320 4020 1383 4050 ex
1436 4002 1592 4051 Italia.

573 4084 787 4132 Mum-r.

647 4180 667 4211 1
680 4180 704 4225 7
718 4198 731 4211 .
758 4164 800 4210 A
817 4160 994 4209 Curtio.
1011 4162 1221 4225 Opinor,
1252 4162 1363 4223 quie
1378 4160 1592 4210 debitum

1676 2501 1764 2549 bat
1782 2511 1942 2549 autem
1965 2503 2156 2548 Atticus
2179 2501 2230 2547 in
2249 2500 2471 2564 Epirum.
2493 2502 2648 2547 Inna.

1752 2582 1834 2629 18.
1865 2578 2058 2632 Κέλητοι
2085 2577 2265 2628 ἄοκνον.
2297 2578 2541 2628 Ver-edum
2559 2576 2702 2640 impi-

1668 2674 1838 2723 gmm,
1875 2658 2058 2721 quique
2107 2658 2337 2706 ocissimo
2365 2673 2512 2705 cursu
2543 2670 2702 2703 sesso-

1673 2753 1774 2783 rem
1786 2738 1908 2784 ferat
1919 2769 1932 2792 ‚
1951 2736 2117 2800 quales
2132 2747 2269 2784 eraut
2283 2736 2394 2799 equi
2408 2734 2482 2782 illi
2499 2732 2702 2797 publici,

1674 2830 1885 2880 quorum
1905 2832 2022 2863 usus
2042 2815 2162 2863 olim
2181 2831 2284 2863 non
2307 2813 2502 2879 patebat
2523 2814 2625 2860 nini
2649 2828 2708 2860 α

1675 2894 2042 2959 diplomatibus.
2054 2896 2162 2957 Qun
2179 2894 2240 2943 de
2253 2908 2392 2942 causa
2403 2908 2556 2955 quum
2570 2892 2704 2941 Cice·

1605 2998 1614 3005 ·
1675 2992 1733 3023 ro
1761 2974 2055 3039 significaret
2079 2976 2299 3025 Atticum
2327 2972 2545 3039 diploma
2583 2972 2710 3020 obti-

1675 3055 1854 3115 nuisse,
1867 3070 1966 3119 quo
1981 3055 2076 3119 ipsi
2087 3055 2254 3102 liceret
2267 3068 2412 3101 cursu
2423 3051 2632 3115 publico
2649 3066 2708 3098 ex

1667 3134 1815 3183 helia
1832 3135 1990 3197 exire,
2007 3132 2179 3181 scribit
2198 3149 2310 3181 eum
2327 3132 2507 3180 habere
2527 3131 2706 3183 κέλητα

1680 3211 1860 3263 ἄοκνον.
1877 3216 2022 3261 Hunc
2036 3212 2167 3259 enim
2180 3211 2344 3259 locum
2361 3210 2422 3258 de
2441 3211 2706 3275 diplomate

1677 3290 2050 3356 intelligendum
2066 3305 2168 3338 esse
2181 3290 2428 3338 declarant
2441 3290 2550 3339 hoee
2565 3288 2708 3338 verba

1678 3388 1739 3419 ex
1765 3370 1972 3435 epistola
1997 3368 2267 3434 penultima
2289 3369 2438 3430 hujus
2464 3368 2582 3417 libri
2601 3404 2616 3429 ,
2650 3369 2711 3417 de

1678 3449 1946 3515 diplomate
1980 3447 2262 3496 admiraris.
2287 3450 2488 3497 Bosme.
2513 3476 2589 3485 —-
2615 3448 2710 3496 Sed

1678 3540 1752 3577 eet
1767 3530 1816 3575 in
1836 3527 2034 3591 optimis
2049 3526 2187 3574 libris
2203 3526 2448 3575 veteribus
2465 3526 2710 3586 ἐκιτέονον,

1679 3608 1814 3671 quod
1858 3606 1921 3654 ad
1965 3622 2129 3654 veram
2172 3606 2437 3654 lectionem
2482 3608 2710 3671 proxime

1679 3688 1890 3749 accedit3
1911 3681 1960 3737 αὖ
1983 3686 2102 3736 ἰτέον
2124 3686 2192 3747 ὄν,
2211 3687 2264 3735 id
2283 3698 2355 3735 eet
2367 3722 2381 3746 ‚
2394 3686 2459 3734 nd
2477 3687 2707 3747 verbum,

1683 3788 1708 3809 κ
1725 3768 1854 3815 Bene
1871 3766 2086 3815 eundum
2111 3766 2311 3830 aliquod
2331 3788 2356 3807 ιο
2372 3800 2388 3826 ,
2410 3782 2512 3829 quo
2535 3766 2712 3831 Diplo·

1681 3848 1760 3893 me
1777 3848 1892 3892 ntis
1912 3857 2078 3910 aperte
2099 3842 2418 3909 significatur.
2441 3846 2710 3895 Porum.—

1681 3924 1980 3986 Mongaltius
2003 3934 2146 3988 putat
2165 3940 2317 3987 equos
2329 3923 2560 3987 publicos
2581 3940 2706 3971 nou·

1684 4002 1799 4049 dum
1821 4002 2087 4067 dispositos
2112 4020 2202 4068 per
2223 4004 2350 4051 vices
2375 4002 2526 4050 fuisse
2541 4039 2558 4061 ‚
2583 4013 2632 4050 et
2655 4002 2704 4049 id

1687 4082 1878 4130 demum
1887 4083 1949 4131 ab
1957 4082 2330 4147 imperatoribus
2338 4080 2708 4145 fectum.thui·

1689 4162 1798 4210 dem
1815 4174 1945 4212 recte
1965 4162 2198 4229 intelligit
2219 4162 2279 4211 de
2305 4172 2595 4211 comme-tu.
2615 4162 2707 4209 En.
