3019 4681
536 143 567 154 ν·

432 343 569 428 184
1063 347 1160 413 Μ.
1212 347 1290 413 Τ.
1344 345 1918 416 CICERONIS

427 467 592 563 pius
623 464 1075 552 accederem,
1110 480 1193 534 ut
1236 464 1372 536 hac
1412 464 1502 536 de
1545 491 1626 537 re
1671 465 2232 537 considerarent.
2276 465 2558 554 Crede,

426 575 583 648 fore
616 589 945 646 auctores
983 575 1114 671 (sic
1142 579 1339 646 enim
1378 577 1810 674 recipiunt),
1840 577 2098 647 Caesari
2141 601 2288 648 non
2333 577 2558 648 modo

428 686 519 758 de
570 684 1100 774 conservanda,
1156 686 1283 757 sed
1338 688 1554 757 etiam
1614 685 1704 757 de
1754 683 2081 784 augenda
2121 710 2282 755 mea
2320 685 2557 784 digni-

424 810 571 868 tate
592 793 655 839 ¹³
699 821 887 867 curae
923 793 1122 868 fore:
1159 821 1423 894 meque
1451 795 1864 882 hortantur,
1903 811 1989 866 ut
2025 820 2289 893 magno
2316 797 2561 867 animo

426 907 604 994 sim;
642 921 725 977 ut
757 907 1001 977 omnia
1036 929 1315 977 summa
1358 930 1689 1004 sperem:
1735 932 1821 978 ea
1855 906 2252 1006 spondent,
2291 904 2560 977 confir-

426 1030 667 1104 mant,
710 1015 1221 1112 quae·quidem
1272 1017 1449 1087 mihi
1495 1015 1978 1114 exploratiora
2021 1030 2295 1102 essent,
2347 1017 2406 1087 si
2452 1041 2563 1087 re·

428 1127 872 1197 mansissem.
918 1125 1059 1197 Sed
1094 1129 1343 1223 ingero
1375 1128 1750 1225 praeterita.
1792 1126 2014 1208 Vide,
2044 1139 2317 1224 quaese,
2347 1127 2566 1222 igitur

426 1259 551 1319 ea,
600 1259 762 1332 quae
805 1249 1117 1323 restant,
1169 1251 1243 1307 et
1278 1237 1575 1335 explora
1615 1261 1784 1309 cum
1832 1238 2024 1325 istis;
2073 1252 2149 1308 et
2181 1237 2242 1306 si
2276 1235 2568 1334 putabis

424 1369 613 1442 opus
646 1370 839 1435 esse,
888 1360 960 1416 et
992 1350 1053 1417 si
1094 1347 1245 1418 istis
1286 1345 1642 1445 placebit,
1679 1372 1830 1446 quo
1867 1349 2094 1443 magis
2131 1344 2396 1416 factum
2427 1371 2564 1416 no·

427 1470 661 1526 strum
708 1461 943 1530 Caesar
994 1457 1294 1557 probet,
1340 1461 1546 1556 quasi
1582 1459 1675 1531 de
1717 1483 2039 1530 suorum·
2068 1460 2427 1529 sententia
2464 1454 2568 1527 fa-

428 1579 664 1654 ctum,
699 1566 1187 1639 adhibeantur
1228 1568 1746 1655 Treboniusu,
1777 1574 2001 1640 Pansa
2023 1564 2111 1655 ¹⁵,
2149 1569 2209 1639 si
2249 1571 2378 1664 qui
2414 1567 2572 1654 alii;

428 1674 896 1774 scribamque
934 1679 1025 1750 ad
1071 1683 1417 1751 Caesarem
1445 1734 1464 1768 ,
1508 1704 1660 1768 me,
1700 1678 2063 1777 quidquid
2104 1677 2433 1766 fecerim,
2477 1675 2570 1748 de

430 1811 557 1858 sua
600 1788 956 1860 sententia
988 1787 1256 1861 fecisse.
1295 1789 1540 1860 Tulliae
1580 1811 1756 1860 meae
1797 1787 2099 1861 morbus
2140 1802 2212 1859 et
2249 1784 2568 1858 imbecil-

428 1895 590 1968 litas
636 1899 962 1996 corporis
1010 1924 1129 1971 me
1168 1903 1568 1989 exanimat,
1605 1924 1826 1996 quam
1877 1898 2012 1970 tibi
2054 1896 2380 1995 intelligo
2417 1921 2570 1968 ma-

426 2031 584 2105 gnae
629 2034 816 2081 curae
850 2035 1042 2097 esse3
1077 2009 1278 2108 quod
1323 2025 1430 2082 est
1458 2010 1640 2081 mihi
1673 2011 2175 2106 gratissimum.
2211 2012 2321 2079 De
2357 2013 2574 2079 Pom-

429 2119 576 2215 peii
614 2118 898 2190 exitu¹⁶
928 2121 1107 2191 mihi
1134 2119 1445 2192 dubium
1482 2145 1885 2218 numquam
1919 2119 2077 2191 fuit.
2115 2122 2342 2189 Tanta
2377 2119 2574 2190 enim

432 2225 841 2323 desperatio
875 2254 1119 2300 rerum
1163 2231 1317 2326 ejus
1364 2232 1693 2302 omnium
1728 2254 1984 2332 regum
2025 2245 2100 2300 et
2127 2229 2574 2334 populorum

434 2339 716 2409 animos
745 2356 1169 2439 occuparat,
1208 2357 1325 2430 ut,
1362 2367 1835 2440 quocumque
1875 2342 2220 2429 venisset,
2259 2339 2404 2410 hoc
2436 2362 2575 2435 pu·

437 2461 668 2529 tarem
698 2447 1047 2522 futurum.
1088 2455 1257 2523 Non
1299 2476 1598 2551 possum
1639 2454 1796 2549 ejus
1826 2476 2071 2525 casum
2114 2476 2270 2522 non
2308 2448 2577 2521 dolere.

439 2560 825 2631 Hominem
864 2564 1058 2631 enim
1098 2562 1503 2661 integrum,
1548 2578 1621 2634 et
1659 2578 1973 2652 castum,
2027 2577 2100 2634 et
2144 2584 2432 2659 gravem
2462 2584 2582 2631 co-

442 2674 770 2768 gnovi17.
814 2674 924 2744 De
960 2676 1013 2742 F
1015 2668 1319 2746 anni018
1358 2674 1694 2749 consoler
1735 2676 1846 2749 te?
1883 2672 2286 2773 perniciosa
2332 2670 2582 2769 loque-

444 2862 517 2901 est
534 2888 550 2912 ,
570 2852 633 2903 ab
652 2854 728 2901 hia
754 2854 795 2903 si
816 2870 983 2920 posses
1008 2857 1297 2923 impetrare,
1321 2874 1469 2923 cupe-
1556 2860 1660 2916 111,
1696 2874 1745 2906 c.
1793 2854 1929 2921 104)
1947 2890 1964 2917 ,
1999 2855 2137 2919 quod
2171 2854 2448 2903 nuntiatum
2481 2860 2554 2900 eet
2570 2886 2585 2912 ,

444 2948 548 2983 rem
566 2932 684 2983 hinc
704 2949 915 2995 movere,
937 2948 987 2984 et
1003 2938 1207 3001 propius
1224 2936 1471 2999 accedere,
1559 2938 1718 2985 statim
1746 2936 1956 2986 credidi.
1983 2935 2126 2984 Adeo
2153 2950 2322 2983 omnes
2349 2942 2398 2981 et
2421 2946 2584 2995 reges,

446 3027 635 3077 nosque
658 3012 781 3063 duos
806 3014 988 3063 alicubi
1010 3015 1274 3080 congredi,
1302 3028 1361 3065 nt
1386 3015 1472 3063 de-
1559 3026 1610 3064 et
1635 3015 1812 3081 populi
1835 3016 2046 3063 fortune
2080 3014 2186 3075 ejus
2221 3012 2444 3061 diffidere
2484 3025 2584 3059 coe-

446 3090 760 3141 liberaremus
776 3110 873 3143 una
885 3131 903 3157 ,
918 3094 1042 3158 quid
1056 3094 1179 3143 mihi
1196 3095 1474 3143 faciendum
1559 3105 1735 3160 perant
1751 3128 1768 3153 ,
1787 3104 1845 3143 ut
1867 3108 2175 3158 quocumque
2201 3108 2253 3139 se
2275 3091 2583 3148 comoneat,

448 3170 529 3219 sit.
555 3174 606 3221 J.
634 3174 687 3220 F.
716 3175 951 3223 Gaonov.

526 3248 607 3301 13.
638 3254 885 3319 Augenda
911 3272 1023 3303 mea
1046 3253 1308 3321 dignitate.
1335 3252 1477 3303 cieo-

452 3346 573 3379 rone
591 3332 643 3381 in
660 3333 875 3397 patriciis
885 3334 1091 3383 adscito.
1110 3336 1207 3382 Pro
1223 3332 1476 3391 Marcello,

454 3426 562 3474 cap.
614 3428 635 3459 1
651 3427 695 3470 1,
736 3434 763 3455 κ
790 3413 876 3460 sed
916 3414 1060 3463 etiam
1098 3422 1273 3461 ornato
1291 3435 1335 3459 n.
1377 3410 1479 3463 Ubi

456 3502 596 3539 vetus
617 3491 900 3540 scholiastes
911 3492 1243 3556 adnotat,quin
1266 3490 1476 3539 dictator

455 3571 629 3619 Cicero
673 3571 829 3619 factus
864 3582 937 3619 est
972 3570 1121 3619 Italia
1148 3586 1161 3616 :
1201 3569 1338 3633 quod
1368 3570 1477 3630 jure

454 3651 487 3697 J
492 3650 635 3698 .V.1..
652 3652 863 3714 castigat.
886 3651 981 3699 En.

538 3737 617 3785 14.
650 3728 923 3779 Trebonius.
950 3733 1089 3779 Tunc
1114 3740 1311 3794 praetor.
1340 3730 1435 3777 En.

538 3808 617 3857 15.
643 3810 825 3858 Pansa.
854 3811 909 3858 C.
937 3810 1114 3858 Vibius
1133 3843 1149 3868 ,
1172 3811 1258 3875 qui
1276 3808 1447 3857 consul
1462 3842 1477 3867 ‚

457 3904 589 3936 anno
612 3900 724 3953 pont
748 3890 947 3939 Cauris
964 3901 1186 3939 mortem.
1212 3892 1303 3937 En.

534 3972 611 4018 ιδ.
644 3972 719 4019 De
740 3972 963 4036 Pompeii
980 3971 1135 4019 exitu.
1157 3974 1232 4019 De
1259 3969 1478 4033 Pompeii

456 4062 613 4102 morte
634 4053 685 4101 in
709 4056 922 4119 AEgypto
948 4050 968 4118 (
990 4053 1117 4105 Coes.
1141 4050 1205 4098 de
1224 4049 1344 4097 Bell.
1362 4049 1473 4120 (ξίν.

1566 3173 1798 3222 credibile
1813 3174 1941 3222 foret
1951 3208 1966 3233 ‚
1979 3172 2110 3220 idem
2123 3181 2408 3219 eventurum
2423 3170 2586 3227 fuisse,

1563 3268 1739 3316 nempe
1763 3263 1820 3300 ut
1847 3252 1900 3299 in
1930 3252 2130 3314 matiam
2156 3248 2357 3297 Cauris
2388 3244 2587 3295 victoris

1565 3330 1887 3379 occideretur.
1924 3327 2212 3393 Exemplum
2251 3338 2328 3377 est
2355 3327 2498 3378 etiem
2533 3324 2587 3371 in

1563 3410 1788 3461 Rhodiis.
1805 3410 1888 3459 Ad
1900 3409 2014 3457 Div.
2036 3409 2160 3465 XII,
2185 3417 2268 3465 η.
2284 3409 2333 3456 J.
2351 3410 2399 3453 F.
2419 3407 2589 3454 Gnou.

1642 3505 1663 3537 1
1675 3506 1722 3550 7.
1739 3488 1966 3554 Cognovi.
1979 3489 2138 3551 Quam
2150 3487 2294 3537 breve
2307 3495 2358 3533 et
2367 3484 2590 3533 strictum

1566 3571 1788 3635 Pompeii
1807 3569 2042 3634 elogium!
2063 3568 2273 3615 Videtur
2295 3565 2511 3614 timuisse
2528 3578 2590 3609 ne

1568 3648 1827 3698 Cenat-iani
1845 3649 2186 3699 auscultarent.
2210 3648 2306 3694 En.

1644 3744 1665 3775 x
1676 3730 1726 3776 8.
1745 3730 1819 3776 De
1836 3729 2044 3776 Fannio.
2067 3730 2124 3775 ln
2142 3740 2306 3790 pugna
2323 3720 2594 3772 Pharsalica

1569 3824 1720 3857 cmm
1737 3818 1826 3856 est.
1848 3808 1986 3856 Falso
2005 3809 2193 3855 Ernest.
2213 3806 2264 3853 in
2289 3804 2436 3855 clave
2456 3801 2596 3850 Cice-

1569 3889 1770 3935 roniana
1813 3886 2036 3935 eumdem
2073 3896 2215 3951 putat
2255 3884 2340 3947 qui
2375 3880 2592 3943 Philipp.

1573 3967 1696 4013 XIII
1729 3965 1910 4014 dicitur
1941 3964 2162 4029 Pompeii
2187 3966 2262 4014 M.
2289 3960 2444 4014 filium
2470 3974 2594 4013 con·

1567 4048 1769 4095 veni-oe.
1799 4046 1916 4095 scu.
