3019 4681
541 340 680 415 506
1174 348 1270 417 M.
1322 348 1396 417 T.
1453 350 2009 419 CICERONIS

529 547 892 569 mmmm
897 548 1995 571 mmmmm
2000 551 2275 571 §m
2280 552 2647 572 mm

1129 746 1723 831 EPISTOLA
1778 748 2036 829 XIII.

532 934 774 995 Duabus
819 934 996 993 Attici
1027 934 1288 1013 epistolis
1335 936 1683 1015 respondet,
1713 950 1774 994 et
1810 956 1930 1015 quo
1962 934 2169 996 itinere
2200 938 2507 1017 Aquinum
2532 958 2665 1017 per-

612 1033 846 1104 rexerit,
866 1044 1085 1090 narrat.
1107 1033 1332 1106 Quaerit
1349 1054 1488 1093 num
1518 1035 1763 1113 propius
1788 1034 2064 1093 accedere
2084 1037 2286 1113 possit.
2310 1038 2510 1095 Attico
2538 1056 2665 1093 con-

611 1129 824 1189 sulenti
857 1127 998 1207 quid
1027 1128 1140 1187 sibi
1171 1145 1404 1205 censeat
1431 1131 1757 1191 faciendum
1782 1131 2124 1209 respondet;
2152 1132 2228 1191 de
2256 1133 2505 1192 historia
2530 1134 2662 1191 scri-

611 1227 804 1287 benda
851 1246 912 1285 se
963 1245 1159 1286 coram
1199 1249 1332 1287 cum
1351 1231 1555 1313 Attico
1598 1230 1947 1289 collaturum
1996 1230 2221 1289 scribit.
2247 1232 2493 1311 (Aquini
2522 1232 2661 1288 —in

609 1325 908 1403 Arpinati,
947 1346 1102 1386 anno
1133 1330 1207 1387 U.
1233 1329 1298 1385 C.
1328 1346 1477 1404 709,
1503 1348 1698 1387 mense
1726 1327 2075 1399 novembri.)

1202 1500 1514 1567 CICERO
1563 1502 1882 1567 ATTICO
1928 1502 1991 1579 S.

628 1656 693 1723 Ο
718 1672 968 1751 *casum
1009 1648 1438 1722 mirificum!
1477 1676 1549 1721 v1
1586 1650 1751 1723 idus
1794 1674 2023 1749 quum
2070 1664 2239 1723 ante
2296 1652 2537 1724 lucem
2584 1650 2667 1723 de

532 1762 967 1833 Sinuessano
993 1761 1456 1833 surrexissem
1473 1762 2011 1859 ‚venissemque
2035 1760 2358 1833 diluculo
2383 1760 2475 1835 ad
2496 1786 2671 1859 pon-

538 1886 684 1945 tem
722 1874 1062 1944 Tirenum
1082 1926 1101 1960 ,
1147 1870 1277 1969 qui
1304 1884 1412 1943 est
1438 1872 1866 1960 Minturnis,
1897 1872 1973 1942 in
2006 1898 2157 1970 quo
2186 1870 2419 1944 flexus
2452 1870 2671 1943 estad

533 1984 669 2054 iter
708 1986 1048 2081 Arpinas,
1085 1982 1371 2055 obviam
1409 1984 1588 2053 mihi
1625 1982 1709 2053 fit
1751 1980 2195 2073 tabellariuS‚
2232 1985 2357 2080 qui
2414 2006 2535 2053 me
2566 1981 2673 2054 os-

535 2088 770 2161 sendit
812 2084 1059 2185 δολιχὸν
1095 2090 1283 2160 πλόον
1323 2092 1761 2185 ὁρμαίνονταῐ.
1804 2092 1955 2186 Ego
1984 2091 2258 2177 statim,
2298 2088 2537 2175 Ced0‚
2574 2090 2677 2158 in·

537 2222 796 2297 quam,
837 2202 895 2271 si
932 2198 1110 2298 quid
1145 2199 1238 2270 ab
1272 2200 1523 2269 Attico,
1556 2196 1899 2271 Nondum
1928 2199 2166 2296 legere
2204 2212 2629 2297 poteramus
2657 2226 2673 2268 ε

539 2334 706 2382 nam
729 2324 802 2382 et
828 2308 1103 2383 Iumina
1128 2311 1623 2383 dimiseramus
1640 2316 1705 2402 ²3
1736 2330 1873 2382 uec
1897 2310 2063 2381 satis
2088 2308 2401 2381 lucebat.
2427 2310 2677 2400 Quum

539 2434 780 2492 autem
816 2419 1123 2511 luceret,
1159 2435 1326 2493 ante
1375 2424 1642 2518 scripta
1690 2419 1991 2520 epistola
2046 2445 2135 2492 ex
2192 2418 2481 2491 duabus
2536 2421 2679 2490 tuis

538 2533 741 2630 prior
773 2529 954 2602 mihi
995 2532 1136 2629 legi
1171 2545 1406 2630 coepta
1444 2543 1572 2603 est.
1619 2531 1747 2603 Illa
1793 2535 2123 2602 omnium
2178 2528 2479 2625 quidem
2532 2529 2677 2600 ele-

540 2642 949 2737 gantissima
991 2667 1007 2710 z
1045 2665 1139 2713 ne
1178 2641 1310 2712 sim
1347 2639 1617 2730 salvuS,
1650 2642 1712 2713 si
1744 2641 1948 2713 aliter
1978 2641 2221 2714 scribo
2242 2655 2375 2728 ‚ec
2406 2641 2673 2721 sentim

541 2749 722 2822 nihil
772 2749 912 2847 legi
941 2747 1352 2836 humanius.
1385 2757 1641 2849 Itaque
1665 2753 1945 2823 veniam
1962 2807 1981 2838 ‚
2006 2775 2157 2850 quo
2180 2774 2393 2823 vocas
2412 2806 2431 2836 ‚
2453 2747 2675 2821 modo

537 2855 871 2952 adjutore
907 2872 999 2929 te.
1042 2856 1182 2928 Sed
1226 2856 1406 2927 nihil
1437 2872 1585 2927 tam
1624 2851 2100 2953 ἀπροσδιόνυσον
2128 2855 2158 2902 ³
2204 2857 2383 2926 mihi
2436 2857 2673 2952 primo

537 2965 916 3038 videbatur
935 3021 954 3054 ,
1006 2990 1226 3064 quam
1255 2967 1346 3037 ad
1378 2965 1504 3037 has
1534 2965 1771 3037 literas
1795 3021 1814 3054 ‚
1849 2968 2118 3066 quibus
2149 2993 2285 3065 ego
2323 2992 2365 3038 a
2402 2981 2475 3036 te
2512 2990 2677 3037 con-

538 3077 776 3149 silium
811 3077 1196 3175 petieram,
1237 3092 1307 3148 te
1349 3074 1525 3147 mihi
1562 3078 1694 3147 ista
1729 3077 2151 3148 rescribere.
2186 3081 2368 3148 Ecce
2407 3075 2542 3148 tibi
2582 3075 2677 3144 al-

538 3195 685 3255 tera
705 3239 724 3271 ‚
771 3205 914 3280 qua
952 3181 1258 3253 hortaris
1297 3188 1442 3278 παρ’
1483 3181 1865 3279 flvepo‘ewroe4
1910 3185 2213 3278 Μίμαντα
2244 3237 2263 3269 ,
2318 3188 2535 3262 Νῆσου
2578 3184 2673 3252 ἐπὶ

612 3387 656 3420 1.
693 3368 886 3435 Δολιχὸν
912 3369 1057 3420 πλόον
1093 3369 1394 3438 ὁρμαίνοντα.
1429 3373 1558 3418 Lon-
1721 3372 1775 3420 3.
1802 3357 2199 3438 Ᾰπροσδιόνυσον.
2220 3369 2521 3418 Absurdnm.

533 3465 652 3513 gam
673 3449 1032 3514 navigaubnem
1057 3447 1390 3498 meditantem.
1722 3460 1771 3507 4.
1798 3450 1923 3517 Παρ’
1944 3447 2204 3517 ἠνεμόεντα
2230 3447 2463 3516 Μίμαντα
2480 3484 2496 3503 ,
2524 3445 2677 3498 nimo

611 3545 660 3577 2.
695 3529 904 3577 Lumina
941 3527 1294 3576 dimiseramus.
1336 3529 1560 3576 Viatores
1651 3527 1727 3578 ἐπὶ
1746 3527 1947 3598 Ψυρίης,
1965 3529 2174 3592 Appiana
2198 3527 2274 3578 ἐπ’
2290 3525 2675 3594 ἀριςέρ’ἔχοντα.

540 3617 690 3654 noctu
717 3607 902 3655 facibus
926 3619 1009 3656 ant
1035 3607 1359 3664 lucernis‚sibi
1383 3609 1560 3672 praelu-
1650 3631 1675 3650 α
1692 3609 1773 3657 Ad
1798 3621 2055 3656 ventosum
2077 3609 2370 3656 Mimantem
2390 3605 2549 3654 insula
2566 3608 2681 3668 Psy·

541 3683 732 3732 cebant.
775 3686 932 3735 Plant.
971 3687 1256 3734 Trinummo
1277 3703 1290 3734 τ
1317 3707 1342 3727 α
1367 3691 1483 3734 Face
1512 3698 1571 3744 et,
1648 3688 1737 3746 ris,
1753 3690 1967 3753 Appiam
1986 3689 2177 3736 sinistra
2198 3687 2459 3736 habentem
2474 3709 2518 3734 n.
2542 3683 2681 3734 Anu-

453 3805 458 3810 ,
541 3762 722 3809 viatico
735 3779 858 3827 opus
875 3776 947 3814 est
961 3787 1002 3814 n.
1015 3768 1192 3826 Varro,
1206 3765 1266 3813 de
1279 3768 1353 3814 Re
1366 3776 1484 3813 rust.
1503 3769 1557 3815 1:
1650 3767 1782 3816 ditur
1806 3771 1871 3818 sd
1894 3770 2059 3818 locum
2086 3770 2289 3818 Homeri
2316 3769 2501 3832 Odyss.
2540 3769 2597 3824 Γ,
2632 3779 2678 3810 v-

542 3861 568 3880 υ
586 3839 802 3888 viatoris
852 3844 1186 3908 praetereuntis
1211 3833 1216 3838 ⁸
1237 3844 1404 3891 lascivi
1457 3859 1561 3892 non
1656 3863 1777 3907 171,
1812 3865 1926 3911 17²·
1956 3849 2156 3914 Ulysses
2182 3865 2295 3896 cnm
2322 3848 2469 3895 sociis
2496 3844 2679 3893 delibe-

541 3918 710 3963 netuit
727 3920 877 3968 facem
896 3923 1140 3971 ardentem
1161 3945 1202 3972 υ.
1228 3925 1486 3972 Suetonius
1504 3925 1557 3972 in
1644 3935 1719 3974 rat
1745 3927 1806 3974 de
1832 3929 2143 3991 navigatione
2164 3925 2465 3976 instituenda
2482 3959 2497 3984 ‚
2520 3935 2679 3972 utrum

539 3991 674 4040 Julio
701 4009 713 4040 τ
753 4017 774 4037 ι
801 4000 963 4060 Quum
1005 4001 1268 4048 luminibus
1307 4003 1555 4050 exstinctis
1646 4021 1787 4068 supra
1819 4005 1997 4054 Chium
2027 4008 2239 4070 dirigunt
2274 4021 2473 4052 cursum
2491 4041 2507 4064 ‚
2532 4004 2595 4050 ita
2626 4013 2675 4048 ut

535 4068 812 4122 decessisset
833 4076 909 4123 vin
931 4099 974 4124 ιο.
1007 4079 1196 4127 Porus.
1648 4098 1842 4146 parvam
1894 4084 2099 4132 insulam
2154 4085 2398 4148 Psy-inm,
2456 4099 2563 4146 quae
2606 4091 2675 4128 εει
