<?xml version="1.0" encoding="UTF-8"?>
<!DOCTYPE html PUBLIC "-//W3C//DTD XHTML 1.0 Transitional//EN"
    "http://www.w3.org/TR/xhtml1/DTD/xhtml1-transitional.dtd">
<html xmlns="http://www.w3.org/1999/xhtml" xml:lang="en" lang="en">
 <head>
  <title>
</title>
<meta http-equiv="Content-Type" content="text/html;charset=utf-8" />
  <meta name='ocr-system' content='tesseract 3.04.00' />
  <meta name='ocr-capabilities' content='ocr_page ocr_carea ocr_par ocr_line ocrx_word'/>
</head>
<body>
  <div class='ocr_page' id='page_1' title='image "./mtciceronisquae04lemagoog_0550.png"; bbox 0 0 3019 4681; ppageno 0'>
   <div class='ocr_carea' id='block_1_1' title="bbox 398 344 1978 431">
    <p class='ocr_par' dir='ltr' id='par_1_1' title="bbox 398 344 1978 431">
     <span class='ocr_line' id='line_1_1' title="bbox 398 344 1978 431; baseline -0.002 -16"><span class='ocrx_word' id='word_1_1' title='bbox 398 350 407 357; x_wconf 84' lang='grc'>’</span> <span class='ocrx_word' id='word_1_2' title='bbox 486 344 627 431; x_wconf 74' lang='grc'>544</span> <span class='ocrx_word' id='word_1_3' title='bbox 1136 347 1234 413; x_wconf 86' lang='grc' dir='ltr'>Μ.</span> <span class='ocrx_word' id='word_1_4' title='bbox 1284 346 1362 411; x_wconf 93' lang='grc' dir='ltr'>Τ.</span> <span class='ocrx_word' id='word_1_5' title='bbox 1416 344 1978 416; x_wconf 85' lang='lat' dir='ltr'>CICERONIS</span> 
     </span>
    </p>
   </div>
   <div class='ocr_carea' id='block_1_2' title="bbox 478 462 2628 1113">
    <p class='ocr_par' dir='ltr' id='par_1_2' title="bbox 484 462 2628 774">
     <span class='ocr_line' id='line_1_2' title="bbox 484 462 2628 563; baseline -0.001 -22"><span class='ocrx_word' id='word_1_6' title='bbox 484 471 621 541; x_wconf 87' lang='lat' dir='ltr'>erit</span> <span class='ocrx_word' id='word_1_7' title='bbox 663 465 1059 563; x_wconf 85' lang='lat' dir='ltr'>ejusmodi,</span> <span class='ocrx_word' id='word_1_8' title='bbox 1094 480 1179 536; x_wconf 90' lang='lat' dir='ltr'>ut</span> <span class='ocrx_word' id='word_1_9' title='bbox 1222 464 1556 541; x_wconf 88' lang='lat' dir='ltr'>consulas</span> <span class='ocrx_word' id='word_1_10' title='bbox 1599 462 1981 553; x_wconf 74' lang='lat' dir='ltr'>omnibu5‚</span> <span class='ocrx_word' id='word_1_11' title='bbox 2023 478 2109 536; x_wconf 90' lang='lat' dir='ltr'>ut</span> <span class='ocrx_word' id='word_1_12' title='bbox 2145 464 2479 539; x_wconf 81' lang='lat' dir='ltr'>medeare</span> <span class='ocrx_word' id='word_1_13' title='bbox 2509 472 2628 538; x_wconf 86' lang='lat' dir='ltr'>in·</span> 
     </span>
     <span class='ocr_line' id='line_1_3' title="bbox 484 572 2624 674; baseline -0.001 -23"><span class='ocrx_word' id='word_1_14' title='bbox 484 576 883 651; x_wconf 88' lang='lat' dir='ltr'>commodis</span> <span class='ocrx_word' id='word_1_15' title='bbox 908 575 1291 646; x_wconf 90' lang='lat' dir='ltr'>hominum</span> <span class='ocrx_word' id='word_1_16' title='bbox 1312 628 1331 663; x_wconf 92' lang='lat'>,</span> <span class='ocrx_word' id='word_1_17' title='bbox 1360 572 1742 672; x_wconf 78' lang='lat' dir='ltr'>provideas</span> <span class='ocrx_word' id='word_1_18' title='bbox 1765 574 2014 662; x_wconf 87' lang='lat' dir='ltr'>saluti,</span> <span class='ocrx_word' id='word_1_19' title='bbox 2037 589 2122 646; x_wconf 87' lang='lat' dir='ltr'>ut</span> <span class='ocrx_word' id='word_1_20' title='bbox 2147 588 2219 646; x_wconf 88' lang='lat' dir='ltr'>te</span> <span class='ocrx_word' id='word_1_21' title='bbox 2249 592 2624 674; x_wconf 87' lang='lat' dir='ltr'>parentem</span> 
     </span>
     <span class='ocr_line' id='line_1_4' title="bbox 484 684 1584 774; baseline -0.005 -15"><span class='ocrx_word' id='word_1_22' title='bbox 484 694 666 761; x_wconf 84' lang='lat' dir='ltr'>Asiae</span> <span class='ocrx_word' id='word_1_23' title='bbox 698 702 773 761; x_wconf 90' lang='lat' dir='ltr'>et</span> <span class='ocrx_word' id='word_1_24' title='bbox 800 685 941 757; x_wconf 87' lang='lat' dir='ltr'>dici</span> <span class='ocrx_word' id='word_1_25' title='bbox 961 740 982 774; x_wconf 90' lang='lat'><strong>,</strong></span> <span class='ocrx_word' id='word_1_26' title='bbox 1008 700 1085 757; x_wconf 86' lang='lat' dir='ltr'>et</span> <span class='ocrx_word' id='word_1_27' title='bbox 1108 684 1361 757; x_wconf 81' lang='lat' dir='ltr'>haberi</span> <span class='ocrx_word' id='word_1_28' title='bbox 1384 684 1584 756; x_wconf 81' lang='lat' dir='ltr'>velis,</span> 
     </span>
    </p>

    <p class='ocr_par' dir='ltr' id='par_1_3' title="bbox 478 792 2626 1113">
     <span class='ocr_line' id='line_1_5' title="bbox 580 792 2626 895; baseline -0.002 -26"><span class='ocrx_word' id='word_1_29' title='bbox 580 804 821 895; x_wconf 88' lang='lat' dir='ltr'>Atque</span> <span class='ocrx_word' id='word_1_30' title='bbox 847 795 1021 867; x_wconf 87' lang='lat' dir='ltr'>huic</span> <span class='ocrx_word' id='word_1_31' title='bbox 1047 809 1191 865; x_wconf 85' lang='lat' dir='ltr'>tuae</span> <span class='ocrx_word' id='word_1_32' title='bbox 1218 794 1578 865; x_wconf 86' lang='lat' dir='ltr'>voluntati</span> <span class='ocrx_word' id='word_1_33' title='bbox 1602 818 1686 865; x_wconf 92' lang='lat' dir='ltr'>ac</span> <span class='ocrx_word' id='word_1_34' title='bbox 1706 793 2090 890; x_wconf 71' lang='lat' dir='ltr'>diligentiae</span> <span class='ocrx_word' id='word_1_35' title='bbox 2121 792 2626 867; x_wconf 84' lang='lat' dir='ltr'>difficultatem</span> 
     </span>
     <span class='ocr_line' id='line_1_6' title="bbox 478 903 2622 1005; baseline -0.002 -24"><span class='ocrx_word' id='word_1_36' title='bbox 478 930 812 1005; x_wconf 87' lang='lat' dir='ltr'>magnam</span> <span class='ocrx_word' id='word_1_37' title='bbox 846 904 1163 977; x_wconf 78' lang='lat' dir='ltr'>afferunt</span> <span class='ocrx_word' id='word_1_38' title='bbox 1190 903 1666 1003; x_wconf 62' lang='lat' dir='ltr'>publicaniw.</span> <span class='ocrx_word' id='word_1_39' title='bbox 1712 904 1998 993; x_wconf 87' lang='lat' dir='ltr'><strong>Quibus</strong></span> <span class='ocrx_word' id='word_1_40' title='bbox 2030 908 2089 976; x_wconf 88' lang='lat' dir='ltr'>si</span> <span class='ocrx_word' id='word_1_41' title='bbox 2125 904 2622 991; x_wconf 85' lang='lat' dir='ltr'>adversamur,</span> 
     </span>
     <span class='ocr_line' id='line_1_7' title="bbox 482 1013 2622 1113; baseline -0.003 -22"><span class='ocrx_word' id='word_1_42' title='bbox 482 1017 815 1091; x_wconf 86' lang='lat' dir='ltr'>ordinem</span> <span class='ocrx_word' id='word_1_43' title='bbox 852 1015 947 1089; x_wconf 88' lang='lat' dir='ltr'>de</span> <span class='ocrx_word' id='word_1_44' title='bbox 982 1014 1198 1086; x_wconf 89' lang='lat' dir='ltr'>nobis</span> <span class='ocrx_word' id='word_1_45' title='bbox 1230 1018 1505 1113; x_wconf 76' lang='lat' dir='ltr'>optime</span> <span class='ocrx_word' id='word_1_46' title='bbox 1535 1017 1876 1086; x_wconf 88' lang='lat' dir='ltr'>meritum</span> <span class='ocrx_word' id='word_1_47' title='bbox 1899 1013 1989 1104; x_wconf 78' lang='lat'>7³,</span> <span class='ocrx_word' id='word_1_48' title='bbox 2030 1028 2105 1086; x_wconf 88' lang='lat' dir='ltr'>et</span> <span class='ocrx_word' id='word_1_49' title='bbox 2135 1040 2266 1113; x_wconf 86' lang='lat' dir='ltr'>per</span> <span class='ocrx_word' id='word_1_50' title='bbox 2295 1040 2428 1087; x_wconf 89' lang='lat' dir='ltr'>nos</span> <span class='ocrx_word' id='word_1_51' title='bbox 2453 1040 2622 1087; x_wconf 90' lang='lat' dir='ltr'>cum</span> 
     </span>
    </p>
   </div>
   <div class='ocr_carea' id='block_1_3' title="bbox 482 1124 2749 1227">
    <p class='ocr_par' dir='ltr' id='par_1_4' title="bbox 482 1124 2749 1227">
     <span class='ocr_line' id='line_1_8' title="bbox 482 1124 2749 1227; baseline -0.001 -28"><span class='ocrx_word' id='word_1_52' title='bbox 482 1126 861 1227; x_wconf 82' lang='lat' dir='ltr'>republica</span> <span class='ocrx_word' id='word_1_53' title='bbox 896 1125 1414 1221; x_wconf 87' lang='lat' dir='ltr'>conjunctum,</span> <span class='ocrx_word' id='word_1_54' title='bbox 1456 1139 1530 1197; x_wconf 89' lang='lat' dir='ltr'>et</span> <span class='ocrx_word' id='word_1_55' title='bbox 1563 1150 1606 1196; x_wconf 89' lang='lat' dir='ltr'>a</span> <span class='ocrx_word' id='word_1_56' title='bbox 1641 1124 1889 1213; x_wconf 86' lang='lat' dir='ltr'>nobis,</span> <span class='ocrx_word' id='word_1_57' title='bbox 1927 1140 2000 1197; x_wconf 89' lang='lat' dir='ltr'>et</span> <span class='ocrx_word' id='word_1_58' title='bbox 2035 1150 2076 1197; x_wconf 91' lang='lat' dir='ltr'>a</span> <span class='ocrx_word' id='word_1_59' title='bbox 2109 1124 2480 1226; x_wconf 83' lang='lat' dir='ltr'>republica</span> <span class='ocrx_word' id='word_1_60' title='bbox 2513 1126 2624 1198; x_wconf 88' lang='lat' dir='ltr'>di·</span> <span class='ocrx_word' id='word_1_61' title='bbox 2728 1158 2749 1167; x_wconf 60' lang='lat'><strong><em>⁹</em></strong></span> 
     </span>
    </p>
   </div>
   <div class='ocr_carea' id='block_1_4' title="bbox 479 1233 2632 3317">
    <p class='ocr_par' dir='ltr' id='par_1_5' title="bbox 479 1233 2632 3317">
     <span class='ocr_line' id='line_1_9' title="bbox 479 1233 2624 1335; baseline -0 -26"><span class='ocrx_word' id='word_1_62' title='bbox 479 1239 871 1335; x_wconf 84' lang='lat' dir='ltr'>jungemus</span> <span class='ocrx_word' id='word_1_63' title='bbox 890 1240 981 1306; x_wconf 74' lang='lat'>⁷⁴.</span> <span class='ocrx_word' id='word_1_64' title='bbox 1016 1236 1159 1307; x_wconf 90' lang='lat' dir='ltr'>·Sin</span> <span class='ocrx_word' id='word_1_65' title='bbox 1208 1250 1449 1307; x_wconf 87' lang='lat' dir='ltr'>autem</span> <span class='ocrx_word' id='word_1_66' title='bbox 1500 1234 1846 1307; x_wconf 88' lang='lat' dir='ltr'>omnibus</span> <span class='ocrx_word' id='word_1_67' title='bbox 1892 1238 1972 1305; x_wconf 90' lang='lat' dir='ltr'>in</span> <span class='ocrx_word' id='word_1_68' title='bbox 2017 1233 2238 1307; x_wconf 90' lang='lat' dir='ltr'>rebus</span> <span class='ocrx_word' id='word_1_69' title='bbox 2272 1235 2624 1334; x_wconf 84' lang='lat' dir='ltr'>obseque-</span> 
     </span>
     <span class='ocr_line' id='line_1_10' title="bbox 488 1343 2626 1445; baseline -0 -27"><span class='ocrx_word' id='word_1_70' title='bbox 488 1354 677 1436; x_wconf 82' lang='lat' dir='ltr'>mur,</span> <span class='ocrx_word' id='word_1_71' title='bbox 706 1343 1033 1417; x_wconf 82' lang='lat' dir='ltr'>funditus</span> <span class='ocrx_word' id='word_1_72' title='bbox 1058 1370 1181 1417; x_wconf 89' lang='lat' dir='ltr'>eos</span> <span class='ocrx_word' id='word_1_73' title='bbox 1204 1348 1439 1443; x_wconf 87' lang='lat' dir='ltr'>perire</span> <span class='ocrx_word' id='word_1_74' title='bbox 1466 1348 1849 1445; x_wconf 88' lang='lat' dir='ltr'>patiemur,</span> <span class='ocrx_word' id='word_1_75' title='bbox 1871 1370 2188 1443; x_wconf 88' lang='lat' dir='ltr'>quorum</span> <span class='ocrx_word' id='word_1_76' title='bbox 2213 1370 2366 1417; x_wconf 91' lang='lat' dir='ltr'>non</span> <span class='ocrx_word' id='word_1_77' title='bbox 2401 1346 2626 1417; x_wconf 90' lang='lat' dir='ltr'>modo</span> 
     </span>
     <span class='ocr_line' id='line_1_11' title="bbox 486 1454 2624 1555; baseline 0 -26"><span class='ocrx_word' id='word_1_78' title='bbox 486 1456 737 1543; x_wconf 86' lang='lat' dir='ltr'>saluti,</span> <span class='ocrx_word' id='word_1_79' title='bbox 776 1454 905 1527; x_wconf 88' lang='lat' dir='ltr'>sed</span> <span class='ocrx_word' id='word_1_80' title='bbox 944 1457 1159 1527; x_wconf 88' lang='lat' dir='ltr'>etiam</span> <span class='ocrx_word' id='word_1_81' title='bbox 1199 1455 1606 1528; x_wconf 88' lang='lat' dir='ltr'>commodis</span> <span class='ocrx_word' id='word_1_82' title='bbox 1639 1455 2022 1555; x_wconf 78' lang='lat' dir='ltr'>consulere</span> <span class='ocrx_word' id='word_1_83' title='bbox 2052 1456 2421 1529; x_wconf 83' lang='lat' dir='ltr'>debemus.</span> <span class='ocrx_word' id='word_1_84' title='bbox 2457 1462 2624 1529; x_wconf 80' lang='lat' dir='ltr'>Haec</span> 
     </span>
     <span class='ocr_line' id='line_1_12' title="bbox 488 1565 2624 1665; baseline -0.001 -26"><span class='ocrx_word' id='word_1_85' title='bbox 488 1581 599 1639; x_wconf 86' lang='lat' dir='ltr'>est</span> <span class='ocrx_word' id='word_1_86' title='bbox 636 1590 783 1638; x_wconf 87' lang='lat' dir='ltr'>una</span> <span class='ocrx_word' id='word_1_87' title='bbox 820 1565 931 1663; x_wconf 92' lang='lat' dir='ltr'>(si</span> <span class='ocrx_word' id='word_1_88' title='bbox 974 1590 1143 1637; x_wconf 85' lang='lat' dir='ltr'>vere</span> <span class='ocrx_word' id='word_1_89' title='bbox 1183 1568 1497 1664; x_wconf 86' lang='lat' dir='ltr'>cogitare</span> <span class='ocrx_word' id='word_1_90' title='bbox 1551 1566 1938 1665; x_wconf 85' lang='lat' dir='ltr'>volumus)</span> <span class='ocrx_word' id='word_1_91' title='bbox 1992 1569 2069 1637; x_wconf 88' lang='lat' dir='ltr'>in</span> <span class='ocrx_word' id='word_1_92' title='bbox 2119 1581 2276 1638; x_wconf 92' lang='lat' dir='ltr'>toto</span> <span class='ocrx_word' id='word_1_93' title='bbox 2317 1568 2624 1665; x_wconf 88' lang='lat' dir='ltr'>imperio</span> 
     </span>
     <span class='ocr_line' id='line_1_13' title="bbox 487 1674 2625 1765; baseline -0.002 -16"><span class='ocrx_word' id='word_1_94' title='bbox 487 1690 619 1749; x_wconf 92' lang='lat' dir='ltr'>tuo</span> <span class='ocrx_word' id='word_1_95' title='bbox 654 1674 1065 1748; x_wconf 85' lang='lat' dir='ltr'>difficultas.-</span> <span class='ocrx_word' id='word_1_96' title='bbox 1098 1680 1277 1749; x_wconf 84' lang='lat' dir='ltr'>Nam</span> <span class='ocrx_word' id='word_1_97' title='bbox 1314 1700 1469 1749; x_wconf 88' lang='lat' dir='ltr'>esse</span> <span class='ocrx_word' id='word_1_98' title='bbox 1504 1676 1985 1749; x_wconf 86' lang='lat' dir='ltr'>abstinentem</span> <span class='ocrx_word' id='word_1_99' title='bbox 2005 1732 2026 1765; x_wconf 85' lang='lat'><strong>,</strong></span> <span class='ocrx_word' id='word_1_100' title='bbox 2066 1678 2440 1748; x_wconf 86' lang='lat' dir='ltr'>continere</span> <span class='ocrx_word' id='word_1_101' title='bbox 2471 1700 2625 1747; x_wconf 90' lang='lat' dir='ltr'>om·</span> 
     </span>
     <span class='ocr_line' id='line_1_14' title="bbox 489 1785 2626 1886; baseline 0 -28"><span class='ocrx_word' id='word_1_102' title='bbox 489 1811 619 1859; x_wconf 88' lang='lat' dir='ltr'>nes</span> <span class='ocrx_word' id='word_1_103' title='bbox 670 1785 1103 1886; x_wconf 83' lang='lat' dir='ltr'>cupiditates</span> <span class='ocrx_word' id='word_1_104' title='bbox 1121 1839 1144 1876; x_wconf 88' lang='lat'>‚</span> <span class='ocrx_word' id='word_1_105' title='bbox 1194 1810 1367 1859; x_wconf 84' lang='lat' dir='ltr'>suos</span> <span class='ocrx_word' id='word_1_106' title='bbox 1416 1810 1752 1859; x_wconf 83' lang='lat' dir='ltr'>coercere</span> <span class='ocrx_word' id='word_1_107' title='bbox 1770 1843 1788 1874; x_wconf 93' lang='lat'>,</span> <span class='ocrx_word' id='word_1_108' title='bbox 1828 1788 2012 1883; x_wconf 88' lang='lat' dir='ltr'>juris</span> <span class='ocrx_word' id='word_1_109' title='bbox 2051 1786 2480 1883; x_wconf 83' lang='lat' dir='ltr'>aequabilem</span> <span class='ocrx_word' id='word_1_110' title='bbox 2515 1800 2626 1858; x_wconf 88' lang='lat' dir='ltr'>te-</span> 
     </span>
     <span class='ocr_line' id='line_1_15' title="bbox 486 1894 2624 1993; baseline 0 -26"><span class='ocrx_word' id='word_1_111' title='bbox 486 1922 665 1970; x_wconf 88' lang='lat' dir='ltr'>nere</span> <span class='ocrx_word' id='word_1_112' title='bbox 712 1900 1109 1985; x_wconf 81' lang='lat' dir='ltr'>rationem3</span> <span class='ocrx_word' id='word_1_113' title='bbox 1148 1895 1431 1970; x_wconf 81' lang='lat' dir='ltr'>facilem</span> <span class='ocrx_word' id='word_1_114' title='bbox 1470 1913 1544 1970; x_wconf 88' lang='lat' dir='ltr'>te</span> <span class='ocrx_word' id='word_1_115' title='bbox 1559 1911 1586 1955; x_wconf 94' lang='grc'><strong>7</strong></span> <span class='ocrx_word' id='word_1_116' title='bbox 1595 1896 1624 1943; x_wconf 88' lang='lat'>⁵</span> <span class='ocrx_word' id='word_1_117' title='bbox 1675 1899 1753 1968; x_wconf 87' lang='lat' dir='ltr'>in</span> <span class='ocrx_word' id='word_1_118' title='bbox 1797 1895 2022 1969; x_wconf 85' lang='lat' dir='ltr'>rebus</span> <span class='ocrx_word' id='word_1_119' title='bbox 2065 1894 2582 1993; x_wconf 86' lang='lat' dir='ltr'>cognoscendis</span> <span class='ocrx_word' id='word_1_120' title='bbox 2603 1950 2624 1981; x_wconf 88' lang='lat'><strong>‚</strong></span> 
     </span>
     <span class='ocr_line' id='line_1_16' title="bbox 490 2006 2628 2106; baseline -0 -28"><span class='ocrx_word' id='word_1_121' title='bbox 490 2012 569 2078; x_wconf 89' lang='lat' dir='ltr'>in</span> <span class='ocrx_word' id='word_1_122' title='bbox 592 2006 1013 2081; x_wconf 90' lang='lat' dir='ltr'>hominibus</span> <span class='ocrx_word' id='word_1_123' title='bbox 1037 2007 1415 2081; x_wconf 87' lang='lat' dir='ltr'>audiendis</span> <span class='ocrx_word' id='word_1_124' title='bbox 1442 2006 2048 2105; x_wconf 85' lang='lat' dir='ltr'>admittendisque</span> <span class='ocrx_word' id='word_1_125' title='bbox 2071 2006 2425 2105; x_wconf 84' lang='lat' dir='ltr'>praebere3</span> <span class='ocrx_word' id='word_1_126' title='bbox 2453 2030 2628 2106; x_wconf 82' lang='lat' dir='ltr'>prae·</span> 
     </span>
     <span class='ocr_line' id='line_1_17' title="bbox 486 2115 2630 2217; baseline -0.001 -28"><span class='ocrx_word' id='word_1_127' title='bbox 486 2118 759 2189; x_wconf 88' lang='lat' dir='ltr'>clarum</span> <span class='ocrx_word' id='word_1_128' title='bbox 800 2120 1027 2217; x_wconf 88' lang='lat' dir='ltr'>magis</span> <span class='ocrx_word' id='word_1_129' title='bbox 1068 2132 1215 2205; x_wconf 85' lang='lat' dir='ltr'>est,</span> <span class='ocrx_word' id='word_1_130' title='bbox 1260 2142 1481 2215; x_wconf 88' lang='lat' dir='ltr'>quam</span> <span class='ocrx_word' id='word_1_131' title='bbox 1520 2115 1832 2189; x_wconf 84' lang='lat' dir='ltr'>difficile.</span> <span class='ocrx_word' id='word_1_132' title='bbox 1859 2122 2026 2191; x_wconf 87' lang='lat' dir='ltr'>Non</span> <span class='ocrx_word' id='word_1_133' title='bbox 2067 2132 2176 2190; x_wconf 62' lang='lat' dir='ltr'>est</span> <span class='ocrx_word' id='word_1_134' title='bbox 2213 2120 2406 2191; x_wconf 90' lang='lat' dir='ltr'>enim</span> <span class='ocrx_word' id='word_1_135' title='bbox 2443 2121 2630 2215; x_wconf 88' lang='lat' dir='ltr'>posi-</span> 
     </span>
     <span class='ocr_line' id='line_1_18' title="bbox 489 2226 2630 2328; baseline 0 -31"><span class='ocrx_word' id='word_1_136' title='bbox 489 2240 647 2297; x_wconf 88' lang='lat' dir='ltr'>tum</span> <span class='ocrx_word' id='word_1_137' title='bbox 706 2230 783 2297; x_wconf 90' lang='lat' dir='ltr'>in</span> <span class='ocrx_word' id='word_1_138' title='bbox 851 2226 1098 2299; x_wconf 82' lang='lat' dir='ltr'>labore</span> <span class='ocrx_word' id='word_1_139' title='bbox 1161 2227 1448 2328; x_wconf 85' lang='lat' dir='ltr'>aliquo,</span> <span class='ocrx_word' id='word_1_140' title='bbox 1508 2226 1638 2299; x_wconf 91' lang='lat' dir='ltr'>sed</span> <span class='ocrx_word' id='word_1_141' title='bbox 1697 2230 1776 2299; x_wconf 90' lang='lat' dir='ltr'>in</span> <span class='ocrx_word' id='word_1_142' title='bbox 1839 2226 2153 2326; x_wconf 90' lang='lat' dir='ltr'>quadam</span> <span class='ocrx_word' id='word_1_143' title='bbox 2207 2227 2630 2300; x_wconf 84' lang='lat' dir='ltr'>inductione</span> 
     </span>
     <span class='ocr_line' id='line_1_19' title="bbox 489 2337 2630 2437; baseline 0 -29"><span class='ocrx_word' id='word_1_144' title='bbox 489 2338 712 2409; x_wconf 89' lang='lat' dir='ltr'>animi</span> <span class='ocrx_word' id='word_1_145' title='bbox 738 2353 957 2435; x_wconf 87' lang='lat' dir='ltr'>atque</span> <span class='ocrx_word' id='word_1_146' title='bbox 988 2337 1383 2412; x_wconf 86' lang='lat' dir='ltr'>voluntate.</span> <span class='ocrx_word' id='word_1_147' title='bbox 1416 2338 1546 2412; x_wconf 90' lang='lat' dir='ltr'>Illa</span> <span class='ocrx_word' id='word_1_148' title='bbox 1574 2363 1785 2411; x_wconf 89' lang='lat' dir='ltr'>causa</span> <span class='ocrx_word' id='word_1_149' title='bbox 1809 2337 2368 2437; x_wconf 85' lang='lat' dir='ltr'>publicanorum</span> <span class='ocrx_word' id='word_1_150' title='bbox 2401 2363 2630 2437; x_wconf 89' lang='lat' dir='ltr'>quan-</span> 
     </span>
     <span class='ocr_line' id='line_1_20' title="bbox 490 2446 2626 2538; baseline 0 -20"><span class='ocrx_word' id='word_1_151' title='bbox 490 2463 637 2518; x_wconf 88' lang='lat' dir='ltr'>tam</span> <span class='ocrx_word' id='word_1_152' title='bbox 686 2446 1149 2520; x_wconf 85' lang='lat' dir='ltr'>acerbitatem</span> <span class='ocrx_word' id='word_1_153' title='bbox 1198 2447 1451 2522; x_wconf 85' lang='lat' dir='ltr'>afferat</span> <span class='ocrx_word' id='word_1_154' title='bbox 1498 2451 1710 2522; x_wconf 81' lang='lat' dir='ltr'>sociis</span> <span class='ocrx_word' id='word_1_155' title='bbox 1732 2503 1751 2538; x_wconf 93' lang='lat'>‚</span> <span class='ocrx_word' id='word_1_156' title='bbox 1805 2448 2292 2521; x_wconf 81' lang='lat' dir='ltr'>intelleximus</span> <span class='ocrx_word' id='word_1_157' title='bbox 2331 2475 2420 2521; x_wconf 89' lang='lat' dir='ltr'>ex</span> <span class='ocrx_word' id='word_1_158' title='bbox 2457 2451 2626 2522; x_wconf 86' lang='lat' dir='ltr'>civi—</span> 
     </span>
     <span class='ocr_line' id='line_1_21' title="bbox 491 2556 2628 2658; baseline -0.001 -30"><span class='ocrx_word' id='word_1_159' title='bbox 491 2557 673 2645; x_wconf 85' lang='lat' dir='ltr'>bus,</span> <span class='ocrx_word' id='word_1_160' title='bbox 718 2561 845 2656; x_wconf 89' lang='lat' dir='ltr'>qui</span> <span class='ocrx_word' id='word_1_161' title='bbox 898 2583 1135 2658; x_wconf 87' lang='lat' dir='ltr'>nuper</span> <span class='ocrx_word' id='word_1_162' title='bbox 1186 2561 1263 2630; x_wconf 91' lang='lat' dir='ltr'>in</span> <span class='ocrx_word' id='word_1_163' title='bbox 1318 2561 1660 2657; x_wconf 89' lang='lat' dir='ltr'>portoriis</span> <span class='ocrx_word' id='word_1_164' title='bbox 1681 2556 1746 2614; x_wconf 79' lang='lat'>⁷⁶</span> <span class='ocrx_word' id='word_1_165' title='bbox 1793 2556 2010 2628; x_wconf 84' lang='lat' dir='ltr'>ltaliae</span> <span class='ocrx_word' id='word_1_166' title='bbox 2057 2556 2439 2645; x_wconf 84' lang='lat' dir='ltr'>tollendis&#39;,</span> <span class='ocrx_word' id='word_1_167' title='bbox 2475 2581 2628 2628; x_wconf 89' lang='lat' dir='ltr'>non</span> 
     </span>
     <span class='ocr_line' id='line_1_22' title="bbox 494 2665 2630 2766; baseline -0.001 -28"><span class='ocrx_word' id='word_1_168' title='bbox 494 2680 641 2738; x_wconf 89' lang='lat' dir='ltr'>tam</span> <span class='ocrx_word' id='word_1_169' title='bbox 684 2665 774 2738; x_wconf 89' lang='lat' dir='ltr'>de</span> <span class='ocrx_word' id='word_1_170' title='bbox 814 2669 1181 2764; x_wconf 88' lang='lat' dir='ltr'>portorio,</span> <span class='ocrx_word' id='word_1_171' title='bbox 1216 2691 1437 2766; x_wconf 90' lang='lat' dir='ltr'>quam</span> <span class='ocrx_word' id='word_1_172' title='bbox 1474 2668 1567 2741; x_wconf 90' lang='lat' dir='ltr'>de</span> <span class='ocrx_word' id='word_1_173' title='bbox 1602 2667 2035 2739; x_wconf 89' lang='lat' dir='ltr'>nonnullis</span> <span class='ocrx_word' id='word_1_174' title='bbox 2013 2667 2296 2763; x_wconf 69' lang='lat' dir='ltr'>injuriis</span> <span class='ocrx_word' id='word_1_175' title='bbox 2330 2670 2630 2766; x_wconf 88' lang='lat' dir='ltr'>portito-</span> 
     </span>
     <span class='ocr_line' id='line_1_23' title="bbox 496 2776 2630 2904; baseline -0 -55"><span class='ocrx_word' id='word_1_176' title='bbox 496 2801 659 2849; x_wconf 84' lang='lat' dir='ltr'>rum</span> <span class='ocrx_word' id='word_1_177' title='bbox 698 2776 1218 2904; x_wconf 85' lang='lat' dir='ltr'>querebantur.</span> <span class='ocrx_word' id='word_1_178' title='bbox 1254 2783 1497 2872; x_wconf 87' lang='lat' dir='ltr'>Quare</span> <span class='ocrx_word' id='word_1_179' title='bbox 1539 2803 1690 2850; x_wconf 90' lang='lat' dir='ltr'>non</span> <span class='ocrx_word' id='word_1_180' title='bbox 1735 2780 2024 2876; x_wconf 87' lang='lat' dir='ltr'>ignoro,</span> <span class='ocrx_word' id='word_1_181' title='bbox 2065 2778 2243 2903; x_wconf 85' lang='lat' dir='ltr'>quid</span> <span class='ocrx_word' id='word_1_182' title='bbox 2277 2779 2486 2874; x_wconf 80' lang='lat' dir='ltr'>sociis</span> <span class='ocrx_word' id='word_1_183' title='bbox 2519 2801 2630 2848; x_wconf 87' lang='lat' dir='ltr'>ac·</span> 
     </span>
     <span class='ocr_line' id='line_1_24' title="bbox 494 2867 2629 2987; baseline -0.001 -28"><span class='ocrx_word' id='word_1_184' title='bbox 494 2886 741 2959; x_wconf 90' lang='lat' dir='ltr'>cidat</span> <span class='ocrx_word' id='word_1_185' title='bbox 723 2913 797 2958; x_wconf 89' lang='lat' dir='ltr'>1n</span> <span class='ocrx_word' id='word_1_186' title='bbox 838 2887 1111 2961; x_wconf 84' lang='lat' dir='ltr'>ultimis</span> <span class='ocrx_word' id='word_1_187' title='bbox 1146 2891 1396 2977; x_wconf 88' lang='lat' dir='ltr'>terris,</span> <span class='ocrx_word' id='word_1_188' title='bbox 1440 2912 1673 2987; x_wconf 89' lang='lat' dir='ltr'>quum</span> <span class='ocrx_word' id='word_1_189' title='bbox 1713 2889 2062 2960; x_wconf 87' lang='lat' dir='ltr'>audierim</span> <span class='ocrx_word' id='word_1_190' title='bbox 2106 2890 2182 2958; x_wconf 91' lang='lat' dir='ltr'>in</span> <span class='ocrx_word' id='word_1_191' title='bbox 2215 2867 2417 2958; x_wconf 88' lang='lat' dir='ltr'>Italia</span> <span class='ocrx_word' id='word_1_192' title='bbox 2447 2909 2629 2985; x_wconf 88' lang='lat' dir='ltr'>que·</span> 
     </span>
     <span class='ocr_line' id='line_1_25' title="bbox 494 2996 2628 3096; baseline -0 -27"><span class='ocrx_word' id='word_1_193' title='bbox 494 2999 679 3070; x_wconf 84' lang='lat' dir='ltr'>relas</span> <span class='ocrx_word' id='word_1_194' title='bbox 724 2999 1005 3069; x_wconf 89' lang='lat' dir='ltr'>civium.</span> <span class='ocrx_word' id='word_1_195' title='bbox 1051 3000 1185 3071; x_wconf 89' lang='lat' dir='ltr'>Hic</span> <span class='ocrx_word' id='word_1_196' title='bbox 1234 3013 1307 3071; x_wconf 89' lang='lat' dir='ltr'>te</span> <span class='ocrx_word' id='word_1_197' title='bbox 1350 3002 1451 3072; x_wconf 90' lang='lat' dir='ltr'>ita</span> <span class='ocrx_word' id='word_1_198' title='bbox 1487 3000 1792 3088; x_wconf 85' lang='lat' dir='ltr'>versari,</span> <span class='ocrx_word' id='word_1_199' title='bbox 1837 3013 1918 3070; x_wconf 89' lang='lat' dir='ltr'>ut</span> <span class='ocrx_word' id='word_1_200' title='bbox 1959 3012 2033 3070; x_wconf 89' lang='lat' dir='ltr'>et</span> <span class='ocrx_word' id='word_1_201' title='bbox 2079 2996 2484 3096; x_wconf 87' lang='lat' dir='ltr'>publicanis</span> <span class='ocrx_word' id='word_1_202' title='bbox 2519 3019 2628 3068; x_wconf 87' lang='lat' dir='ltr'>sa-</span> 
     </span>
     <span class='ocr_line' id='line_1_26' title="bbox 498 3105 2632 3208; baseline -0.001 -28"><span class='ocrx_word' id='word_1_203' title='bbox 498 3105 804 3180; x_wconf 87' lang='lat' dir='ltr'>tisfacias</span> <span class='ocrx_word' id='word_1_204' title='bbox 826 3162 845 3195; x_wconf 91' lang='lat'>‚</span> <span class='ocrx_word' id='word_1_205' title='bbox 904 3110 1303 3208; x_wconf 83' lang='lat' dir='ltr'>praesertim</span> <span class='ocrx_word' id='word_1_206' title='bbox 1372 3107 1681 3206; x_wconf 87' lang='lat' dir='ltr'>publicis</span> <span class='ocrx_word' id='word_1_207' title='bbox 1739 3107 1926 3180; x_wconf 90' lang='lat' dir='ltr'>male</span> <span class='ocrx_word' id='word_1_208' title='bbox 1985 3109 2383 3207; x_wconf 87' lang='lat' dir='ltr'>redemptis</span> <span class='ocrx_word' id='word_1_209' title='bbox 2407 3119 2497 3197; x_wconf 90' lang='grc'>77,</span> <span class='ocrx_word' id='word_1_210' title='bbox 2559 3122 2632 3178; x_wconf 88' lang='lat' dir='ltr'>et</span> 
     </span>
     <span class='ocr_line' id='line_1_27' title="bbox 492 3218 2631 3317; baseline -0.002 -27"><span class='ocrx_word' id='word_1_211' title='bbox 492 3221 728 3292; x_wconf 82' lang='lat' dir='ltr'>socios</span> <span class='ocrx_word' id='word_1_212' title='bbox 761 3221 997 3317; x_wconf 87' lang='lat' dir='ltr'>perire</span> <span class='ocrx_word' id='word_1_213' title='bbox 1025 3243 1177 3289; x_wconf 91' lang='lat' dir='ltr'>non</span> <span class='ocrx_word' id='word_1_214' title='bbox 1210 3220 1399 3291; x_wconf 87' lang='lat' dir='ltr'>sinas</span> <span class='ocrx_word' id='word_1_215' title='bbox 1417 3273 1436 3308; x_wconf 93' lang='lat'>‚</span> <span class='ocrx_word' id='word_1_216' title='bbox 1476 3219 1733 3292; x_wconf 81' lang='lat' dir='ltr'>divinae</span> <span class='ocrx_word' id='word_1_217' title='bbox 1761 3218 2132 3314; x_wconf 86' lang='lat' dir='ltr'>cujusdam</span> <span class='ocrx_word' id='word_1_218' title='bbox 2165 3218 2452 3289; x_wconf 83' lang='lat' dir='ltr'>virtutis</span> <span class='ocrx_word' id='word_1_219' title='bbox 2479 3239 2631 3289; x_wconf 90' lang='lat' dir='ltr'>esse</span> 
     </span>
    </p>
   </div>
   <div class='ocr_carea' id='block_1_5' title="bbox 569 3447 2386 3516">
    <p class='ocr_par' dir='ltr' id='par_1_6' title="bbox 569 3447 2386 3516">
     <span class='ocr_line' id='line_1_28' title="bbox 569 3447 2386 3516; baseline 0.001 -16"><span class='ocrx_word' id='word_1_220' title='bbox 569 3467 657 3512; x_wconf 79' lang='lat'>7²·</span> <span class='ocrx_word' id='word_1_221' title='bbox 686 3447 962 3498; x_wconf 68' lang='lat' dir='ltr'>Publiceni.</span> <span class='ocrx_word' id='word_1_222' title='bbox 1004 3449 1199 3512; x_wconf 76' lang='lat' dir='ltr'>Quibus</span> <span class='ocrx_word' id='word_1_223' title='bbox 1232 3465 1419 3500; x_wconf 80' lang='lat' dir='ltr'>morem</span> <span class='ocrx_word' id='word_1_224' title='bbox 1446 3467 1524 3516; x_wconf 77' lang='lat' dir='ltr'>gc·</span> <span class='ocrx_word' id='word_1_225' title='bbox 1687 3462 1773 3513; x_wconf 71' lang='grc'>74.</span> <span class='ocrx_word' id='word_1_226' title='bbox 1796 3452 1899 3502; x_wconf 78' lang='lat' dir='ltr'>Alii</span> <span class='ocrx_word' id='word_1_227' title='bbox 1913 3489 1930 3515; x_wconf 87' lang='lat'><em>‚</em></span> <span class='ocrx_word' id='word_1_228' title='bbox 1955 3473 1977 3496; x_wconf 77' lang='grc' dir='ltr'>ι</span> <span class='ocrx_word' id='word_1_229' title='bbox 1995 3451 2325 3516; x_wconf 74' lang='lat' dir='ltr'>disjungemus</span> <span class='ocrx_word' id='word_1_230' title='bbox 2343 3474 2386 3501; x_wconf 69' lang='grc' dir='ltr'>υ.</span> 
     </span>
    </p>
   </div>
   <div class='ocr_carea' id='block_1_6' title="bbox 490 3527 2634 3754">
    <p class='ocr_par' dir='ltr' id='par_1_7' title="bbox 490 3527 2634 3754">
     <span class='ocr_line' id='line_1_29' title="bbox 496 3527 2632 3595; baseline -0 -16"><span class='ocrx_word' id='word_1_231' title='bbox 496 3547 602 3580; x_wconf 77' lang='lat' dir='ltr'>rere</span> <span class='ocrx_word' id='word_1_232' title='bbox 628 3527 831 3578; x_wconf 75' lang='lat' dir='ltr'>difficile</span> <span class='ocrx_word' id='word_1_233' title='bbox 864 3539 996 3587; x_wconf 77' lang='lat' dir='ltr'>erat,</span> <span class='ocrx_word' id='word_1_234' title='bbox 1016 3529 1257 3594; x_wconf 73' lang='lat' dir='ltr'>simulque</span> <span class='ocrx_word' id='word_1_235' title='bbox 1276 3531 1524 3579; x_wconf 76' lang='lat' dir='ltr'>sociorum</span> <span class='ocrx_word' id='word_1_236' title='bbox 1685 3533 1752 3594; x_wconf 83' lang='grc'>75</span> <span class='ocrx_word' id='word_1_237' title='bbox 1760 3568 1773 3581; x_wconf 98' lang='grc'><strong>.</strong></span> <span class='ocrx_word' id='word_1_238' title='bbox 1811 3533 1893 3580; x_wconf 80' lang='lat' dir='ltr'>Te.</span> <span class='ocrx_word' id='word_1_239' title='bbox 1919 3531 2221 3580; x_wconf 71' lang='lat' dir='ltr'>Facciohtns</span> <span class='ocrx_word' id='word_1_240' title='bbox 2240 3530 2396 3579; x_wconf 84' lang='lat' dir='ltr'>edidit</span> <span class='ocrx_word' id='word_1_241' title='bbox 2417 3545 2487 3591; x_wconf 79' lang='lat' dir='ltr'>se,</span> <span class='ocrx_word' id='word_1_242' title='bbox 2511 3545 2632 3595; x_wconf 82' lang='lat' dir='ltr'>pro·</span> 
     </span>
     <span class='ocr_line' id='line_1_30' title="bbox 490 3609 2494 3677; baseline 0.001 -21"><span class='ocrx_word' id='word_1_243' title='bbox 490 3610 603 3672; x_wconf 73' lang='lat' dir='ltr'>jura</span> <span class='ocrx_word' id='word_1_244' title='bbox 630 3609 757 3657; x_wconf 79' lang='lat' dir='ltr'>tueri</span> <span class='ocrx_word' id='word_1_245' title='bbox 772 3645 787 3671; x_wconf 87' lang='lat'>,</span> <span class='ocrx_word' id='word_1_246' title='bbox 825 3625 1092 3675; x_wconf 74' lang='lat' dir='ltr'>eorumque</span> <span class='ocrx_word' id='word_1_247' title='bbox 1125 3610 1407 3662; x_wconf 74' lang='lat' dir='ltr'>voluntates</span> <span class='ocrx_word' id='word_1_248' title='bbox 1432 3611 1526 3660; x_wconf 73' lang='lat' dir='ltr'>nihi</span> <span class='ocrx_word' id='word_1_249' title='bbox 1610 3623 1726 3677; x_wconf 76' lang='lat' dir='ltr'>pter</span> <span class='ocrx_word' id='word_1_250' title='bbox 1743 3627 1915 3660; x_wconf 80' lang='lat' dir='ltr'>vocem</span> <span class='ocrx_word' id='word_1_251' title='bbox 1937 3627 2046 3660; x_wconf 76' lang='lat' dir='ltr'>suos</span> <span class='ocrx_word' id='word_1_252' title='bbox 2062 3645 2078 3669; x_wconf 88' lang='lat'><strong>,</strong></span> <span class='ocrx_word' id='word_1_253' title='bbox 2106 3627 2217 3676; x_wconf 66' lang='lat' dir='ltr'>qne</span> <span class='ocrx_word' id='word_1_254' title='bbox 2242 3610 2494 3677; x_wconf 68' lang='lat' dir='ltr'>precedit.</span> 
     </span>
     <span class='ocr_line' id='line_1_31' title="bbox 496 3686 2634 3754; baseline 0.002 -20"><span class='ocrx_word' id='word_1_255' title='bbox 496 3686 779 3737; x_wconf 66' lang='lat' dir='ltr'>conciliare.</span> <span class='ocrx_word' id='word_1_256' title='bbox 1687 3692 1774 3753; x_wconf 83' lang='lat'>76.</span> <span class='ocrx_word' id='word_1_257' title='bbox 1795 3691 2042 3739; x_wconf 56' lang='lat' dir='ltr'>Portet-1⁰13.</span> <span class='ocrx_word' id='word_1_258' title='bbox 2073 3691 2140 3754; x_wconf 91' lang='lat' dir='ltr'>Q.</span> <span class='ocrx_word' id='word_1_259' title='bbox 2173 3690 2404 3739; x_wconf 75' lang='lat' dir='ltr'>Metellus</span> <span class='ocrx_word' id='word_1_260' title='bbox 2431 3691 2598 3754; x_wconf 73' lang='lat' dir='ltr'>Nepo-</span> <span class='ocrx_word' id='word_1_261' title='bbox 2615 3723 2634 3749; x_wconf 84' lang='lat'>‚</span> 
     </span>
    </p>
   </div>
   <div class='ocr_carea' id='block_1_7' title="bbox 492 3767 2640 4160">
    <p class='ocr_par' dir='ltr' id='par_1_8' title="bbox 492 3767 2640 4160">
     <span class='ocr_line' id='line_1_32' title="bbox 576 3767 2638 3835; baseline 0.002 -21"><span class='ocrx_word' id='word_1_262' title='bbox 576 3767 661 3826; x_wconf 74' lang='grc'>73.</span> <span class='ocrx_word' id='word_1_263' title='bbox 686 3767 876 3831; x_wconf 74' lang='lat' dir='ltr'>Optime</span> <span class='ocrx_word' id='word_1_264' title='bbox 892 3767 1131 3821; x_wconf 67' lang='lat' dir='ltr'>mainan.</span> <span class='ocrx_word' id='word_1_265' title='bbox 1152 3771 1407 3821; x_wconf 74' lang='lat' dir='ltr'>Pnblictni</span> <span class='ocrx_word' id='word_1_266' title='bbox 1422 3787 1524 3820; x_wconf 75' lang='lat' dir='ltr'>ma-</span> <span class='ocrx_word' id='word_1_267' title='bbox 1609 3785 1763 3835; x_wconf 83' lang='lat' dir='ltr'>qnnm</span> <span class='ocrx_word' id='word_1_268' title='bbox 1796 3781 1977 3835; x_wconf 67' lang='lat' dir='ltr'>pretor</span> <span class='ocrx_word' id='word_1_269' title='bbox 2017 3781 2170 3830; x_wconf 71' lang='lat' dir='ltr'>esset,</span> <span class='ocrx_word' id='word_1_270' title='bbox 2200 3769 2423 3835; x_wconf 74' lang='lat' dir='ltr'>portoria</span> <span class='ocrx_word' id='word_1_271' title='bbox 2461 3769 2638 3831; x_wconf 72' lang='lat' dir='ltr'>Iuliae,</span> 
     </span>
     <span class='ocr_line' id='line_1_33' title="bbox 496 3847 2640 3915; baseline 0.002 -24"><span class='ocrx_word' id='word_1_272' title='bbox 496 3858 643 3908; x_wconf 66' lang='lat' dir='ltr'>gnam</span> <span class='ocrx_word' id='word_1_273' title='bbox 668 3861 865 3909; x_wconf 74' lang='lat' dir='ltr'>operam</span> <span class='ocrx_word' id='word_1_274' title='bbox 890 3848 1119 3897; x_wconf 79' lang='lat' dir='ltr'>Ciceroni</span> <span class='ocrx_word' id='word_1_275' title='bbox 1150 3862 1443 3900; x_wconf 68' lang='lat' dir='ltr'>navaverunt</span> <span class='ocrx_word' id='word_1_276' title='bbox 1466 3852 1522 3900; x_wconf 82' lang='lat' dir='ltr'>in</span> <span class='ocrx_word' id='word_1_277' title='bbox 1608 3848 1717 3913; x_wconf 79' lang='lat' dir='ltr'>lege</span> <span class='ocrx_word' id='word_1_278' title='bbox 1737 3849 1836 3899; x_wconf 75' lang='lat' dir='ltr'>lata</span> <span class='ocrx_word' id='word_1_279' title='bbox 1855 3886 1870 3910; x_wconf 89' lang='lat'>,</span> <span class='ocrx_word' id='word_1_280' title='bbox 1906 3849 2200 3900; x_wconf 68' lang='lat' dir='ltr'>sustulerat:</span> <span class='ocrx_word' id='word_1_281' title='bbox 2227 3867 2324 3915; x_wconf 77' lang='lat' dir='ltr'>qna</span> <span class='ocrx_word' id='word_1_282' title='bbox 2351 3849 2414 3898; x_wconf 77' lang='lat' dir='ltr'>de</span> <span class='ocrx_word' id='word_1_283' title='bbox 2443 3865 2498 3898; x_wconf 72' lang='lat' dir='ltr'>re</span> <span class='ocrx_word' id='word_1_284' title='bbox 2521 3847 2640 3896; x_wconf 77' lang='lat' dir='ltr'>vide</span> 
     </span>
     <span class='ocr_line' id='line_1_34' title="bbox 498 3923 2639 3996; baseline 0.005 -27"><span class='ocrx_word' id='word_1_285' title='bbox 498 3923 849 3988; x_wconf 68' lang='lat' dir='ltr'>exstinguenda</span> <span class='ocrx_word' id='word_1_286' title='bbox 887 3927 1110 3977; x_wconf 65' lang='lat' dir='ltr'>Catilina</span> <span class='ocrx_word' id='word_1_287' title='bbox 1156 3931 1519 3991; x_wconf 50' lang='lat' dir='ltr'>coniurationia</span> <span class='ocrx_word' id='word_1_288' title='bbox 1607 3929 1835 3978; x_wconf 83' lang='lat' dir='ltr'>Dionem.</span> <span class='ocrx_word' id='word_1_289' title='bbox 1853 3933 1928 3979; x_wconf 84' lang='lat' dir='ltr'>De</span> <span class='ocrx_word' id='word_1_290' title='bbox 1953 3929 2032 3978; x_wconf 71' lang='lat' dir='ltr'>his</span> <span class='ocrx_word' id='word_1_291' title='bbox 2047 3931 2166 3996; x_wconf 74' lang='lat' dir='ltr'>ipsis</span> <span class='ocrx_word' id='word_1_292' title='bbox 2182 3933 2418 3996; x_wconf 75' lang='lat' dir='ltr'>portoriis</span> <span class='ocrx_word' id='word_1_293' title='bbox 2433 3931 2639 3980; x_wconf 71' lang='lat' dir='ltr'>sublatis</span> 
     </span>
     <span class='ocr_line' id='line_1_35' title="bbox 492 4001 2590 4076; baseline 0.005 -28"><span class='ocrx_word' id='word_1_294' title='bbox 492 4001 643 4065; x_wconf 73' lang='lat' dir='ltr'>cique</span> <span class='ocrx_word' id='word_1_295' title='bbox 676 4013 955 4053; x_wconf 75' lang='lat' dir='ltr'>mutuorum</span> <span class='ocrx_word' id='word_1_296' title='bbox 986 4005 1338 4058; x_wconf 67' lang='lat' dir='ltr'>beneficiorum</span> <span class='ocrx_word' id='word_1_297' title='bbox 1377 4025 1520 4059; x_wconf 64' lang='lat' dir='ltr'>nnn</span> <span class='ocrx_word' id='word_1_298' title='bbox 1607 4007 1777 4058; x_wconf 69' lang='lat' dir='ltr'>scribit</span> <span class='ocrx_word' id='word_1_299' title='bbox 1803 4007 1978 4060; x_wconf 83' lang='lat' dir='ltr'>Cicero</span> <span class='ocrx_word' id='word_1_300' title='bbox 1995 4009 2084 4059; x_wconf 85' lang='lat' dir='ltr'>lib.</span> <span class='ocrx_word' id='word_1_301' title='bbox 2105 4013 2157 4058; x_wconf 86' lang='lat'>11</span> <span class='ocrx_word' id='word_1_302' title='bbox 2178 4011 2242 4058; x_wconf 80' lang='lat' dir='ltr'>ad</span> <span class='ocrx_word' id='word_1_303' title='bbox 2265 4011 2370 4060; x_wconf 78' lang='lat' dir='ltr'>Att.</span> <span class='ocrx_word' id='word_1_304' title='bbox 2397 4027 2480 4076; x_wconf 79' lang='lat' dir='ltr'>cp.</span> <span class='ocrx_word' id='word_1_305' title='bbox 2509 4011 2590 4059; x_wconf 76' lang='grc' dir='ltr'>ιδ.</span> 
     </span>
     <span class='ocr_line' id='line_1_36' title="bbox 494 4081 2636 4160; baseline 0.006 -33"><span class='ocrx_word' id='word_1_306' title='bbox 494 4081 883 4143; x_wconf 68' lang='lat' dir='ltr'>conjunctissimi</span> <span class='ocrx_word' id='word_1_307' title='bbox 908 4095 1061 4134; x_wconf 71' lang='lat' dir='ltr'>erant.</span> <span class='ocrx_word' id='word_1_308' title='bbox 1607 4155 1614 4160; x_wconf 31' lang='grc' dir='ltr'>Ι</span> <span class='ocrx_word' id='word_1_309' title='bbox 1683 4103 1768 4152; x_wconf 82' lang='grc'>77.</span> <span class='ocrx_word' id='word_1_310' title='bbox 1793 4089 1929 4140; x_wconf 65' lang='lat' dir='ltr'>Male</span> <span class='ocrx_word' id='word_1_311' title='bbox 1945 4089 2216 4156; x_wconf 72' lang='lat' dir='ltr'>redemptis.</span> <span class='ocrx_word' id='word_1_312' title='bbox 2227 4091 2353 4153; x_wconf 76' lang='lat' dir='ltr'>Quin</span> <span class='ocrx_word' id='word_1_313' title='bbox 2377 4089 2636 4156; x_wconf 72' lang='lat' dir='ltr'>publicani</span> 
     </span>
    </p>
   </div>
  </div>
 </body>
</html>
