3019 4681
599 376 1154 446 EPISTOLAE
1204 376 1335 443 AD
1387 373 2096 460 ATTICUM,XV,
2148 396 2262 471 29.
2386 371 2529 469 473

392 522 556 571 cum
580 553 601 586 ,
637 512 709 570 et
749 490 1154 569 ονιτείσοισθαι.8
1192 495 1348 565 vult
1393 517 1562 565 cum
1593 498 1817 565 Bruto
1850 509 1924 566 et
1962 496 2231 567 Cassio.
2270 494 2411 567 Sed
2447 509 2531 566 tu

393 606 572 704 quid
608 608 754 679 ais?
789 608 938 678 scio
978 608 1172 677 enim
1206 619 1279 676 te
1321 601 1741 675 familiarem
1782 628 1935 684 esse
1974 602 2375 677 Othonum.
2412 607 2532 677 Ait

390 716 512 789 hic
553 715 690 788 sibi
724 716 983 788 Julian:
1029 713 1303 787 serre9:
1357 714 1835 785 constitutum
1882 715 2075 785 enim
2120 736 2275 785 esse
2320 713 2531 786 disci-

389 826 614 898 dium.
654 828 1002 919 Quaesivit
1041 850 1129 897 ex
1161 848 1280 896 me
1320 838 1551 923 pater,
1587 823 1820 923 qualis
1858 839 2045 895 esset
2077 822 2285 896 fama.
2327 826 2530 909 Dixi,

389 938 576 1009 nihil
611 961 785 1009 sane
827 962 945 1008 me
983 934 1264 1029 audisse
1304 931 1759 1031 (nesciebam
1798 936 2033 1022 enim,
2072 958 2204 1005 cur
2250 957 2530 1030 quaere·

389 1048 600 1143 ret),
643 1048 784 1117 nisi
825 1046 918 1118 de
955 1068 1082 1117 ore
1108 1100 1129 1134 ,
1163 1058 1240 1117 et
1285 1058 1490 1143 patre
1508 1053 1595 1112 ¹⁰.
1625 1040 1767 1115 Sed
1801 1066 2116 1140 quorsus
2137 1096 2156 1131 ,
2190 1043 2535 1142 inquam?

391 1156 484 1223 At
527 1152 688 1239 ille,
729 1150 964 1223 filium
997 1149 1183 1223 velle
1209 1161 1291 1221 ¹¹.
1336 1153 1520 1220 Tum
1564 1174 1737 1247 egO,
1778 1151 1913 1222 etsi
1955 1144 2417 1247 ἐὸδελυττόμην
2446 1160 2532 1236 ¹²,

391 1273 638 1329 tamen
671 1260 930 1357 negavi
960 1272 1217 1356 putare
1250 1281 1368 1328 me
1401 1254 1522 1326 illa
1560 1279 1711 1328 esse
1743 1280 1935 1327 vera.
1974 1259 2212 1337 Σκοπὸς
2240 1250 2299 1299 ¹3
2344 1254 2534 1352 (hoc

389 1378 501 1435 est
543 1364 785 1459 enim)
839 1362 1014 1435 huic
1055 1378 1309 1434 nostro
1359 1362 1541 1433 nihil
1594 1363 1934 1461 praebere.
1992 1363 2119 1434 Illa
2175 1376 2419 1433 autem
2463 1368 2532 1432 οὐ

387 1472 560 1564 παρὰ
619 1484 802 1541 τοῦτο
831 1472 913 1540 ¹4.
969 1474 1122 1566 Ego
1178 1484 1420 1541 tamen
1471 1472 1840 1567 suspicor,
1894 1469 2094 1540 hunc
2115 1523 2136 1558 ,
2178 1483 2273 1538 ut
2312 1467 2536 1555 solet,

389 1580 838 1652 hallucinari.
899 1579 1042 1653 Sed
1089 1580 1304 1652 velim
1361 1604 1641 1678 quaeras
1677 1576 1929 1677 (facile
1964 1592 2203 1651 autem
2243 1578 2535 1675 potes);

389 1704 463 1760 et
503 1714 624 1760 me
661 1693 1043 1763 certiorem
1065 1687 1155 1760 ¹⁵.

481 1798 811 1871 Obsecro
865 1814 936 1871 te
965 1854 984 1889 ,
1036 1800 1215 1898 quid
1269 1814 1380 1872 est
1435 1799 1627 1871 hoc?
1673 1802 1962 1897 Signata
2004 1800 2151 1896 jam
2188 1797 2530 1897 epistola,

375 1912 804 1995 Formiani,
840 1910 970 2008 qui
1009 1910 1201 2008 apud
1239 1935 1356 1982 me
1391 1910 1821 1999 coenabant,
1854 1910 2198 1982 Plancum
2235 1934 2351 1995 se,
2394 1910 2535 1980 aie-

387 2016 606 2108 bant,
644 2020 845 2091 hunc
880 2021 1339 2094 Buthrotium
1363 2018 1452 2109 ¹⁶,
1504 2020 1781 2119 pridie,
1822 2046 2039 2119 quam
2081 2021 2227 2091 hoc
2262 2018 2531 2091 scribe-

386 2130 597 2218 bam,
637 2130 713 2202 id
742 2146 852 2203 est
887 2158 992 2203 1111
1029 2156 1305 2220 nonas,
1344 2130 1605 2205 vidisse
1635 2128 2025 2203 demissum
2046 2140 2139 2219 ¹⁷,
2175 2134 2331 2202 sine
2364 2128 2538 2228 pha-

387 2240 592 2329 leris3
631 2243 956 2315 servulos
987 2258 1232 2314 autem
1266 2244 1545 2332 dicere,
1590 2267 1761 2315 eum
1800 2257 1874 2313 et
1911 2244 2267 2340 agripetas
2288 2238 2347 2285 ¹⁸
2384 2240 2533 2336 eje·

387 2367 547 2422 ctos
591 2378 634 2424 a
683 2354 1100 2426 Buthrotiis.
1149 2359 1403 2427 Macte.
1458 2355 1641 2443 Sed,
1683 2353 1943 2427 amabo
1988 2369 2060 2426 te
2087 2409 2107 2443 ,
2161 2351 2531 2453 perscribe

387 2461 571 2534 mihi
605 2477 844 2535 totum
888 2466 1284 2564 negotium.

389 2610 636 2659 Favonius
655 2623 750 2672 est,
771 2613 996 2662 Malum
1017 2614 1250 2679 appellen.
1263 2615 1417 2664 Recte

370 2690 610 2753 quidem.
640 2692 734 2740 En.

461 2770 510 2816 8.
539 2769 844 2820 Σπείσασθαι.
871 2771 1048 2820 Foedus
1072 2773 1242 2819 faeere.

462 2863 512 2910 9.
562 2851 726 2897 Ferre.
788 2849 986 2898 Scilicet
1044 2847 1413 2910 conditionem3

389 2925 526 2990 quod
565 2927 806 2990 loquendi
847 2945 999 2992 genus
1037 2929 1266 2992 frequens
1291 2939 1364 2976 est
1395 2944 1410 2974 ε

393 3006 490 3054 hoc
509 3016 602 3064 eet,
615 3007 978 3055 matrimonium
997 3007 1192 3055 offme-
1209 3009 1387 3056 Gnaev.

465 3101 552 3134 ιο.
571 3085 690 3132 Nisi
707 3084 771 3133 de
796 3101 900 3144 ore,
933 3097 984 3132 et
992 3097 1160 3150 patre.
1179 3085 1322 3144 Dixi,
1339 3100 1417 3133 me

391 3163 538 3212 Juliae
553 3174 744 3228 patrem
761 3165 1052 3228 cognovisse
1064 3198 1081 3223 ‚
1105 3163 1236 3211 illam
1258 3174 1416 3212 nutem

391 3241 453 3290 de
477 3241 604 3290 faeie
630 3252 818 3292 tantum
837 3277 853 3303 ,
881 3242 943 3292 de
972 3244 1098 3291 sama
1119 3241 1244 3290 nihil
1270 3243 1416 3292 acite.

393 3323 600 3371 ΜΑκυτ.

469 3417 490 3448 1
505 3417 553 3449 ι.
595 3399 772 3448 mium
805 3401 952 3450 vello.
996 3404 1031 3451 J
1033 3401 1180 3448 uliam
1217 3401 1414 3449 ducere.

469 3495 546 3527 η.
570 3469 955 3547 ὲῧδελυττόμπν.
973 3477 1323 3528 Abominabar.

466 3559 552 3607 13.
599 3556 794 3615 Σκοπός.
833 3559 1047 3623 Seopm,
1067 3557 1216 3627 fineis.
1259 3559 1416 3608 Notat

390 3637 566 3700 Quinti
585 3637 738 3701 patris
759 3638 1008 3686 avaritiam
1027 3671 1044 3699 ,
1068 3638 1156 3702 qui
1173 3638 1296 3686 nihil
1310 3654 1415 3702 spe-

391 3726 542 3764 ctaret
568 3715 705 3764 aliud
719 3754 735 3779 ‚
764 3731 911 3780 quam
929 3729 988 3766 ut
1011 3715 1118 3764 filio
1135 3731 1199 3764 ne
1224 3715 1345 3780 quid
1360 3718 1416 3764 in

390 3806 634 3861 numpgnm
665 3797 937 3862 praeberet,
963 3798 1176 3864 ideoque
1211 3800 1256 3847 ei
1293 3813 1410 3846 con-

391 3875 583 3924 cederet
602 3876 665 3924 de
683 3892 837 3924 uxore
858 3877 1097 3927 ducenda.
1121 3879 1270 3925 Mne.

467 3958 551 4014 14.
595 3955 666 4005 Οὐ
704 3951 845 4022 παρὰ
871 3959 1026 4004 τοῦτο.
1058 3957 1174 4004 Non
1213 3965 1418 4020 propter

389 4031 503 4091 hoe,
525 4034 560 4080 i.
579 4050 622 4082 e.
651 4049 752 4082 non
776 4051 837 4082 eo
857 4035 888 4081 J
893 4034 986 4081 ulia
1007 4032 1412 4090 commovebitur,

392 4111 654 4175 quominus
687 4113 734 4160 ei
768 4113 933 4160 nnbat.
965 4115 1080 4164 Non
1108 4114 1162 4160 in
1185 4130 1243 4161 eo
1269 4116 1413 4176 ponit

1505 2629 1609 2661 rem
1621 2647 1636 2674 ,
1654 2624 1741 2662 ant
1758 2611 2093 2662 difficultatem
2104 2647 2120 2674 ,
2143 2613 2285 2676 quui
2308 2611 2449 2676 quod
2466 2615 2531 2676 Q.

1503 2689 1638 2739 mins
1665 2691 1804 2740 dives
1834 2709 1940 2740 non
1978 2692 2071 2756 sit,
2096 2693 2195 2740 hoc
2234 2707 2341 2740 non
2366 2703 2531 2751 curat,

1504 2770 1623 2818 dnm
1643 2771 1783 2818 illum
1809 2771 1987 2820 habeat
2008 2773 2251 2821 maritum.
2289 2774 2365 2819 Ita
2400 2770 2533 2819 enim

1501 2849 1696 2896 videtur
1712 2845 1975 2898 credidisse
2008 2866 2111 2898 non
2135 2853 2203 2914 Q.
2232 2850 2380 2899 frater
2394 2884 2410 2909 ‚
2446 2849 2533 2898 sed

1502 2927 1568 2990 Q.
1578 2925 1724 2975 filins.
1748 2929 1927 2976 Moue-

1580 3008 1661 3054 15.
1686 3005 1959 3054 Certiorem.
1976 3006 2161 3072 Supple
2177 3041 2193 3065 ,
2221 3008 2390 3056 facins.

1580 3085 1668 3134 16.
1692 3085 2017 3134 Buthrotium.
2034 3087 2135 3149 Qui
2159 3087 2412 3150 profectus
2428 3097 2533 3134 erat

1505 3163 1570 3212 nd
1607 3179 1775 3228 agrum
1822 3165 2137 3213 Buthrotium
2190 3163 2529 3214 dividendum.

1509 3245 1609 3308 Ep.
1640 3259 1685 3304 1,
1712 3244 1802 3293 lib.
1826 3245 1967 3292 xv1.
1986 3245 2135 3292 Mun.

1583 3339 1605 3371 1
1618 3341 1665 3386 7.
1684 3324 1974 3372 Dominum.
1992 3325 2063 3371 Ut
2086 3323 2219 3387 apud
2236 3325 2407 3371 Horat.
2428 3325 2528 3373 Sat.

1503 3407 1547 3460 1,
1586 3419 1637 3467 9,
1667 3419 1761 3452 20:
1790 3425 1817 3446 ιι
1836 3403 2055 3452 Demitto
2083 3401 2323 3451 auriculas
2350 3413 2405 3450 ut
2430 3403 2530 3451 ini-

1505 3498 1618 3546 quae
1632 3485 1809 3540 mentis
1828 3483 2005 3532 asellus
2021 3505 2067 3532 n.
2090 3485 2259 3530 Bn.—
2275 3480 2389 3529 Sine
2398 3481 2531 3546 pha-

1504 3561 1638 3611 let-1⁰³.
1660 3563 1873 3612 Phalerae
1886 3563 2088 3628 proprie
2104 3573 2237 3618 sunt,
2256 3576 2367 3624 quae
2387 3561 2527 3609 fron-

1503 3641 1635 3689 tibus
1654 3657 1891 3706 equorum
1906 3677 1924 3704 ,
1942 3653 2143 3690 ornatus
2162 3641 2313 3704 gratia
2326 3673 2343 3698 ‚
2366 3640 2534 3705 impo-

1499 3731 1703 3768 nuntur.
1748 3723 2095 3788 Μεταφορικῶς
2131 3719 2235 3768 aliis
2276 3719 2339 3769 de
2382 3721 2527 3770 rebus

1501 3809 1821 3861 usurpantur.
1842 3801 1987 3850 Mu«.

1578 3891 1601 3922 1
1611 3877 1639 3922 8
1646 3912 1659 3924 .
1676 3875 1953 3942 Agripetas.
1964 3876 2063 3939 Qui
2078 3876 2309 3924 Plancum
2318 3880 2531 3942 sequuti,

1503 3965 1691 4018 partem
1709 3957 1815 4019 agri
1828 3955 2075 4002 Buthrotii
2088 3955 2344 4019 petierant,
2363 3955 2525 4005 sedem

1502 4034 1555 4081 in
1600 4033 1765 4082 alieno
1801 4043 2088 4098 quaerentes.
2134 4037 2289 4100 Epist.
2335 4052 2356 4083 1
2397 4047 2444 4083 et
2494 4039 2525 4092 4

1500 4113 1587 4161 lib.
1622 4117 1831 4174 xvl,et
1856 4114 1985 4163 Phil.
2018 4131 2066 4177 7.
2094 4117 2242 4164 Inna.
