3019 4681
484 371 621 442 262
1052 421 1061 428 -
1112 373 1211 440 M.
1262 374 1338 440 T.
1392 373 1974 442 CICERONIS

578 479 693 564 De'
722 493 951 564 Attica
969 546 990 581 ‚
1036 490 1455 575 molestum;
1494 483 1622 564 sed
1675 493 2020 588 quoniam
2071 489 2322 562 leviter
2345 544 2368 580 ‚
2405 507 2598 564 recte

486 625 638 672 esse
698 598 1009 672 confido.
1052 603 1158 672 De
1205 600 1499 673 Gamala
1541 599 1924 672 dubiumst
1964 600 2144 672 mihi
2186 624 2340 672 non
2392 617 2544 672 erat
2579 631 2596 672 ε

487 708 680 782 unde
719 712 913 781 enim
948 725 1095 781 tam
1140 709 1311 781 felix
1352 714 1574 806 Ligus
1611 713 1854 807 pater?
1885 715 2067 784 Nam
2119 712 2294 808 quid
2345 711 2435 783 de
2485 737 2600 782 me

486 819 718 890 dicam
736 875 755 906 ‚
793 822 913 891 cui
940 834 1023 889 ut
1055 821 1297 890 omnia
1326 821 1786 916 contingant,
1803 845 1960 916 quae
1985 819 2185 909 volo,
2215 820 2428 892 levari
2453 845 2602 890 non

485 931 824 1027 possum?
858 933 969 1000 De
1004 933 1219 1000 Drusi
1254 928 1519 1017 hortis,
1555 936 1809 1026 quanti
1840 930 2160 1015 licuisse,
2193 946 2273 1001 tu
2303 928 2553 1001 scribis
2581 957 2597 999 ε

486 1036 561 1109 id
605 1063 740 1134 ego
794 1061 1095 1135 quoque
1134 1037 1499 1109 audieram
1520 1092 1541 1126 ,
1577 1053 1690 1127 et,
1729 1054 1808 1110 ut
1845 1043 2145 1134 opinor,
2193 1039 2352 1110 heri
2391 1039 2478 1110 ad
2529 1053 2602 1110 te

487 1151 957 1244 scripseram3
1006 1145 1135 1218 sed
1188 1150 1445 1244 quanti
1502 1149 1796 1245 quanti,
1845 1147 2032 1220 bene
2091 1150 2354 1220 emitur
2403 1145 2606 1246 quod

488 1279 779 1328 necesse
816 1271 951 1327 est.
998 1257 1221 1343 Mihi,
1276 1281 1580 1354 quoquo
1623 1257 1847 1327 modo
1881 1272 1966 1328 tu
2001 1257 2360 1329 existimas
2397 1261 2425 1353 (
2457 1259 2604 1327 scio

488 1366 683 1436 enim
721 1390 856 1463 ego
891 1369 1045 1464 ipse
1067 1420 1086 1454 ‚
1124 1366 1303 1464 quid
1340 1367 1431 1438 de
1460 1391 1576 1437 me
1610 1365 2103 1460 existimem),
2131 1367 2392 1438 levatio
2421 1389 2610 1462 quae-

488 1473 655 1545 dam
708 1492 845 1563 est,
882 1478 942 1547 si
980 1478 1217 1547 minus
1254 1474 1560 1563 doloris,
1597 1491 1670 1546 at
1705 1473 1926 1548 officii
1959 1474 2186 1547 debiti
2215 1473 2304 1546 ¹⁵.
2351 1474 2461 1548 Ad
2497 1479 2608 1546 Si-

492 1608 649 1654 cam
668 1585 1144 1683 scripsi‚quod
1171 1589 1402 1656 utitur
1415 1590 1494 1656 L.
1504 1581 1802 1656 Cotta1⁶.
1825 1587 1897 1656 Si
1929 1583 2108 1655 nihil
2133 1583 2610 1656 conficeretur

492 1693 583 1765 de
638 1694 1187 1766 Transtiberinis
1217 1750 1235 1784 ,
1297 1693 1521 1766 habet
1561 1698 1640 1765 in
1687 1695 1996 1764 Ostiensi
2041 1697 2254 1764 Cotta
2293 1691 2609 1765 celeber-

493 1802 677 1872 rimo
710 1802 871 1875 loco
892 1857 911 1892 ,
950 1803 1075 1878 sed
1107 1804 1453 1902 pusillum
1494 1802 1638 1875 loci
1676 1831 1692 1872 :
1733 1803 1822 1874 ad
1871 1802 2056 1874 hanc
2093 1811 2330 1874 rem¹7
2369 1817 2612 1874 tamen

494 1909 659 2007 plus
693 1915 907 1982 etiam
955 1915 1122 1984 satis
1142 1907 1226 1983 ¹⁸.
1268 1912 1351 1984 Id
1398 1912 1614 1984 velim
1654 1913 1937 2008 cogites
1983 1915 2135 1984 Nec
2186 1927 2422 1983 tamen
2483 1913 2614 1983 ista

494 2022 723 2118 pretia
754 2021 1132 2094 hortorum
1169 2024 1647 2120 pertimueris.
1693 2025 1844 2094 Nec
1881 2021 2056 2094 mihi
2085 2022 2228 2117 jam
2269 2035 2568 2118 argento
2594 2075 2614 2110 ,

496 2153 634 2200 nec
673 2145 869 2202 veste
902 2154 1095 2228 opus
1135 2146 1278 2220 est,
1324 2147 1459 2202 nec
1507 2129 1994 2227 quibusquam
2041 2133 2348 2202 amoenis
2393 2131 2614 2202 locis:

499 2237 640 2308 hoc
676 2263 862 2337 opus
895 2256 1022 2312 est.
1062 2241 1291 2313 Video
1329 2243 1546 2311 etiam
1566 2293 1586 2326 ‚
1616 2264 1656 2309 a
1684 2239 1951 2336 quibus
1979 2239 2298 2336 adjuvari
2325 2241 2613 2338 possim.

500 2347 638 2421 Sed
684 2350 984 2447 loquere
1018 2376 1187 2423 cum
1226 2352 1399 2424 Silio
1442 2379 1459 2421 ε
1498 2350 1684 2423 nihil
1713 2354 1906 2421 enim
1943 2364 2051 2423 est
2096 2350 2366 2422 melius,
2409 2354 2617 2423 Man-

502 2459 665 2531 davi
708 2463 919 2533 etiam
972 2465 1143 2533 Sicae
1182 2488 1199 2531 ε
1238 2462 1601 2560 rescripsit
1621 2516 1640 2549 ‚
1689 2462 2165 2532 constitutum
2208 2486 2283 2533 se
2321 2485 2486 2532 cum
2527 2485 2616 2532 eo

498 2568 789 2751 hagiebre.
826 2571 1104 2643 Scribat
1144 2574 1357 2670 igitur
1382 2570 1473 2643 ad
1508 2594 1626 2641 me
1647 2624 1668 2658 ‚
1710 2569 1886 2667 quid
1932 2571 2195 2667 egerit,
2227 2584 2302 2641 et
2337 2584 2420 2640 ut
2451 2578 2617 2645 tu¹⁹

502 2704 571 2749 vi
623 2704 661 2749 e
716 2704 797 2750 is.
1715 2704 1738 2741 ι

576 2842 656 2891 ι4.
680 2834 909 2885 Dubium.
932 2836 1273 2902 subintellige,
1298 2840 1417 2903 quin
1451 2854 1515 2885 ex

482 2909 561 2962 'eo
586 2915 760 2962 morbo
783 2918 1043 2964 moriturus
1068 2927 1207 2965 esset.
1232 2919 1516 2966 Mumm—

506 2979 737 3043 OEnala.
762 2994 965 3044 variant
990 2996 1053 3045 de
1086 2998 1283 3044 nomine
1319 2997 1516 3047 codices

503 3089 647 3120 manu
670 3073 849 3121 exarati
870 3089 883 3122 ε
910 3075 995 3123 aed
1021 3076 1157 3139 parvi
1181 3074 1278 3125 hoe
1300 3076 1413 3125 loeo
1439 3090 1515 3123 re-

500 3154 609 3201 fert.
628 3152 839 3215 Quidam
864 3152 1037 3216 legunt
1058 3156 1265 3219 Magala
1285 3173 1303 3203 :
1330 3170 1512 3203 nomeu

498 3242 757 3295 utrumqne
783 3232 1085 3295 incognitum
1098 3268 1115 3291 ‚
1146 3250 1233 3281 nec
1260 3250 1516 3283 romanum

502 3310 710 3359 videtur.
746 3311 841 3358 Sed
879 3311 1071 3359 videtur
1112 3313 1255 3361 fuisse
1294 3314 1481 3377 Liguris
1498 3346 1516 3372 ,

501 3389 755 3438 Ciceronis
780 3391 951 3447 amici,
976 3389 1126 3449 filius,
1149 3402 1231 3439 aut
1246 3390 1345 3441 filia
1362 3428 1377 3450 ‚
1403 3408 1515 3441 nam

502 3470 719 3531 sequitur
751 3485 765 3518 ε
794 3470 971 3517 «Unde
1000 3482 1098 3519 tam
1132 3471 1249 3519 felix
1273 3483 1399 3521 esset
1424 3487 1517 3535 pa-

508 3550 610 3595 ter?
624 3570 647 3588 n
666 3548 813 3597 Conf.
834 3548 919 3600 lib.
940 3552 1078 3608 xlv,
1104 3549 1241 3611 epist.
1268 3552 1317 3597 6.
1345 3556 1514 3599 Axon.

1677 2832 1758 2885 15.
1788 2833 1955 2903 Officii
1967 2834 2134 2884 debiti.
2166 2838 2318 2898 Quasi
2341 2852 2404 2885 ex
2431 2846 2549 2885 voto
2571 2848 2620 2885 et

1601 2914 1862 2979 promisse.
1890 2913 2017 2962 Vide
2042 2916 2180 2978 epist.
2205 2916 2285 2966 18.

1639 3020 1653 3031 ν
1679 2996 1757 3044 ι6.
1779 2994 1926 3058 Quod
1945 2993 2086 3041 mim
2105 2998 2162 3043 l..
2185 2995 2345 3044 Cotta.
2363 2995 2494 3057 Quia
2511 2995 2620 3058 ejus

1603 3073 1846 3122 familiaris
1873 3083 1960 3121 est.
1981 3075 2096 3121 Seu.

1677 3170 1735 3216 1¹7
1748 3194 1760 3205 .
1787 3156 1870 3204 Ad
1887 3156 2016 3205 kant.-
2031 3172 2150 3206 nm.
2173 3160 2358 3206 Fanum
2373 3169 2619 3207 exau-uen-

1603 3235 1738 3285 dum.
1759 3236 1903 3284 Mne.

1665 3316 1758 3375 38.
1788 3314 1936 3363 Multi
1952 3315 2092 3373 MSS,
2109 3330 2258 3378 quam
2275 3314 2543 3365 sadeJN.
2561 3318 2618 3363 1..

1683 3408 1758 3456 ¹9·
1796 3395 1888 3450 Et,
1923 3405 1982 3441 m
2015 3405 2086 3441 eu.
2111 3396 2244 3441 Latet
2277 3394 2460 3457 aliquid
2499 3396 2621 3443 vitii.

1605 3476 1782 3521 Forte:
1810 3494 1836 3514 κ
1859 3472 2050 3522 scribat
2085 3472 2236 3535 igitur
2274 3474 2336 3520 ad
2363 3488 2440 3522 me
2459 3506 2474 3529 ,
2505 3472 2621 3536 quid

1607 3551 1756 3614 egerit
1777 3566 1791 3599 τ
1810 3561 1861 3599 at
1881 3552 2048 3615 quanti
2067 3584 2082 3609 ‚
2099 3562 2152 3599 tu
2179 3550 2421 3599 videbis».
2445 3553 2619 3599 Guv.

1305 3788 1902 3817 -..ᾤμ-
