3019 4681
499 337 640 425 546
1123 336 1220 403 Μ.
1277 335 1354 404 Τ.
1408 330 1989 403 CICERONIS

496 463 738 535 dentia
777 474 936 544 tua,
975 455 1254 553 reliqua
1285 452 1515 529 videri
1554 452 1857 529 mitiora.
1892 455 2203 523 Possunt
2242 453 2319 523 in
2349 460 2631 552 pactio-

499 572 716 645 nibus
735 564 801 625 84
853 566 1202 641 faciendis
1257 590 1408 637 non
1463 564 1699 661 legem
1713 556 1779 607 ⁸⁵
1834 577 2155 660 spectare
2192 568 2593 637 censoriam
2612 620 2636 653 ,

495 680 622 754 sed
679 680 922 777 potius
979 672 1567 749 commoditatem
1586 667 1655 717 ⁸⁶
1705 669 2139 744 conficiendi
2192 678 2507 773 negotii,
2564 692 2638 747 et

495 793 999 868 liberationem
1034 787 1396 858 molestiae.
1431 788 1647 857 Potes
1674 787 1889 857 etiam
1918 798 1997 854 tu
2024 782 2099 854 id
2126 781 2361 855 facere
2378 836 2399 872 ,
2433 786 2637 883 quod

497 920 574 975 et
610 900 840 973 fecisti
879 899 1164 995 egregie
1185 949 1204 980 ‚
1251 910 1325 967 et
1361 892 1571 981 facis,
1622 908 1705 965 ut
1750 916 2279 965 commemores
2299 948 2320 983 ,
2362 910 2641 996 quanta

497 1016 590 1085 sit
622 1015 700 1081 in
727 1006 1132 1109 publicanis
1163 1003 1512 1102 dignitas,
1543 1017 1901 1101 quantum
1939 1028 2075 1075 nos
2106 1003 2205 1075 illi
2243 1004 2485 1076 ordini
2519 1004 2642 1077 de·

498 1123 801 1195 beamus
822 1172 843 1205 ,
879 1132 965 1188 ut
1013 1130 1298 1187 remoto
1346 1117 1659 1213 imperio
1681 1168 1702 1202 ‚
1746 1136 1831 1186 ac
1885 1114 1957 1184 vi
2008 1116 2382 1211 potestatis
2422 1130 2497 1186 et
2532 1112 2640 1185 sa-

501 1233 768 1316 scium,
807 1227 1234 1326 publicanos
1265 1250 1436 1301 cum
1485 1224 1749 1297 Graecis
1794 1228 2023 1321 gratia
2060 1239 2289 1321 ,atque
2324 1228 2643 1297 auctori-

499 1355 646 1413 tate
693 1339 1112 1439 conjungas.
1163 1336 1304 1411 Sed
1355 1350 1428 1409 et
1477 1335 1574 1408 ab
1620 1338 1746 1418 iis,
1786 1335 1879 1407 de
1927 1333 2199 1432 quibus
2238 1338 2517 1434 optimc
2558 1352 2647 1407 tu

503 1450 804 1521 meritus
852 1473 967 1534 οε,
1017 1462 1090 1519 et
1126 1449 1254 1545 qui
1305 1444 1440 1521 tibi
1485 1447 1733 1517 omnia
1776 1445 2087 1533 debent,
2127 1440 2351 1519 hoc⁸⁷
2400 1462 2645 1544 petas,

501 1576 587 1633 ut
637 1559 978 1633 facilitate
1022 1582 1186 1645 sua,
1242 1580 1374 1629 nos
1415 1581 1577 1629 eam
1630 1557 2237 1629 necessitudinem
2256 1610 2277 1645 ,
2321 1581 2487 1654 quae
2538 1570 2654 1629 est

501 1671 716 1744 nobis
750 1693 916 1741 cum
949 1667 1388 1767 publicanis,
1419 1664 1751 1739 obtinere
1790 1681 1867 1739 et
1902 1689 2327 1739 conservare
2364 1670 2647 1765 patian-

505 1798 651 1854 tur.
691 1780 836 1854 Sed
868 1779 1042 1877 quid
1089 1802 1228 1876 ego
1269 1792 1342 1851 te
1390 1776 1544 1851 haec
1583 1776 1863 1865 hortor,
1911 1802 2072 1875 quae
2120 1793 2201 1849 tu
2234 1802 2387 1849 non
2422 1776 2648 1847 modo

507 1892 742 1965 facere
789 1904 1000 1990 potes
1049 1904 1172 1961 tua
1219 1902 1482 1985 sponte
1534 1889 1687 1961 sine
1745 1887 2177 1986 cujusquam
2230 1887 2609 1985 praeceptis
2626 1940 2649 1973 ‚

509 2001 637 2075 sed
676 2004 888 2073 etiam
925 2022 1188 2097 magna
1223 2000 1374 2095 jam
1411 2022 1502 2071 ex
1552 2011 1757 2096 parte
1802 1995 2211 2095 perfecisti?
2249 2000 2417 2069 Non
2454 2000 2649 2068 enim

511 2112 871 2197 desistunt
923 2108 1138 2181 nobis
1185 2132 1396 2205 agere
1448 2105 1777 2205 quotidie
1826 2110 2084 2205 gratias
2116 2108 2653 2179 honestissima.

511 2237 587 2293 et
627 2222 952 2295 maximae
994 2212 1497 2293 societates⁸⁸:
1542 2218 1747 2315 quod
1802 2218 2099 2317 quidem
2150 2219 2327 2290 mihi
2382 2218 2654 2290 idcirco

509 2327 906 2428 jucundius
944 2343 1092 2418 est,
1129 2326 1332 2426 quod
1363 2326 1561 2402 idem
1594 2326 1870 2402 faciunt
1904 2332 2153 2402 Graeci.
2198 2328 2512 2402 Difficile
2548 2344 2658 2403 est

515 2454 796 2526 autem,
827 2463 912 2512 ea
933 2492 952 2526 ,
985 2463 1150 2536 ,quae
1177 2439 1609 2526 commodis,
1642 2441 1955 2512 utilitate
1976 2493 1999 2530 ,
2032 2454 2104 2512 et
2135 2464 2367 2539 prope
2398 2456 2659 2512 natura

519 2549 798 2620 diversa
853 2564 1064 2634 sunt,
1117 2549 1486 2624 voluntate
1536 2550 2004 2648 conjungere.
2056 2556 2149 2623 At
2196 2575 2279 2622 ea
2314 2551 2659 2647 quidem,

523 2683 686 2758 quae
715 2681 934 2756 supra
959 2663 1226 2756 scripta
1257 2675 1462 2746 sunt,
1493 2684 1647 2732 nou
1676 2674 1759 2732 ut
1784 2675 1857 2732 te
1884 2663 2333 2752 instituerem
2352 2713 2373 2746 ,
2406 2661 2663 2759 scripsi

525 2773 554 2864 (
583 2791 826 2865 neque
861 2768 1053 2838 enim
1084 2767 1470 2865 prudentia
1509 2784 1634 2842 tua
1665 2771 2097 2866 cujusquam
2134 2785 2495 2868 praecepta
2530 2770 2661 2842 de-

528 2875 878 2972 siderat),
915 2876 1042 2948 sed
1073 2901 1188 2949 me
1214 2881 1292 2947 in
1325 2877 1709 2950 scribendo
1734 2881 2325 2971 commemoratio
2354 2893 2499 2950 tuae
2528 2881 2666 2950 vir-

532 2988 704 3058 tutis
741 2985 1162 3065 delectavit:
1204 3011 1648 3084 quamquam
1684 2991 1761 3059 in
1798 2988 1911 3060 his
1949 2989 2171 3060 literis
2202 2987 2493 3088 long-ior
2526 2987 2667 3076 fui,

532 3121 750 3196 quam
783 3112 908 3169 aut
943 3097 1236 3185 vellem,
1279 3111 1406 3168 aut
1439 3122 1659 3195 quam
1697 3121 1813 3168 me
1849 3098 2097 3195 putavi
2132 3095 2310 3169 fore.

624 3211 874 3278 Unum
919 3221 1067 3294 est,
1103 3206 1304 3304 quod
1347 3206 1478 3278 tibi
1517 3232 1653 3308 ego
1690 3210 2079 3308 praecipere
2116 3233 2269 3279 non
2300 3207 2663 3294 desinam,

602 3436 688 3494 84.
723 3435 783 3481 In
819 3430 1143 3500 pactionibus.
1180 3433 1553 3482 Paeisoohamm·
1712 3434 1797 3483 86.
1833 3433 2251 3483 commoditatem·
2276 3434 2351 3482 Ut
2376 3449 2457 3482 ren
2482 3434 2671 3482 uitam

533 3513 784 3578 publicani
809 3527 919 3560 cum
953 3511 1338 3576 provincialibus
1364 3512 1426 3560 do
1451 3527 1553 3561 mo·
1638 3513 1881 3570 inveniat,
1902 3514 2131 3577 quodam
2152 3513 2333 3562 remitti
2350 3513 2405 3561 in
2428 3513 2673 3578 pacu’oni—

537 3592 628 3648 do,
656 3590 716 3638 dc
737 3607 789 3638 re
803 3624 820 3649 ,
841 3590 902 3638 de
926 3601 1143 3656 tempore
1164 3623 1180 3649 ,
1207 3593 1450 3641 eta—De
1475 3590 1553 3639 his
1640 3593 1732 3641 bus
1752 3592 1953 3642 debent.

533 3669 841 3734 pactionibus
867 3670 978 3720 vide
999 3672 1048 3718 iu
1069 3671 1214 3722 Verr..
1237 3671 1331 3730 111,
1351 3679 1434 3728 1⁴·
1455 3671 1551 3721 En.
1714 3671 1797 3731 87.
1836 3673 1945 3720 Hoc
1984 3680 2144 3735 petas.
2178 3670 2247 3718 Ut
2282 3669 2377 3719 tibi
2411 3670 2472 3719 in
2500 3687 2555 3718 re
2578 3669 2670 3718 hac

609 3748 692 3794 85.
717 3750 892 3812 legem
921 3747 1212 3798 censoriam.
1229 3748 1555 3814 vectigalium
1640 3747 1993 3816 gratificentur,
2038 3749 2095 3798 id
2135 3759 2207 3798 est
2220 3783 2237 3808 ,
2283 3761 2345 3798 ut
2384 3751 2669 3814 pactionum

558 3825 862 3876 ocandorum
885 3844 1000 3878 cura
1022 3844 1172 3892 penes
1189 3843 1413 3876 censores
1431 3839 1559 3888 erat,
1648 3827 1963 3878 difficultates
1988 3841 2267 3878 removeant
2282 3863 2299 3890 ,
2344 3841 2395 3878 et
2420 3830 2671 3895 negotium

537 3906 623 3970 qui
650 3917 802 3956 certas
833 3907 1556 3960 conditiones-conductoribus
1644 3907 1923 3974 expediant.

536 3983 766 4032 dicebant
782 4019 797 4043 ‚
829 4001 892 4034 ne
913 3986 1058 4032 nimia
1081 3984 1346 4036 acerbitate
1367 3997 1416 4035 et
1435 4001 1559 4036 ava·
1718 3989 1801 4037 88.
1831 3989 1899 4038 Ee
1932 3987 2167 4038 maxima·
2192 3987 2474 4041 societates.
2502 3987 2669 4038 Publi·

534 4063 643 4110 ritis
667 4062 826 4110 socios
852 4061 1125 4126 perderent.
1650 4082 1897 4117 canorum,
