3019 4681
1225 414 1957 444 ”affl
1966 418 2524 447 moufflfflffl

896 593 2003 772 'ARGUMENTUM

1137 897 1438 975 LIBRI
1499 893 1801 977 NONL

399 1102 782 1165 Continentur
805 1100 944 1159 item
973 1100 1086 1160 hoc
1111 1099 1266 1160 libro
1297 1099 1455 1160 Cnaei
1487 1100 1623 1179 fuga
1652 1096 2055 1175 Brundisium,
2093 1112 2268 1181 atque
2308 1104 2445 1163 inde
2470 1104 2532 1165 in

478 1196 882 1258 Macedoniam
927 1196 1284 1257 transmissio
1297 1240 1318 1269 ,
1362 1214 1494 1273 quae
1542 1195 1652 1255 fuit
1694 1194 1889 1255 idibus
1928 1196 2147 1255 martiis
2163 1240 2181 1271 ,
2226 1200 2533 1277 praemissis

478 1308 650 1353 antea
677 1290 1012 1353 consulibus
1055 1294 1123 1351 L.
1148 1290 1419 1351 Cornelio
1445 1290 1695 1351 Lentulo
1714 1337 1731 1367 ‚
1770 1294 1829 1349 et
1853 1295 1919 1351 C.
1948 1291 2192 1351 Claudio
2218 1296 2498 1355 Marcello
2514 1340 2533 1371 ,

480 1410 612 1450 cum
655 1389 924 1450 omnibus
963 1408 1128 1469 paene
1171 1386 1599 1469 magistratibus
1625 1430 1644 1461 ,
1694 1385 2022 1467 cunctoque
2073 1402 2318 1449 senatu:
2364 1404 2537 1451 aestus

479 1488 657 1548 animi
683 1487 1088 1568 aegxitudoqne
1118 1486 1440 1554 Ciceronis,
1467 1485 1729 1547 Atticum
1754 1486 2135 1558 eonsulentis,
2167 1506 2347 1565 quum
2367 1494 2538 1549 Pom·

480 1584 644 1663 peius
677 1583 846 1643 ltalia
883 1581 1144 1652 cesserit,
1178 1580 1322 1660 quid
1353 1580 1466 1639 sibi
1498 1580 1826 1640 faciendum
1862 1581 1976 1640 sit:
2007 1581 2461 1661 redeuntemque
2500 1604 2537 1643 a

483 1680 815 1754 Brundisio,
834 1699 954 1759 quo
981 1679 1322 1758 Pompeium
1349 1678 1541 1736 suerat
1564 1690 1982 1755 persequutus,
2010 1692 2419 1757 exspectat-ene
2445 1680 2544 1740 de²

481 1776 617 1835 beat
633 1820 652 1851 ,
693 1788 754 1835 et
780 1794 900 1855 quo
927 1774 1174 1835 maxime
1200 1774 1262 1833 in
1287 1774 1448 1847 loco,
1475 1792 1595 1853 quo
1622 1774 1789 1833 vultu
1817 1794 2198 1853 sermoneque
2224 1776 2494 1854 excipere
2518 1800 2534 1836 ε

479 1874 732 1953 denique
779 1894 1120 1953 congressus
1158 1873 1284 1952 ipue
1333 1880 1466 1933 curn
1512 1874 1771 1947 Caesare,
1798 1886 1857 1933 et
1897 1873 2197 1951 utriusque
2236 1872 2537 1935 discessus.

482 1976 628 2046 Quae
654 1972 847 2031 omnia
885 1971 1220 2031 aeciderunt
1255 1969 1462 2029 diebus
1494 1972 1671 2050 paulo
1704 1970 1836 2049 plus
1868 1970 2089 2049 viginti.
2139 1974 2288 2031 Nam
2336 1972 2534 2049 quoti-

483 2066 670 2127 dimne
691 2069 847 2129 inter
873 2082 972 2127 eos
999 2080 1164 2127 erant
1182 2066 1382 2125 literaez
