3019 4681
484 373 626 460 466
1110 368 1211 437 Μ.
1266 366 1344 431 Τ.
1398 361 1989 433 CICERONIS

488 515 567 569 tu
600 498 813 579 etiam
850 493 1057 576 scite,
1112 518 1145 553 α
1183 511 1333 584 quo
1372 484 1490 555 die
1523 483 1696 553 oli-m
1735 484 2094 582 piaculum
2116 480 2144 527 3
2167 514 2200 550 n
2225 537 2245 570 ‚
2285 486 2624 581 mysteria

488 608 775 679 scilicet.
812 606 909 672 Ut
936 616 1017 671 ut
1056 600 1147 670 sit
1184 593 1341 668 res4
1364 647 1384 681 ‚
1428 617 1631 663 casus
1669 591 2048 664 consilium
2083 596 2314 664 nostri
2350 594 2626 665 itineris

480 714 855 813 judicabit.
894 710 1331 783 Dubitemus
1374 703 1615 800 igitur.
1671 708 1795 773 Est
1835 706 2028 773 enim
2081 700 2389 773 hiberna
2422 705 2624 773 navi-

489 828 682 927 gatio
744 822 1040 908 odiosa3
1084 838 1321 913 eoque
1364 838 1455 883 ex
1508 826 1582 881 te
1614 814 2029 908 quaesieram
2067 807 2628 909 mysteriorum⁵

492 938 707 1009 diem.
749 939 1091 1017 Brutum,
1134 942 1218 998 ut
1258 922 1552 1008 scribiS‚
1589 924 1820 991 visum
1856 924 1945 993 iri
1993 948 2034 993 a
2073 948 2190 996 me
2229 938 2432 1022 puto.
2474 928 2626 1021 Ego

492 1050 665 1119 hinc
693 1043 861 1115 volo
892 1039 1076 1139 prid.
1114 1037 1250 1109 kal.

569 1214 618 1261 3.
654 1212 760 1273 Quo
796 1206 880 1256 die
915 1205 1031 1253 oIim
1064 1201 1331 1268 piaculum.
1368 1196 1515 1261 Qu'ae-

499 1293 643 1342 sierat
678 1289 882 1346 Cicero,
916 1300 1081 1333 aunon
1120 1296 1282 1346 operae
1306 1277 1520 1343 pretium

504 1382 628 1419 esset
643 1372 812 1417 Romae
838 1384 889 1415 se
914 1365 1080 1414 adesse
1097 1397 1113 1423 ,
1145 1359 1337 1409 circiter
1368 1371 1522 1404 nonas

502 1450 749 1517 (quintum
772 1444 921 1509 diem)
951 1439 1247 1501 decembris3
1264 1448 1522 1503 propterea

507 1528 645 1594 quod
688 1516 765 1575 IX
808 1525 917 1573 idus
962 1522 1063 1583 (die
1106 1518 1321 1581 decimo)
1356 1514 1526 1564 inituri

506 1620 670 1660 essent
687 1605 1015 1669 magistratum
1035 1601 1149 1647 novi
1174 1596 1377 1653 tribuni,
1404 1608 1526 1657 quo-

509 1704 617 1737 rum
644 1701 745 1733 non
763 1684 907 1749 pauci
924 1684 1075 1729 Bruto
1094 1676 1321 1726 favebant
1342 1686 1391 1723 et
1410 1674 1526 1721 Cas·

511 1770 585 1817 sio
602 1784 617 1827 ;
637 1778 781 1828 atque
813 1778 942 1811 unus
966 1761 1112 1809 etiam
1140 1757 1384 1823 particeps
1410 1767 1530 1801 con-

505 1847 768 1911 jurationis
806 1844 1035 1892 adversus
1076 1840 1313 1888 Caesarem
1352 1835 1526 1881 suerat.

512 1930 583 1977 Ut
598 1928 871 1990 designaret
888 1936 1043 1969 nonas
1060 1917 1339 1967 decembres
1349 1951 1365 1977 ‚
1392 1913 1530 1961 dixe-

514 2021 591 2058 rat
617 2006 993 2071 -mysteriorum
1022 2000 1151 2047 diem
1161 2020 1205 2061 ι,
1223 1997 1455 2061 quoniam
1471 2008 1532 2041 eo

516 2089 595 2135 die
654 2101 788 2134 sacra
838 2081 1025 2129 flebant
1072 2094 1099 2125 a
1144 2074 1429 2125 mulieribus
1481 2072 1536 2119 in

517 2175 691 2232 operto
709 2166 861 2212 Bonae
883 2163 1017 2208 Deae.
1032 2159 1215 2205 Eorum
1234 2155 1534 2218 religionem,

513 2260 669 2310 quum
696 2250 999 2291 exerceretur
1035 2238 1087 2284 in
1124 2234 1311 2283 edibus
1343 2230 1540 2281 C.Jnlii

519 2325 746 2384 Cesar-is,
764 2321 1024 2370 violaverat
1048 2320 1105 2366 P.
1127 2314 1331 2364 Clodius
1354 2314 1442 2362 illo
1464 2312 1540 2360 fa-

521 2405 719 2461 cinore,
772 2400 908 2464 quod
955 2397 1213 2460 aliquoties
1278 2393 1541 2456 exagitavit

523 2484 733 2534 oratorie
758 2482 931 2530 Cicero
948 2513 961 2536 ,
979 2488 1027 2524 et
1056 2475 1289 2522 historice
1316 2471 1542 2521 narrabat

524 2563 722 2620 Attico,
752 2562 805 2618 1,
852 2558 933 2605 13.
979 2558 1095 2619 Ipso
1130 2553 1218 2601 illo
1256 2551 1334 2600 die
1367 2553 1540 2600 Cicero

526 2641 697 2690 consul
724 2641 777 2686 in
805 2635 1074 2685 custodiam
1109 2632 1369 2681 tradiderat
1404 2631 1544 2695 prin·

426 2721 441 2729 ’
526 2722 658 2786 cipes
694 2717 985 2769 Catilinariae
1018 2712 1397 2775 conjurationis,
1423 2727 1544 2774 quo-

525 2818 636 2849 rum
660 2809 816 2846 morte
841 2795 972 2860 piata
995 2792 1269 2861 conjuratio
1292 2789 1545 2839 fuit.Atti-

528 2897 613 2928 cus
662 2875 930 2926 rescribens
950 2907 965 2930 ,
1007 2885 1101 2936 pro
1157 2893 1179 2914 ι
1196 2871 1542 2935 mysteriorum

526 2959 647 3008 die·-
670 2965 925 3022 posuerat,
964 2976 987 2997 ι
1004 2969 1106 3018 quo
1134 2951 1213 2999 die
1240 2951 1355 2998 olim
1383 2950 1544 3014 piacu-

526 3041 628 3087 lum
642 3061 681 3084 ι».
706 3036 891 3084 Laudat
923 3032 1047 3087 hoc,
1070 3041 1127 3078 ut
1163 3031 1281 3078 scite
1324 3030 1538 3088 dictum,

526 3121 728 3168 Cicero:
767 3129 919 3179 quum
958 3112 1084 3159 enim
1121 3132 1142 3152 ι
1160 3109 1407 3174 piaculum
1424 3130 1449 3149 a»
1492 3119 1544 3156 et

526 3201 713 3250 facinus
739 3196 828 3253 sit,
874 3204 923 3241 et
965 3192 1291 3258 piamentum,
1327 3207 1381 3236 ea
1417 3204 1542 3236 voce

528 3281 668 3327 unica
692 3273 971 3323 memoriam
998 3272 1190 3319 Atticus
1214 3267 1468 3315 refricabat
1494 3277 1544 3314 et

526 3359 775 3407 Clodianae
802 3352 1038 3407 infamiae,
1074 3360 1123 3396 et
1142 3347 1317 3418 ‚gloriae
1344 3347 1545 3395 Cicero-

526 3439 705 3486 nianae.
724 3433 817 3482 Sed
847 3448 872 3479 a
899 3447 1010 3478 vera
1026 3429 1173 3488 hujus
1190 3426 1289 3474 loci
1308 3427 1544 3474 sententia

526 3517 709 3564 multos
742 3511 916 3561 avertit
955 3510 1071 3557 salsa
1109 3519 1271 3554 mente
1307 3519 1545 3570 concepta

526 3596 716 3659 opinio,
736 3589 875 3655 quod
895 3603 1027 3636 sacra
1046 3587 1196 3634 Bonae
1216 3586 1332 3633 Deae
1350 3583 1546 3635 kalend.

530 3673 643 3720 maii
680 3670 868 3717 fierent.
902 3667 1108 3715 Constat
1142 3677 1302 3712 autem
1330 3681 1384 3711 ea
1411 3679 1547 3711 sacra

527 3767 634 3799 aevo
670 3747 921 3798 Ciceronis
958 3763 1014 3793 ac
1051 3745 1252 3792 Caesaris
1284 3744 1406 3791 facta
1443 3761 1544 3790 esse

524 3829 669 3877 nonis
694 3826 910 3874 decemb.
932 3825 981 3872 Si
1008 3823 1239 3871 kalendas
1256 3825 1403 3870 maias
1423 3824 1544 3870 assi-

527 3916 677 3970 gnant
699 3905 935 3962 Ovidius,
964 3905 1093 3949 Fast.
1111 3904 1181 3960 V,
1208 3903 1299 3956 148
1321 3936 1334 3960 ‚
1365 3912 1413 3949 et
1439 3903 1544 3951 Ma-

527 3983 744 4041 crobius,
775 3987 975 4031 Saturu.
998 3985 1039 4042 1,
1072 3998 1125 4028 ια
1146 3999 1161 4040 ;
1188 3981 1239 4029 id
1262 3998 1321 4029 eo
1343 3982 1546 4040 sactum,

1601 1195 1738 1258 quod
1773 1195 1906 1244 diem
1945 1207 2176 1245 mutasset
2203 1212 2257 1245 ea
2288 1194 2476 1260 religio.
2512 1197 2630 1244 Mu·

1605 1276 1740 1323 tandi
1759 1293 1948 1326 causam
1971 1277 2154 1326 indicat
2167 1277 2402 1335 ovidius,
2432 1280 2626 1334 Fan-V,

1613 1356 1728 1417 157.
1754 1356 2010 1421 Templum
2037 1356 2224 1405 scilicet
2243 1358 2393 1404 Bonae
2415 1358 2533 1403 Deae
2551 1372 2632 1403 re-

1607 1437 1826 1483 stituerat
1845 1436 2001 1494 Livia,
2027 1448 2077 1483 et
2097 1435 2322 1483 kalendis
2349 1436 2464 1483 maii
2493 1434 2628 1482 dedi-

1609 1526 1759 1565 carat.
1794 1516 1966 1579 Neque
1997 1514 2159 1563 solum
2200 1514 2337 1574 dies,
2372 1514 2458 1562 aed
2493 1513 2631 1562 locus

1611 1595 1756 1642 etiam
1789 1605 1862 1642 est
1885 1604 2116 1642 mutatus.
2141 1596 2309 1657 Quum
2332 1593 2462 1640 euim
2487 1595 2628 1643 Cice-

1611 1674 1746 1720 ronis
1765 1684 1906 1721 aetate
1931 1688 1988 1719 ac
2016 1672 2219 1721 Caesaris
2239 1704 2254 1729 ,
2277 1688 2330 1719 ea
2352 1670 2528 1720 fierent
2547 1688 2628 1719 sa-

1611 1768 1694 1799 cra
1722 1752 1776 1799 in
1801 1752 1988 1801 aedibus
2013 1751 2266 1801 consulum
2283 1786 2298 1811 ,
2333 1762 2420 1800 aut
2456 1762 2634 1816 prato-

1612 1848 1722 1879 rum
1739 1865 1755 1890 ‚
1786 1832 1884 1879 Dio
1905 1832 2096 1880 Cassius
2118 1830 2204 1879 lib.
2235 1832 2486 1879 xxxvl!
2505 1864 2521 1890 ‚
2569 1830 2635 1877 ad

1616 1922 1795 1958 annum
1818 1910 1943 1960 Urb.
1963 1910 2022 1959 C.
2053 1912 2152 1972 692
2170 1942 2186 1967 ,
2205 1908 2266 1957 de
2293 1909 2380 1956 illo
2405 1924 2540 1956 more
2567 1910 2634 1955 ita

1615 1989 1853 2052 loquitur,
1888 1990 1962 2036 uti
1983 1999 2269 2036 consuetum
2305 1998 2380 2035 est
2407 1988 2468 2035 de
2493 1987 2638 2036 rebus

1621 2069 1792 2116 veteris
1815 2069 1906 2115 aevi
1932 2078 1985 2115 ct
2005 2068 2282 2131 antiquatis.
2322 2069 2469 2114 Οιῐν.

1693 2154 1742 2203 4.
1770 2148 1833 2194 Ue
1850 2158 1904 2193 ue
1919 2163 1970 2194 se
1992 2148 2228 2198 res.Vict.
2251 2157 2300 2193 et
2323 2148 2516 2195 Manut.
2543 2166 2564 2189 ι
2581 2158 2641 2193 ut

1593 2220 1606 2234 ⁸
1621 2237 1674 2274 tu
1699 2228 1897 2275 sciren.
1920 2226 2139 2274 Lambin.
2177 2246 2202 2267 ιι
2221 2236 2280 2273 ut
2315 2236 2371 2273 tu
2403 2224 2574 2273 scribis
2595 2245 2640 2273 n.

1622 2306 1777 2356 Nullo
1809 2306 2072 2370 utrobique
2109 2320 2268 2354 senem
2304 2306 2543 2354 Gruterus
2577 2322 2642 2354 ex

1623 2391 1797 2450 Bosio,
1825 2399 1918 2435 «ut
1937 2398 1990 2434 ut
2013 2387 2078 2434 sit
2103 2403 2178 2434 res
2202 2407 2244 2434 ι.
2273 2385 2522 2434 Convenit
2539 2401 2644 2432 sen-

1625 2467 1792 2515 tentia.
1814 2466 2043 2514 latinitas
2069 2474 2324 2528 repugnat,
2342 2476 2402 2511 ut
2424 2463 2643 2511 animad-

1624 2547 1772 2596 vertit
1795 2548 2038 2593 vavassor
2054 2579 2068 2604 ‚
2087 2543 2256 2592 libello
2293 2543 2354 2590 de
2369 2545 2436 2590 vi
2455 2554 2504 2590 et
2529 2545 2632 2592 Usu

1625 2624 1945 2690 quorumdam
1979 2623 2264 2672 verborum.
2312 2621 2460 2670 Edidi
2505 2622 2646 2686 quod

1625 2705 1806 2753 latebat
1832 2704 1886 2751 iu
1911 2703 1992 2750 illa
2017 2713 2180 2750 vetere
2200 2703 2469 2766 scriptura,
2509 2722 2530 2745 ι
2549 2702 2646 2749 sci-

1627 2803 1704 2832 res
1729 2808 1768 2832 ι.
1795 2785 2044 2847 Integrum
2063 2791 2188 2830 esset
2207 2817 2222 2839 ,
2245 2803 2270 2824 ιι
2285 2793 2341 2828 ut
2363 2792 2420 2829 ut
2444 2797 2498 2829 se
2525 2797 2602 2828 res
2618 2803 2646 2822 a

1625 2865 1889 2914 habebunt.
1917 2862 2128 2921 Deinde,
2147 2877 2322 2910 «casus
2340 2859 2582 2923 iudicabit
2597 2883 2645 2916 a,

1625 2947 1722 2994 hoc
1749 2957 1846 3004 est,
1871 2955 2022 2991 utres
2051 2943 2228 2992 cadent
2245 2977 2260 3000 ‚
2294 2943 2362 2990 ita
2387 2939 2646 2988 consilium

1626 3027 1862 3072 instruam
1885 3024 2072 3071 itineris
2093 3023 2204 3070 mei.
2229 3020 2320 3068 ibo
2337 3054 2353 3078 ,
2380 3019 2570 3077 redibo,
2593 3030 2650 3066 ut

1627 3106 1746 3152 feret
1777 3119 1947 3150 cursus
1985 3101 2174 3160 rerum,
2217 3111 2267 3148 et
2294 3099 2526 3163 temporis
2549 3113 2639 3162 op-

1625 3183 1914 3250 portunitas.
1941 3185 2096 3230 Inus.

1703 3265 1750 3312 5.
1785 3265 1868 3308 Ex
1910 3271 1954 3308 te
1992 3257 2288 3324 quesierant
2324 3253 2654 3317 myster-ionem

1634 3343 1778 3392 diem.
1839 3342 2035 3388 (lenum
2099 3337 2220 3385 mihi
2286 3345 2358 3383 cst
2378 3371 2394 3396 ‚
2451 3334 2612 3397 inquit
2634 3369 2650 3392 ,

1641 3421 1804 3470 adesse
1861 3421 2034 3466 Romae
2093 3415 2312 3463 kalendis
2361 3415 2553 3474 januar.
2605 3422 2654 3460 at

1635 3503 1676 3551 si
1721 3499 1932 3548 reditum
1977 3499 2028 3544 in
2071 3495 2122 3542 id
2165 3505 2356 3557 tempus
2399 3493 2621 3540 differam
2639 3526 2656 3549 ‚

1636 3579 1862 3631 obeunda
1909 3577 2002 3624 erit
2047 3573 2288 3621 «hiberna
2330 3571 2577 3634 navigatio
2597 3592 2623 3612 ι.
2643 3605 2660 3628 ,

1635 3677 1746 3726 quae
1771 3673 1962 3722 semper
1989 3654 2182 3703 odiosa.
2225 3651 2285 3698 Id
2319 3649 2550 3714 effugiam
2580 3649 2657 3696 in-

1633 3737 1969 3793 commodum,
1999 3735 2038 3781 si
2077 3731 2311 3780 maturius
2349 3727 2650 3793 proficiscar,

1635 3837 1691 3867 ac
1733 3817 1941 3864 redeam.
1991 3812 2184 3860 Idcirco
2236 3809 2553 3872 «quaesieram
2595 3820 2659 3854 ex

1635 3913 1685 3950 te
1703 3923 1728 3941 n·
1751 3935 1765 3959 ‚
1789 3911 1952 3944 annon
1982 3895 2132 3940 satius
2153 3890 2284 3962 <foret
2313 3887 2468 3935 redire
2491 3903 2568 3934 me
2589 3885 2653 3932 ad

1637 3976 1962 4032 mrsteriorum
1985 3971 2131 4020 diem.
2153 3971 2304 4016 Inus.

1262 4139 1941 4166 *w
