3019 4681
409 371 550 460 348
1044 377 1142 444 Μ.
1192 375 1273 444 Τ.
1328 374 1902 445 CICERONIS

407 496 599 570 enim
637 497 790 592 ejus
828 518 1043 587 causa
1073 519 1244 566 sane
1272 493 1551 567 debeo:
1590 509 1695 584 et,
1735 496 1794 565 si
1831 473 2114 583 emero,
2149 495 2328 593 quid
2364 499 2538 592 erit,

406 605 612 704 quod
649 605 1007 703 postulet?
1037 606 1178 678 Sed
1215 605 1530 695 videbis,
1555 630 1651 677 ne
1682 606 1742 675 is
1775 628 2007 702 quum
2041 605 2131 675 sit
2157 606 2235 675 in
2267 604 2538 696 Africa,

404 730 491 788 ut
512 727 538 771 ⁷
578 717 869 788 Coelius.
895 721 1005 788 De
1032 717 1369 804 nomine,
1405 730 1491 788 tu
1523 713 1804 787 videbis
1837 737 2003 788 cum
2040 717 2285 814 Cispio
2319 743 2334 784 ε
2373 716 2536 802 sed,

402 828 463 898 si
498 826 800 897 Plancus
840 825 1147 898 destinat
1167 822 1224 914 ⁸,
1265 842 1421 898 tum
1466 824 1690 897 habet
1727 849 1842 896 res
1879 821 2401 897 difficultatem.
2438 830 2540 897 Te

405 933 498 1013 ad,
542 960 658 1008 me
698 938 947 1016 venire
1000 950 1700 1034 uterqueonostrum
1755 938 1999 1033 cupit3
2057 933 2186 1006 sed
2235 935 2370 1006 ista
2426 958 2541 1012 res

404 1046 611 1122 nullo
654 1047 879 1122 modo
923 1046 1403 1145 relinquenda
1455 1060 1588 1118 est.
1641 1043 2010 1116 Othonem
2055 1043 2256 1141 quod
2301 1068 2542 1142 speras

406 1179 620 1254 posse
670 1158 901 1245 vinci,
950 1181 1121 1229 sane
1182 1157 1373 1230 bene
1425 1179 1698 1227 narras.
1750 1159 1862 1226 De
1912 1157 2416 1245 aestimatione,
2462 1167 2545 1225 ut

408 1265 665 1338 scribis
684 1321 704 1354 ,
739 1291 971 1365 quum
1013 1292 1219 1366 agere
1262 1267 1696 1364 coeperimus
1731 1293 1747 1334 :
1799 1266 1934 1337 etsi
1975 1263 2154 1335 nihil
2191 1265 2472 1362 scripsit
2486 1275 2543 1352 9,

410 1376 551 1447 nisi
588 1375 679 1448 de
714 1375 937 1448 modo
987 1380 1157 1476 agri.
1204 1382 1389 1449 Cum
1430 1376 1736 1463 Pisone,
1773 1374 1832 1445 si
1873 1372 2054 1470 quid
2089 1374 2374 1472 poteris.
2417 1373 2543 1442 Di-

412 1481 710 1554 oaearchi
746 1480 1012 1554 librum
1046 1483 1333 1582 accepi3
1369 1495 1444 1552 et
1477 1477 1880 1561 καταδάσεως
1903 1487 1968 1524 ¹⁰
2005 1493 2369 1576 exspecto.
2397 1482 2545 1550 Ne-

414 1592 693 1687 gotium
723 1590 1007 1664 dederis
1028 1603 1129 1682 ¹¹3
1158 1593 1466 1692 reperiet
1488 1600 1552 1634 ¹²
1591 1615 1682 1662 ex
1719 1615 1806 1662 eo
1841 1587 2030 1660 libro
2053 1641 2073 1676 ‚
2100 1590 2178 1658 in
2203 1612 2354 1685 quo
2381 1597 2547 1658 sunt

413 1704 1038 1774 senatusconsulta
1098 1708 1227 1775 Cn.
1285 1701 1625 1774 Cornelio
1650 1755 1670 1788 ‚
1720 1704 1798 1771 L.
1841 1699 2197 1770 Mummio
2235 1696 2548 1769 consuli-

413 1805 575 1880 buS.
614 1813 726 1879 De
767 1808 1126 1881 Tuditano
1169 1823 1406 1880 autem
1432 1859 1451 1893 ,
1494 1805 1698 1906 quod
1735 1819 1946 1902 putas
1967 1859 1987 1893 ,
2023 1810 2268 1902 εὔλογον
2296 1800 2360 1847 ¹³
2403 1817 2548 1890 est,

414 1932 569 1990 tum
628 1919 829 1991 illum
854 1973 873 2008 ‚
929 1921 1276 2018 quoniam
1326 1917 1469 1990 fuit
1508 1915 1602 1988 ad
1637 1914 2074 1988 Corinthum
2117 1919 2322 2012 (non
2355 1915 2548 1984 enim

415 2041 686 2102 temere
723 2030 905 2102 dixit
944 2029 1459 2125 Hortensius),
1495 2039 2088 2124 aut,quaestorem
2113 2079 2133 2112 ,
2169 2040 2294 2096 aut
2325 2022 2551 2094 tribu-

418 2163 597 2212 num
641 2140 993 2227 militum3
1034 2138 1258 2237 idque
1294 2139 1540 2237 potius
1574 2134 1794 2207 fuisse
1836 2134 2077 2207 credo.
2127 2139 2238 2204 Tu
2277 2132 2368 2204 de
2404 2137 2552 2203 An-

419 2248 665 2320 tiocho
694 2252 759 2301 ¹⁴
786 2251 966 2322 scire
995 2251 1285 2349 poteris.
1319 2247 1505 2320 Vide
1534 2248 1747 2318 etiam
1767 2299 1787 2333 ,
1815 2271 1965 2344 quo
1992 2269 2186 2316 anno
2214 2259 2551 2342 quaestor,

419 2372 545 2430 aut
579 2358 919 2432 tribunus
954 2360 1266 2432 militum
1306 2358 1546 2431 fuerit.
1583 2359 1657 2429 Si
1691 2370 2030 2428 neutrum
2081 2353 2428 2454 quadret,
2473 2357 2550 2451 in

420 2465 807 2565 praefectis,
842 2494 935 2541 an
974 2471 1051 2540 in
1093 2466 1739 2571 contubernalibus
1772 2464 1988 2538 fuerit
2011 2520 2031 2555 ,
2074 2464 2297 2537 modo
2334 2462 2555 2549 fuerit

422 2579 503 2649 in
535 2603 623 2651 eo
662 2577 881 2653 bello.

522 2687 709 2761 ¹⁵De
744 2695 1070 2763 Varrone
1110 2689 1624 2789 loquebamur3
1663 2688 1881 2787 lupus
1914 2690 1990 2756 in
2025 2685 2292 2759 fabula.
2339 2687 2557 2759 Venit

495 2857 546 2902 7.
595 2845 660 2890 Ue
694 2841 885 2893 Coeh'us.
931 2842 1197 2892 Verebatur
1241 2844 1441 2906 Cicero,

1532 2850 1610 2898 vel
1639 2848 1819 2899 Balbus
1855 2848 1918 2897 sd
1947 2864 2060 2898 mex
2086 2849 2178 2897 etsi
2203 2847 2364 2897 videri
2397 2857 2558 2912 potest

420 2936 487 2969 ne
518 2921 677 2983 forte,
719 2921 1127 2986 quemadmodum
1164 2924 1221 2972 C.
1260 2923 1442 2975 Coelius

1529 2928 1688 2977 Ortho
1717 2928 1777 2976 de
1808 2928 1963 2976 hortis
1991 2927 2202 2991 aliquid,
2230 2928 2317 2977 sed
2347 2928 2408 2975 de
2431 2926 2563 2976 esti-

423 2999 605 3050 caldus
637 3000 742 3065 (de
774 3016 877 3064 quo
913 3016 1097 3065 supra,
1130 3006 1212 3062 x,
1254 3002 1360 3068 ιο)
1388 3003 1443 3050 in

422 3080 561 3129 Italis
604 3081 933 3130 Marianarum
968 3082 1181 3146 partium
1218 3082 1445 3146 reliquias

421 3158 714 3224 collegerat,
741 3161 810 3209 its
833 3159 917 3209 hie
942 3160 1176 3225 Virgilius
1200 3161 1255 3209 iu
1277 3162 1445 3209 Asi-ies

422 3252 576 3288 novas
622 3240 929 3305 Pompeianis
976 3240 1107 3289 faces
1149 3240 1409 3300 subjiceret
1426 3274 1443 3299 ,

420 3318 789 3383 instauratoque
846 3318 1009 3381 bello,
1056 3320 1183 3367 viam
1238 3318 1332 3367 sibi
1382 3319 1448 3369 sd

424 3395 727 3453 honestiores
746 3398 879 3461 pacis
896 3397 1203 3447 conditiones
1220 3400 1450 3456 muniret,

427 3476 568 3525 ‘runo
612 3478 739 3525 enim
792 3477 983 3541 exigere
1030 3479 1269 3541 potuisset
1289 3514 1305 3540 ,
1362 3494 1451 3527 sus

430 3554 523 3603 sibi
556 3555 733 3619 predis
760 3566 821 3604 ut
842 3554 1159 3605 redderentur
1182 3557 1287 3621 ipsa
1302 3592 1317 3616 ,
1344 3572 1446 3605 uon

429 3633 579 3683 modo
595 3637 818 3698 pretium,
832 3651 935 3700 quo
946 3636 1210 3695 venierunt,
1228 3646 1452 3685 coactus-

430 3728 525 3776 que
542 3724 665 3761 esset
682 3716 853 3765 Cicero
873 3732 977 3764 enm
996 3717 1245 3765 restituere
1262 3726 1449 3781 partem

429 3792 706 3851 hortorum,
728 3809 838 3857 qun
860 3794 924 3842 sd
941 3795 1197 3859 Virgilium
1220 3812 1247 3843 e
1265 3798 1449 3859 scapu-

430 3870 542 3919 lam
566 3870 829 3920 hereditate
850 3886 1147 3937 pervenerat.
1172 3877 1452 3926 Montium.

509 3950 561 3997 8.
599 3948 840 3998 Destino&
872 3952 1051 4003 statuit
1082 3952 1254 4003 hortos
1278 3970 1457 4003 emere.

436 4028 651 4079 Mau-r.

508 4122 559 4171 9.
578 4107 687 4157 Etsi·
704 4106 832 4157 nihil
846 4106 1051 4173 scripsit·
1068 4111 1229 4159 Cast
1248 4112 1299 4159 in
1316 4110 1425 4175 lege
1440 4146 1457 4173 ,

1529 3008 1746 3057 natione
1765 3006 1890 3055 nihil
1905 3007 2172 3071 scripsisse.
2195 3008 2356 3057 Coun.

1607 3101 1687 3134 ιο.
1713 3080 2057 3142 Καταὸἄσιως.
2085 3086 2242 3151 Supra
2259 3123 2276 3150 ,
2299 3102 2378 3151 ep.
2409 3086 2492 3135 31.

1607 3182 1690 3215 st.
1720 3164 1941 3215 Dederis.
1973 3166 2068 3215 Cui
2097 3164 2346 3215 videbitur
2376 3180 2439 3212 ex
2463 3163 2562 3211 tuis

1533 3244 1683 3293 servis
1695 3278 1710 3303 ,
1721 3254 1778 3291 ut
1795 3253 1979 3307 quaerat
1995 3243 2056 3291 de
2070 3244 2237 3292 deeem
2256 3247 2310 3293 L.
2329 3242 2560 3291 Mummii

1533 3322 1703 3386 legatis
1722 3322 1774 3370 iu
1795 3338 1856 3370 eo
1875 3322 2033 3380 libro,
2053 3332 2152 3371 etc.
2179 3324 2324 3371 Mur.

1612 3416 1694 3449 ιο.
1736 3400 1942 3451 Nullum
1986 3401 2111 3449 sorte
2162 3416 2341 3449 nomeu
2381 3399 2562 3449 excidit

1535 3479 1698 3529 liberti
1717 3513 1734 3537 ,
1787 3490 1873 3528 sut
1918 3479 2120 3539 seribae;
2169 3480 2256 3527 sed
2302 3478 2562 3543 legendum

1537 3560 1748 3618 videtur,
1785 3558 2010 3623 reperies.
2047 3560 2114 3608 Et
2149 3558 2220 3607 sic
2263 3558 2406 3607 multi
2445 3558 2562 3607 olim

1535 3635 1751 3686 edidere.
1781 3638 1834 3686 J.
1850 3638 1918 3686 V.
1935 3638 1992 3685 L.

1613 3717 1693 3764 13.
1719 3714 1946 3783 Εὕλογον.
1975 3713 2256 3763 Probabile.

1614 3803 1694 3852 14.
1735 3793 2000 3843 Antiocho.
2037 3794 2190 3842 Servo
2231 3798 2320 3842 tuo
2356 3792 2566 3841 literato.

1542 3874 1764 3923 ΜΑιωτ.

1625 3968 1642 3999 ι
1657 3955 1706 4001 5.
1735 3952 1878 3999 Putet
1903 3950 2156 3999 Manutius
2182 3950 2278 3999 hoc
2304 3966 2408 3999 esse
2432 3949 2568 4014 prin-

1547 4031 1732 4097 cipium
1773 4029 2028 4095 epistole:
2073 4030 2209 4094 quod
2248 4030 2458 4096 placem
2476 4062 2489 4087 ‚
2525 4030 2570 4075 si

1547 4120 1732 4160 eertum
1779 4120 1904 4158 esset
1924 4144 1941 4171 ,
1978 4108 2200 4158 Atticum
2247 4108 2416 4173 paullo
2455 4116 2569 4157 suto
