3019 4681
516 383 644 456 132

1087 378 1187 444 M.
1240 377 1321 444 T.
1374 369 1941 442 CICERONIS

503 531 729 590 mam,
764 500 962 601 quod
1001 497 1206 569 nullo
1246 495 1541 592 negotio
1578 492 1876 579 faceret,
1916 493 2419 563 amicissimum
2453 494 2626 565 mihi

505 623 877 690 Caesarem.
916 615 1088 680 Esse
1125 605 1353 677 debet
1367 602 1457 675 44.
1498 602 1693 692 Quid
1726 606 1955 690 enim,
1985 603 2318 698 inquam,
2348 603 2627 699 scripsit

503 727 592 800 ad
634 751 750 796 me
789 717 1211 792 Dolabella?
1235 719 1447 810 Dim,
1475 711 1694 810 quid?
1723 709 2141 781 Affinnabat
2161 764 2179 797 ,
2205 734 2435 807 quum
2462 712 2629 782 scri-

497 839 793 937 psisset,
832 828 1033 928 quod
1071 851 1187 898 me
1231 820 1615 931 cuper-et⁴5
1660 819 1749 892 ad
1770 819 2041 892 Urbem
2090 823 2374 908 venire,
2423 819 2625 891 illum

500 945 799 1047 quidem
860 940 1117 1040 gratias
1171 959 1382 1032 agere
1423 934 1806 1018 maximas,
1854 945 1928 1002 et
1982 955 2133 1001 non
2187 929 2409 1001 modo
2454 955 2623 1028 pro-

495 1062 708 1145 bare,
748 1053 874 1126 sed
917 1053 1131 1124 etiam
1178 1047 1511 1146 gaudere.
1554 1043 1749 1133 Quid
1777 1041 2081 1140 quaeris?
2110 1042 2453 1138 acquievi.
2498 1045 2626 1110 Le-

490 1185 657 1242 vata
702 1181 812 1239 est
857 1167 1052 1234 enim
1104 1158 1419 1256 suspicio
1461 1154 1581 1226 illa
1643 1152 2015 1225 domestici
2054 1153 2222 1222 mal-i
2238 1150 2327 1239 4⁶,
2374 1165 2447 1222 et
2482 1175 2627 1222 ser-

495 1279 735 1352 monis
791 1273 1115 1345 Hirtiani.
1186 1267 1426 1357 Quam
1479 1267 1701 1361 cupio
1758 1263 1963 1334 illum
1988 1263 2051 1320 4⁷
2108 1261 2405 1359 (lignum
2474 1285 2627 1332 esse

495 1387 752 1474 nobis3
791 1399 864 1455 et
902 1403 1121 1478 quam
1163 1379 1320 1474 ipse
1354 1399 1472 1445 me
1516 1376 1778 1458 invit0,
1827 1397 1973 1470 qua
2012 1397 2146 1470 pro
2174 1373 2299 1442 illo
2338 1374 2431 1442 sit
2460 1396 2628 1469 sup-

498 1485 1020 1595 plicandumffl!
1064 1487 1201 1559 Sed
1230 1509 1418 1584 opus
1439 1481 1581 1554 'fuit
1608 1484 1840 1554 Hirtio
1870 1483 2277 1554 convento?
2304 1487 2427 1552 Est
2454 1503 2625 1579 pro-

498 1609 690 1681 fecto
709 1607 953 1676 nescio
982 1597 1198 1697 quid:
1231 1595 1364 1668 sed
1391 1595 1603 1665 velim
1636 1617 1859 1691 quam
1896 1595 2215 1663 minimo,
2259 1597 2349 1662 Et
2384 1607 2627 1664 tamen

500 1742 666 1793 eum
719 1711 1050 1785 nondum
1102 1707 1369 1779 redisse
1418 1702 1958 1788 miramur.‚Sed
2006 1703 2158 1774 haec
2200 1702 2623 1774 videbimus

596 1834 705 1900 Tu
779 1827 1056 1922 Oppios
1127 1820 1476 1890 Terentiae
1551 1812 1757 1885 dabis
1782 1811 1868 1882 49.
1928 1818 2081 1884 Jam
2154 1815 2345 1884 enim
2412 1812 2627 1884 Urbis

494 2065 637 2116 valde
675 2060 769 2108 sibi
785 2059 884 2106 hoc
909 2056 1113 2122 placere.
1151 2055 1326 2102 θην.
1348 2077 1414 2088 -
1431 2053 1520 2098 In-

497 2160 646 2210 quam
665 2140 839 2188 retinet
873 2139 925 2186 J.
946 2138 1011 2182 V.
1039 2135 1094 2180 L.
1121 2131 1340 2195 quamvis
1367 2131 1518 2177 Mon-

499 2224 676 2288 gslfius
702 2219 755 2265 in
775 2217 998 2264 versione
1021 2222 1070 2260 et
1090 2211 1223 2260 notis
1249 2210 1423 2258 oetiuet
1449 2207 1519 2256 ἰη-

498 2301 622 2371 quit.
645 2301 737 2347 En.

478 2374 486 2380 ’
574 2391 660 2439 44.
692 2376 852 2431 Olim,
893 2372 1102 2421 amiciss.
1131 2369 1254 2417 mihi
1283 2368 1522 2416 Caesarem

499 2478 601 2513 ess-e
623 2458 811 2508 debere.
837 2454 897 2502 Id
915 2467 1018 2500 non
1044 2448 1202 2498 solum
1235 2447 1394 2495 Fulvii
1419 2449 1520 2495 Ur·-

433 2535 442 2544 ⁰
500 2543 596 2591 sini
631 2538 781 2594 liber,
803 2533 889 2582 s'ed
915 2542 964 2579 et
997 2524 1394 2577 Helmstadiemis
1419 2539 1523 2591 prae

499 2639 550 2671 se
575 2622 684 2669 fert.
695 2620 768 2665 Ita
789 2612 992 2661 omniuo
1001 2606 1274 2671 legendum.
1285 2606 1370 2653 Est
1391 2606 1521 2653 enim

500 2700 691 2763 elegans
705 2690 940 2758 loquendi
966 2702 1115 2752 genus
1129 2722 1144 2747 ,
1164 2684 1300 2749 quod
1313 2700 1522 2749 usurpa-

501 2783 647 2837 bant,
673 2790 825 2840 quum
849 2766 1162 2834 significaturi
1181 2774 1341 2813 essent
1369 2776 1420 2810 se
1441 2765 1522 2823 ju-

504 2860 667 2908 dicu-e
685 2890 699 2913 ‚
739 2861 974 2917 quantum
997 2848 1213 2893 humano
1238 2842 1444 2890 consilio
1472 2854 1524 2890 et

502 2940 666 2988 animo
688 2928 938 2998 provideri
961 2923 1144 2989 aliquid
1169 2921 1326 2987 possit
1340 2954 1356 2980 ,
1383 2919 1437 2967 id
1461 2920 1525 2967 de

501 3033 603 3083 quo
638 3012 895 3078 agebatur,
923 3016 1056 3053 certo
1080 3012 1388 3051 eventurum.
1415 3000 1521 3048 Cic.

503 3097 566 3146 ad
604 3095 716 3143 Div.
739 3090 834 3146 vt,
876 3100 954 3149 ep.
990 3084 1058 3131 6:
1091 3104 1114 3125 ι
1147 3078 1308 3128 Debet
1346 3076 1526 3125 habere

501 3174 649 3225 fldem
694 3177 861 3218 nostra
897 3160 1153 3227 praedictio
1172 3180 1215 3205 w.
1265 3161 1374 3206 Hoc
1422 3166 1494 3204 est
1511 3189 1527 3214 ,

503 3264 738 3320 quantum
795 3244 939 3294 certis
991 3236 1283 3299 conjecturis
1335 3234 1527 3299 assequi

502 3346 731 3401 possum,
751 3342 862 3374 vera
882 3330 994 3369 suut
1013 3330 1122 3382 quae
1143 3315 1274 3362 dico.
1296 3314 1472 3362 ΟΜΝ.

580 3412 664 3467 45.
705 3404 850 3469 Quod
881 3408 1086 3463 cuperet.
1113 3396 1230 3443 Non
1272 3392 1458 3457 pendet
1496 3408 1526 3439 a

507 3498 576 3543 τῶ
597 3484 912 3557 affirmabat,
938 3489 995 3526 ut
1015 3474 1264 3523 Manutius
1286 3482 1334 3518 et
1353 3470 1529 3533 Sciop-

505 3548 618 3636 pius
639 3566 835 3614 voluere
851 3597 866 3621 ‚
895 3556 978 3606 sed
1002 3572 1030 3602 n
1045 3552 1238 3619 gratias
1259 3565 1420 3615 ager-e.
1445 3551 1525 3598 ln.

583 3648 664 3705 46.
687 3639 950 3692 Domestici
965 3633 1098 3683 mali.
1118 3634 1166 3681 A
1183 3631 1372 3693 Quinto
1387 3628 1492 3677 filio
1512 3642 1527 3677 :

509 3732 595 3795 qui
613 3735 882 3773 sermonem
894 3716 1068 3765 habuit
1087 3728 1200 3761 cum
1215 3710 1399 3768 Hirtio,
1411 3724 1529 3757 mox

507 3825 620 3858 cum
641 3804 846 3852 Caessre.
871 3796 1027 3860 Epist.
1050 3801 1100 3848 4.
1117 3793 1264 3839 Mus.

582 3894 668 3943 4⁴7.
695 3880 860 3927 Illum.
889 3874 1128 3936 Quintum
1145 3868 1318 3916 fllium.
1348 3868 1498 3914 Inus.

583 3964 664 4019 48.
713 3951 1103 4019 Supplicandecm.
1153 3947 1290 4010 Legit
1344 3946 1528 4007 Popmn

511 4058 622 4091 cmn
635 4032 858 4085 Victorio
868 4064 884 4091 ,
899 4025 1254 4090 suspicandum.
1277 4028 1384 4071 Hoc
1399 4022 1529 4069 enim

509 4122 617 4171 vult
657 4116 856 4163 dicere:
885 4110 1044 4170 Quam
1086 4104 1234 4167 cupio
1291 4103 1527 4162 Quintum

1606 2045 1761 2095 filium
1790 2047 1991 2112 dlgnum
2019 2047 2165 2095 nobis
2190 2050 2321 2098 esse!
2350 2063 2495 2111 quam
2521 2049 2627 2112 ipse

1606 2143 1683 2175 me
1710 2129 1865 2176 invito
1899 2138 1949 2176 et
1973 2129 2136 2175 excito
2155 2161 2171 2186 ‚
2199 2129 2243 2174 si
2274 2144 2366 2192 qus
2403 2129 2456 2176 in
2491 2139 2629 2192 parto

1606 2204 1789 2271 aliqufd
1812 2208 1877 2254 sit
1898 2207 2018 2254 recti
2043 2217 2189 2269 atque
2213 2207 2408 2256 honesti
2428 2223 2519 2271 pro
2538 2205 2627 2254 illo

1606 2285 1947 2351 suspicandum
1962 2287 1974 2333 !
1985 2286 2116 2333 Volo
2130 2286 2289 2334 levare
2300 2287 2627 2350 suspicionem

1606 2382 1759 2413 meam
1790 2381 1802 2413 τ
1844 2365 1930 2413 sed
1974 2381 2061 2413 cur
2104 2366 2316 2413 Hirtium
2358 2366 2589 2413 convenit
2605 2366 2629 2413 Ρ

1606 2447 1695 2493 Est
1721 2446 1887 2493 nescio
1915 2444 2036 2508 quid
2070 2442 2131 2491 sb
2158 2444 2245 2491 illo
2270 2456 2431 2492 aetum
2461 2455 2629 2491 contra

1607 2540 1699 2571 nos
1717 2524 1851 2588 apud
1869 2525 2128 2581 Caesnrem,
2156 2524 2291 2586 quod
2314 2524 2459 2571 velim
2482 2538 2630 2586 quam

1608 2604 1811 2649 minimo
1852 2613 2019 2650 nostro
2062 2601 2191 2649 malo
2222 2612 2273 2649 et
2313 2601 2627 2649 incommodo

1607 2682 1755 2729 abire.
1789 2682 2047 2728 Lambinus
2077 2690 2205 2727 recte
2230 2679 2356 2727 vidit
2382 2680 2436 2727 in
2460 2681 2629 2743 primis

1608 2758 1929 2816 editionibus,
1955 2758 2173 2822 quamvis
2198 2758 2251 2806 id
2271 2760 2325 2805 in
2346 2757 2629 2822 posteriori-

1608 2838 1702 2886 bus
1719 2839 1985 2902 repudiarit
2001 2874 2015 2897 ‚
2039 2838 2299 2901 legendum
2324 2854 2426 2886 esse
2447 2854 2461 2887 :
2484 2862 2509 2881 -c
2525 2840 2633 2888 Μο-

1609 2928 1698 2967 tuo
1712 2935 1773 2966 ne
1786 2918 1907 2980 quid
1921 2932 2013 2982 pro
2026 2918 2115 2965 illo
2128 2919 2191 2967 sit
2203 2918 2579 2981 supplicandum
2586 2940 2631 2967 »-

1611 3000 1768 3060 Quam
1796 3014 1986 3055 vereor,
2016 2997 2201 3060 inquit,
2238 3012 2301 3043 ne
2326 2997 2513 3061 aliquid
2538 3012 2629 3062 pn·-

1610 3076 1833 3132 trsverit‚
1853 3086 1911 3123 ut
1928 3092 2018 3123 nos
2036 3090 2233 3138 quoque
2248 3092 2341 3140 pro
2354 3076 2441 3124 illo
2455 3076 2631 3125 Caesari

1610 3154 1855 3217 supplices
1872 3153 1979 3201 {ieri
1996 3165 2243 3217 oporteat,
2264 3170 2367 3217 quo
2390 3158 2495 3218 eJus
2513 3154 2633 3203 stul-

1610 3235 1731 3282 titiae
1753 3234 1997 3297 ignoscat!
2024 3235 2073 3281 J.
2100 3238 2153 3282 F.
2180 3236 2418 3283 Gnonov.
2445 3260 2515 3271 --
2535 3238 2631 3281 Iste

1611 3314 1749 3361 locus
1759 3315 1887 3373 iacet
1902 3312 2063 3360 adhuc
2076 3312 2130 3359 iu
2141 3310 2327 3359 mendis
2342 3324 2391 3361 et
2405 3312 2632 3375 tenebris,

1612 3406 1733 3455 quus
1750 3392 1851 3437 sine
1874 3392 2043 3437 codice
2060 3390 2389 3439 emendatione
2408 3394 2479 3439 vis
2500 3394 2633 3456 lnge-

1612 3471 1683 3518 nii
1722 3466 1984 3517 difficulter
2026 3470 2296 3533 dispulerit.
2338 3474 2513 3521 Gnm.
2558 3496 2633 3507 --

1614 3551 1725 3598 Sch.
1770 3560 1929 3596 tumen
1976 3550 2047 3596 sic
2090 3551 2294 3597 tentavit
2309 3584 2324 3608 ,
2365 3572 2389 3591 u
2410 3566 2475 3598 ne
2510 3548 2633 3613 quid

1612 3639 1781 3693 putem
1806 3628 1867 3675 de
1887 3628 1975 3675 illo
1994 3628 2339 3695 suspicandum
2355 3650 2395 3675 ι».
2421 3631 2452 3677 J
2458 3630 2549 3677 .V.
2574 3631 2629 3677 1..

1687 3714 1771 3769 ⁴9·
1838 3706 2017 3771 Oppios
2070 3708 2305 3754 Terentiae
2348 3706 2504 3755 dabis.
2554 3709 2633 3756 Tu

1614 3786 1805 3849 Oppios
1834 3785 1855 3850 (
1877 3784 1937 3831 de
1956 3783 2135 3847 quibus
2164 3800 2243 3848 ep.
2282 3802 2331 3846 7,
2356 3786 2444 3834 lib.
2473 3788 2633 3850 vm)

1615 3864 1853 3911 Terentiae
1888 3862 2201 3923 conciliabis3
2246 3874 2305 3910 ut
2332 3861 2406 3911 illi
2454 3874 2635 3927 praesto

1614 3943 1741 3999 sint,
1780 3942 1823 3987 si
1855 3940 1972 4004 quid
2008 3940 2055 3987 ei
2084 3956 2211 4003 opus
2248 3943 2356 3991 erit.
2392 3944 2536 3991 Mur.
2570 3968 2635 3983 ·-·

1616 4021 1893 4084 Logendum
1922 4022 2047 4068 forte
2066 4036 2080 4067 ς
2106 4042 2133 4060 0·
2150 4022 2229 4067 Tu
2252 4022 2519 4086 hospitium
2536 4024 2581 4070 T
2582 4036 2635 4069 e-

1615 4099 1783 4147 nentiae
1800 4098 1939 4145 dabis
1958 4118 2000 4146 ι.
2024 4098 2227 4146 Mun-r.
