3019 4681
700 372 1241 447 EPISTOLAE
1290 378 1487 449 CIC.
1540 376 1672 449 ET
1719 380 2084 467 BRUTI,
2137 375 2202 451 3.
2381 380 2524 457 655

386 494 633 573 triduo
685 512 855 570 ante
902 498 1093 571 hanc
1140 510 1347 571 rem²
1401 498 1961 598 pulcherrimam
1985 556 2005 589 ‚
2041 505 2304 579 timore
2337 532 2530 604 quo-

382 610 552 683 dam
594 610 923 709 perculsa
966 611 1215 681 civitas
1246 618 1401 682 tota
1438 610 1531 682 ad
1561 624 1634 681 te
1671 635 1746 681 se
1779 636 1950 683 cum
1987 615 2424 712 conjugibus
2452 633 2528 690 et

390 720 639 792 liberis
669 716 1143 792 effundebat³
1178 746 1193 789 τ
1228 718 1522 809 eadem,
1550 735 1870 792 recreata
1901 745 1961 792 a.
2002 720 2074 793 d.
2108 748 2210 794 κη
2245 724 2533 799 kalend.

388 832 641 917 maias,
681 846 754 903 te
788 831 935 901 huc
962 816 1246 917 venire,
1274 854 1495 927 quam
1522 854 1600 902 se
1631 830 1724 902 ad
1753 846 1825 903 te
1861 832 1966 903 ire
1998 833 2330 905 malebat.
2361 840 2528 926 Quo

388 940 687 1038 quidem
722 938 841 1011 die
882 964 1315 1037 magnorum
1352 962 1686 1013 meorum
1729 940 2062 1012 laborum
2099 944 2528 1017 multarum-

388 1074 533 1145 que
582 1049 985 1146 vigiliarum
1034 1045 1351 1119 fructum
1392 1051 1554 1148 cep'i
1587 1054 1980 1122 maximum
2007 1106 2026 1141 ,
2059 1055 2120 1124 si
2165 1054 2388 1127 modo
2423 1072 2530 1129 est

388 1159 649 1257 aliquis
691 1158 972 1231 fructus
1022 1182 1115 1230 ex
1160 1158 1387 1231 solida
1434 1184 1750 1258 veraque
1797 1162 2046 1259 gloria.
2093 1168 2276 1236 Nam
2314 1180 2530 1237 tantae

383 1268 913 1359 multitudiniS‚
950 1285 1299 1367 quantam
1345 1273 1541 1368 capit
1591 1271 1768 1345 urbs
1809 1289 2090 1360 nostra,
2131 1300 2530 1351 concursus

384 1396 496 1452 est
528 1382 621 1453 ad
654 1405 775 1452 me
810 1378 1041 1451 factus
1070 1406 1089 1449 ε
1128 1382 1249 1451 et‘*
1286 1405 1519 1477 quum
1550 1406 1786 1479 usque
1819 1383 1894 1451 in
1927 1384 2368 1481 Capitolium
2405 1384 2532 1459 de—

387 1489 695 1580 ductus,
743 1490 1057 1562 maximo
1109 1490 1422 1563 clamore
1480 1506 1702 1589 atque
1759 1492 2016 1589 plausu
2071 1495 2144 1563 in
2171 1491 2202 1537 ⁵
2254 1499 2530 1567 Rostris

391 1600 787 1673 collocatus
834 1626 1018 1671 sum.
1069 1600 1267 1671 Nihil
1323 1616 1433 1673 est
1485 1604 1564 1671 in
1601 1626 1718 1673 me
1766 1605 2021 1691 inane3
2061 1627 2302 1701 neque
2333 1610 2526 1675 enim

392 1710 661 1785 debetz
702 1709 831 1783 sed
871 1726 1115 1785 tamen
1157 1711 1487 1785 omnium
1525 1711 1870 1783 ordinut'n
1907 1736 2340 1803 consensus,
2377 1740 2528 1812 gra·

388 1823 651 1893 tias-um
688 1821 908 1909 actio,
943 1820 1471 1921 gratulatioque
1515 1845 1631 1892 me
1664 1834 2103 1909 commovet3
2133 1836 2530 1921 propterea

388 1932 589 2029 quod
629 1930 1057 2030 popularem
1086 1956 1204 2003 me
1233 1955 1386 2003 esse
1414 1932 1492 2002 in
1516 1930 1772 2030 populi
1800 1930 2028 2003 salute
2049 1986 2070 2019 ,
2105 1933 2524 2030 praeclarum

388 2056 517 2113 est.
562 2040 700 2112 Sed
738 2041 891 2112 haec
926 2055 1000 2112 te
1040 2040 1234 2113 malo
1276 2040 1367 2112 ab
1405 2039 1561 2112 aliis
1578 2038 1632 2111 ⁶.
1672 2046 1792 2113 Me
1835 2042 2049 2113 velim
2096 2042 2187 2114 de
2225 2048 2366 2114 tuis
2409 2070 2526 2115 re-

388 2151 529 2223 bus
554 2152 1019 2249 consiliisque
1048 2149 1263 2223 facias
1295 2149 1838 2247 diligentissime
1862 2155 2280 2242 certiorem3
2314 2152 2528 2225 illud-

387 2287 538 2360 que
578 2262 1027 2351 consideres»,
1063 2287 1158 2335 ne
1193 2276 1319 2333 tua
1363 2261 1752 2333 liberalitas
1773 2274 1799 2319 ⁷
1837 2260 2257 2334 dissolutior
2291 2263 2529 2336 videa-

388 2389 531 2446 tur.
584 2375 698 2445 Sic
744 2374 960 2445 sentit
994 2389 1327 2460 senatus,
1365 2376 1467 2445 sic
1504 2373 1821 2471 populus
1865 2398 2249 2462 romanus,
2291 2375 2528 2447 nullos

382 2505 735 2581 nmquam
808 2483 1056 2555 hostes
1124 2483 1491 2583 digniores
1561 2485 1764 2554 omni
1831 2483 2189 2582 supplicio
2249 2483 2478 2558 fuisse
2504 2542 2524 2575 ‚

386 2617 606 2691 quam
655 2617 779 2666 eos
816 2597 1049 2682 cives,
1096 2597 1224 2694 qui
1266 2594 1412 2666 hoc
1452 2593 1650 2666 bello
1694 2609 1946 2667 contra
1993 2599 2296 2696 patriam
2331 2621 2525 2668 arma

386 2719 793 2803 ceperunt:
839 2730 1027 2804 quos
1080 2706 1385 2804 quidem·
1427 2731 1564 2804 ego
1614 2706 1954 2780 omnibus
1998 2707 2374 2780 sententiis
2417 2707 2526 2779 ul-

387 2815 621 2887 ciscor
676 2830 750 2887 et
800 2839 1223 2914 persequor,
1278 2816 1623 2888 omnibus
1671 2815 1887 2888 bonis
1928 2815 2521 2914 approbantibus.

384 2929 495 2996 Tu
531 2923 709 3023 quid
766 2923 857 2997 de
915 2925 1051 2996 hac
1100 2951 1180 2997 re
1235 2927 1498 2997 sentias
1532 2978 1551 3013 ‚
1591 2926 1695 2996 tui
1728 2925 1984 3021 judicii
2033 2939 2191 2996 est:
2239 2949 2375 3021 ego
2425 2928 2527 2996 sic

386 3039 659 3124 sentio,
695 3037 917 3106 trium
953 3034 1256 3107 fratrum
1288 3059 1508 3106 unam
1550 3049 1621 3106 et
1657 3033 1986 3106 eamdem
2024 3058 2178 3106 esse
2211 3059 2523 3106 causam.

386 3146 739 3218 Consules
773 3145 994 3235 duos,
1041 3144 1282 3217 bonos
1318 3143 1616 3243 quidem
1641 3199 1661 3232 ‚
1705 3144 1830 3215 sed
1871 3143 2220 3214 duntaxat
2253 3142 2526 3230 boum,

386 3255 775 3326 amisimus,
836 3257 1111 3327 Hirtius
1172 3253 1469 3353 quidem
1527 3257 1604 3324 in
1661 3253 1813 3350 ipsa
1871 3252 2170 3322 victoria
2227 3253 2528 3338 occidit,

459 3443 510 3474 ο.
538 3427 685 3474 Bane
709 3442 827 3476 rem.
858 3425 1085 3476 Proelium
1108 3427 1407 3476 uatium.
1498 3424 1562 3474 de
1603 3424 1810 3474 victoria
1845 3423 2084 3473 recitant.
2123 3423 2278 3488 Quod
2313 3424 2374 3474 ab
2411 3426 2522 3490 ipso

460 3507 510 3554 3.
556 3505 881 3571 Effimdebae.
937 3507 1103 3568 Quum
1147 3505 1211 3553 ad
1264 3515 1311 3553 te
1354 3506 1407 3551 in
1496 3504 1680 3552 sactum
1701 3503 1850 3552 tradit
1866 3503 2124 3568 Appianas
2141 3503 2226 3551 lib.
2241 3505 2334 3552 111.

384 3585 727 3635 Macedoniam
766 3585 988 3647 trajicere
1023 3584 1333 3640 decrevisset,
1366 3583 1410 3631 si
1569 3583 1618 3632 6.
1633 3581 1799 3646 Vulgo
1823 3581 2056 3647 supplent
2074 3581 2264 3632 audiv-e.
2279 3582 2525 3634 omittunt

388 3665 634 3712 Antonius
656 3679 819 3730 pugna
848 3665 1057 3714 vicisset.
1076 3663 1137 3711 ld
1156 3663 1327 3712 scribit
1345 3661 1411 3709 ad
1495 3661 1684 3710 Victor.
1703 3658 1898 3710 Manat.
1913 3660 2138 3712 Lambin-

388 3743 444 3791 C.
471 3743 720 3793 Cassium:
747 3765 772 3784 α
798 3743 972 3792 Omnis
998 3743 1217 3791 omnium
1238 3757 1410 3792 cursus
1573 3757 1619 3802 7.
1645 3739 1958 3790 Liberalitas.
1975 3739 2340 3790 Liberalitatem
2357 3743 2525 3806 posuit

387 3821 453 3869 ad
472 3837 560 3870 vos
576 3843 617 3871 ο.
640 3820 723 3870 Λᾶ
742 3821 859 3869 Div.
878 3823 1011 3880 111,
1040 3821 1089 3870 6.
1497 3835 1592 3887 pro
1617 3820 1874 3868 clementia
1894 3836 1913 3866 .-
1955 3819 2068 3884 quia
2100 3828 2247 3883 capto
2283 3821 2342 3868 C.
2363 3821 2523 3869 Anto·

460 3909 508 3958 4.
554 3902 732 3950 ‘Hiulca
780 3901 977 3950 videtur
1022 3902 1180 3949 oratio
1200 3914 1217 3962 ς
1262 3916 1407 3964 quam
1477 3903 1610 3962 'nio,
1633 3912 1684 3949 et
1703 3899 1972 3949 seditiones
1999 3899 2296 3960 concitanti,
2343 3901 2524 3948 Brutus

390 3979 550 4040 docti,
570 3981 670 4030 hoe
699 3979 775 4028 vel
794 3979 923 4028 illud
951 3980 1263 4042 conjiciendo
1282 4016 1297 4042 ,
1328 3981 1407 4028 in·
1500 3993 1659 4029 tamen
1685 3979 2156 4044 pepercerat.Quem
2177 3990 2232 4028 ut
2255 3979 2526 4038 occideret,

390 4071 571 4122 tegi-am
594 4059 799 4108 reddere
824 4071 1079 4109 conantur.
1094 4063 1142 4110 J.
1163 4063 1230 4108 V.
1246 4061 1301 4108 1..
1500 4060 1682 4108 dieitur
1698 4075 1726 4106 ιι
1751 4059 1988 4106 Cicerone
2013 4059 2178 4108 literas
2194 4058 2458 4121 accepisse,
2473 4066 2526 4102 ut

464 4140 512 4186 5.
533 4141 594 4186 In
612 4139 808 4189 Rostris.
826 4140 897 4188 Ut
920 4139 1034 4188 inde
1058 4141 1225 4188 Pansae
1246 4139 1410 4186 literas
1500 4139 1632 4203 apud
1655 4137 1900 4188 Plutarch.
1924 4137 2150 4200 legimus.
2183 4139 2334 4184 Mn«.
