3019 4681
562 421 702 468 200
1182 397 1279 464 M.
1337 398 1415 465 T.
1469 395 2050 467 CICERONIS

559 517 783 588 Servii
823 518 1045 614 patris
1092 514 1315 588 literis
1361 515 1565 614 quod
1604 515 1855 588 scribis
1877 569 1897 604 ‚
1936 517 2114 588 item
2133 569 2152 604 ‚
2203 515 2579 606 Quintum
2629 515 2707 586 in

559 629 832 722 Syriam
881 626 1158 698 venisse
1181 679 1202 714 ,
1251 626 1452 724 quod
1496 628 1599 697 ais
1622 681 1643 715 ‚
1684 651 1839 699 esse
1882 626 2009 724 qui
2048 627 2433 712 nuntient;
2490 647 2597 696 ne
2634 623 2709 698 id

561 734 857 833 quidem
897 760 1149 808 verum
1199 751 1326 808 est.
1370 735 1595 832 Quod
1634 738 2016 809 certiorem
2056 749 2125 806 te
2163 736 2271 806 vis
2300 733 2462 807 fieri
2484 789 2509 822 ,
2550 758 2709 832 quo

561 846 870 942 quisque
913 848 992 916 in
1035 869 1152 916 me
1187 846 1430 942 animo
1466 849 1558 916 sit
1580 901 1599 932 ‚
1644 861 1771 918 aut
1806 843 2025 917 fuerit
2052 869 2304 917 eorum
2329 899 2350 934 ‚
2386 845 2523 942 qui
2556 843 2709 914 huc

559 969 956 1042 venerunt3
992 957 1356 1026 neminem
1410 953 1646 1026 alieno
1698 954 2040 1027 intellexi.
2101 953 2278 1044 Sed,
2330 969 2707 1052 quantum

562 1063 638 1134 id
697 1057 857 1136 mea
915 1067 1194 1135 intersit
1215 1117 1234 1148 ‚
1293 1065 1697 1137 existimare
1750 1079 1825 1136 te
1888 1089 2099 1165 posse
2129 1077 2149 1109 ¹
2214 1076 2465 1137 cert0²
2526 1067 2707 1134 scio.

561 1173 744 1245 Mihi
773 1197 1000 1271 quum
1037 1177 1279 1246 omnia
1305 1190 1473 1247 sunt
1501 1175 1977 1248 intolerabilia
2012 1174 2103 1247 ad
2139 1173 2506 1261 dolorem,
2542 1189 2705 1244 tum

551 1285 908 1376 maxime,
945 1284 1148 1381 quod
1196 1287 1272 1356 in
1317 1311 1476 1358 eam
1514 1311 1801 1358 causam
1844 1286 2122 1357 venisse
2164 1309 2283 1354 me
2320 1283 2583 1370 video,
2623 1297 2707 1352 ut

565 1417 648 1464 ea
676 1392 827 1464 sola
857 1396 1056 1467 utilia
1087 1395 1266 1465 mihi
1292 1420 1445 1468 esse
1482 1396 1884 1484 videantur,
1912 1419 2075 1493 quae
2101 1390 2433 1493 semper-⁹·
2467 1392 2703 1463 nolui.

561 1506 637 1573 P.
688 1504 1076 1576 Lentulum
1130 1521 1408 1602 patrem
1461 1505 1699 1577 Rhodi
1754 1530 1908 1578 esse
1956 1510 2199 1594 aiunt,
2244 1502 2703 1575 Alexandriae

561 1610 830 1701 filium;
857 1613 1264 1712 Rhodoque
1292 1614 1797 1688 Alexandriam
1828 1621 1906 1688 C.
1938 1618 2261 1687 Cassium
2284 1611 2702 1712 profectum

453 1757 461 1764 ·
561 1746 712 1794 esse
740 1739 1042 1796 constat.
1072 1727 1388 1816 Quintus
1411 1725 1592 1796 mihi
1620 1751 1751 1823 per
1783 1726 2028 1799 literas
2059 1724 2433 1812 satisfacit,
2464 1723 2701 1794 multo

562 1834 1048 1936 asperioribus
1084 1833 1362 1918 verbiS,
1400 1860 1623 1933 quam
1672 1861 1905 1934 quum
1950 1837 2357 1934 gravissime
2402 1857 2700 1906 accusa-

559 1941 706 2014 bat.
754 1946 871 2015 Ait
908 1946 1139 2032 enim,
1181 1969 1257 2016 se
1309 1969 1398 2015 ex
1447 1943 1671 2016 literis
1711 1947 1855 2016 tuis
1894 1944 2335 2043 intelligere,
2375 1944 2513 2015 tibi
2548 1967 2698 2014 non

559 2053 885 2149 placere,
927 2051 1129 2150 quod
1175 2051 1264 2124 ad
1309 2053 1579 2124 multos
1623 2052 1713 2124 de
1763 2078 1879 2125 me
1929 2057 2253 2153 asperius
2293 2055 2697 2153 scripserit;

559 2166 806 2257 itaque
849 2187 923 2234 se
971 2163 1365 2258 poenitere,
1411 2162 1614 2258 quod
1654 2167 1977 2234 animum
2016 2178 2225 2234 tuum
2266 2160 2699 2247 offenderim

563 2271 685 2343 sed
737 2296 812 2343 se
865 2271 1031 2365 jure
1092 2269 1360 2344 fecisse.
1418 2270 1699 2345 Deinde
1755 2272 2139 2372 perscribit
2196 2275 2695 2371 spurcissime,

563 2406 742 2480 quas
778 2380 876 2453 ob
921 2406 1168 2454 causas
1205 2380 1474 2457 fecerit.
1518 2382 1659 2455 Sed
1696 2407 1935 2480 neque
1977 2384 2118 2455 hoc
2156 2398 2486 2483 tempore
2510 2438 2530 2467 ,
2564 2408 2699 2455 nec

561 2508 772 2563 antea
812 2489 1258 2590 patefecisset
1301 2494 1551 2564 odium
1595 2518 1805 2565 suum
1854 2495 1929 2564 in
1950 2518 2083 2585 ⁸me
2103 2549 2122 2583 ,
2164 2495 2302 2563 nisi
2350 2493 2695 2565 omnibus

563 2603 780 2675 rebus
816 2627 933 2675 me
977 2628 1129 2675 esse
1171 2629 1600 2704 oppressum
1649 2602 1940 2676 videret.
1988 2609 2223 2701 Atque
2268 2604 2549 2675 utinam
2583 2602 2696 2675 vel

563 2717 936 2783 nocturnis
962 2767 981 2800 ‚
1039 2713 1655 2809 quemadmodum
1713 2727 1795 2784 tu
1848 2714 2268 2812 scripseraS‚
2316 2712 2695 2785 itineribus

563 2826 864 2921 propius
923 2836 993 2895 te
1039 2822 1525 2895 accessissem!
1580 2827 1791 2897 Nunc
1831 2849 1969 2896 nec
2014 2823 2179 2913 ubi,
2222 2849 2361 2895 nec
2396 2824 2695 2921 quando

559 2949 632 3005 te
683 2937 816 3003 sim
870 2936 1153 3005 visurus
1179 2989 1200 3022 ,
1260 2958 1560 3032 possum
1618 2934 1985 3034 suspicari.
2046 2938 2155 3006 De
2210 2933 2694 3007 coheredibus

561 3042 950 3115 Fufidianis
991 3042 1170 3114 nihil
1208 3041 1384 3134 fuit,
1428 3044 1630 3143 quod
1678 3045 1770 3117 ad
1808 3069 1925 3116 me
1964 3044 2313 3117 scriberes
2344 3073 2361 3114 ε
2416 3068 2585 3115 nam
2624 3058 2697 3115 et

565 3176 850 3249 aequum
906 3152 1272 3249 postulant
1291 3157 1360 3240 43
1407 3167 1517 3242 et,
1566 3152 1925 3252 quidquid
1962 3158 2223 3251 egisses
2244 3206 2267 3239 ‚
2304 3168 2503 3225 recte
2538 3178 2695 3226 esse

563 3277 801 3333 actum
838 3276 1190 3358 putarem.
1246 3264 1358 3333 De
1412 3259 1643 3334 fundo
1691 3264 2044 3334 Frusinati
2091 3262 2518 3337 redimendo
2545 3266 2695 3360 jam

562 3369 842 3469 pridem
878 3372 1288 3442 intellexisti
1323 3372 1770 3445 voluntatem
1823 3398 2055 3445 meam
2090 3402 2106 3443 :
2157 3376 2289 3445 etsi
2340 3388 2499 3445 tum
2538 3400 2691 3446 me·

566 3482 742 3554 liore
781 3482 940 3553 loco
981 3507 1094 3553 res
1131 3496 1336 3553 erant
1371 3498 1667 3572 nostrae,
1706 3508 1944 3579 neque
1982 3479 2475 3582 desperaturi⁵
2512 3482 2694 3554 mihi

641 3752 686 3797 ι,
708 3735 1008 3785 Existimare
1027 3748 1074 3785 te
1087 3752 1239 3800 posse.
1258 3735 1409 3785 vides
1425 3736 1579 3797 enim,
1662 3752 1781 3794 ,cero
1807 3753 1836 3784 a
1862 3734 2171 3799 Pompeianis
2196 3734 2399 3783 timebat
2412 3769 2429 3795 ,
2455 3751 2583 3800 quoa
2611 3734 2697 3785 de-

563 3814 696 3862 nulla
725 3832 775 3863 re
800 3815 950 3864 levari
977 3830 1120 3880 posse
1151 3814 1370 3863 dolorem
1401 3832 1577 3863 meum.
1666 3827 1895 3865 §eruerat-
1914 3817 2005 3863 En.
2232 3852 2245 3865 .

563 3896 709 3944 Mur.
1737 3903 1785 3950 4.
1848 3893 2123 3941 postulant.
2175 3892 2313 3955 Quid
2366 3893 2688 3958 postularint,

635 3990 682 4021 a.
714 3976 867 4023 Certo.
893 3973 974 4021 Al.
999 3982 1143 4020 certe.
1168 3975 1217 4021 J.
1237 3973 1298 4020 V.
1318 3974 1373 4022 1..
1665 3988 1905 4037 cognosce
1928 3972 2087 4032 infra,
2112 3987 2191 4036 ep.
2216 3979 2281 4028 14
2300 3982 2349 4021 et
2371 3972 2453 4021 16.
2482 3975 2633 4023 Mau.

632 4052 681 4102 3.
722 4054 846 4117 Quoe
869 4067 1056 4115 semper
1080 4052 1230 4099 nolui.
1257 4053 1444 4117 Nempe
1473 4053 1576 4101 Ca·-
1738 4054 1786 4103 5.
1816 4052 1987 4117 Neque
2010 4049 2325 4115 desperatur-1⁰.
2357 4052 2438 4101 Sic
2466 4053 2587 4099 Ern.
2612 4067 2695 4099 ne-

559 4146 710 4179 sarem
738 4146 896 4179 mrum
921 4129 1102 4193 potiri:
1133 4132 1315 4191 majora
1341 4131 1467 4179 enim
1493 4132 1576 4182 Ci·
1664 4150 1757 4199 que
1778 4144 1876 4181 eam
1904 4130 2025 4181 milei
2041 4131 2345 4195 desperatum
2369 4129 2433 4178 irc·
2448 4131 2693 4179 videban-

2895 4048 2901 4123 1

2840 4127 2901 4244 s.
