3019 4681
538 396 681 469 660
841 394 1391 467 EPISTOLAE
1440 394 1632 463 CIC.
1687 390 1815 463 ET
1862 392 2239 479 BRUTI,
2295 385 2360 462 5.

532 558 807 583 mmm
811 550 1269 579 mmmmm

1643 556 1827 577 mm
1835 552 2680 578 “Um-mmmmm

1223 712 1829 798 EPISTOLA
1899 719 1995 797 V.

538 896 755 961 Scribit
780 914 816 955 a
844 908 1047 955 senatu
1084 895 1419 973 permissam
1458 915 1582 954 esse
1623 893 1868 954 arbitrio
1905 894 2069 954 Bruti
2105 914 2232 953 rem
2267 894 2345 954 de
2372 896 2678 955 Dolabella

612 994 1015 1079 persequendo
1037 1037 1055 1065 ‚
1101 994 1174 1053 de
1211 1013 1395 1073 eaque
1422 1014 1590 1053 suum
1617 994 1923 1053 consilium
1955 993 2246 1053 ostendit:
2291 994 2480 1053 filium
2513 1015 2679 1054 suum

612 1116 674 1153 se
704 1092 855 1151 vel-le
881 1092 942 1149 in
986 1090 1297 1168 collegium
1332 1088 1674 1168 pontificum
1707 1090 1996 1148 minorum
2036 1089 2334 1149 absentem
2380 1092 2678 1171 cooptari,

610 1188 789 1265 idque
818 1206 923 1265 per
950 1186 1102 1264 leges
1128 1186 1444 1245 Domitiam
1476 1197 1538 1243 et
1559 1184 1775 1244 Juliam
1809 1184 1934 1243 fieri
1961 1206 2134 1263 posse
2161 1186 2566 1260 demonstrat;
2607 1186 2678 1245 de

616 1306 737 1365 quo
778 1284 1118 1343 sententiam
1150 1284 1314 1343 Bruti
1360 1283 1509 1347 scire
1539 1282 1718 1361 cupit.
1777 1281 2014 1363 (Romae
2035 1324 2054 1357 ,
2103 1302 2258 1343 anno
2299 1288 2380 1344 U.
2428 1288 2499 1345 C.
2537 1304 2682 1358 710,

616 1402 808 1441 mense
837 1381 1044 1453 maio.)

1220 1494 1538 1561 CICERO
1581 1495 1874 1562 BRUTO
1917 1498 1986 1562 S.

632 1634 714 1701 A.
752 1654 821 1700 n.
864 1648 911 1697 v
950 1624 1293 1701 kalendas
1334 1630 1596 1715 maiae,
1661 1652 1894 1726 quum
1949 1628 2041 1701 de
2094 1630 2214 1715 iis,
2263 1633 2394 1727 qui
2437 1628 2679 1702 hostoe

530 1736 833 1835 judicati
868 1752 1039 1808 sunt
1062 1788 1083 1825 ,
1112 1736 1312 1807 bello
1344 1736 1901 1834 persequendiS,
1933 1740 2312 1812 sententiae
2355 1738 2678 1812 diceren-

536 1865 691 1936 tur,
714 1846 897 1919 dixit
920 1845 1261 1917 Servilius
1280 1856 1302 1888 ¹
1332 1849 1560 1916 etiam
1583 1846 1676 1917 de
1701 1844 2044 1917 Ventidio
2061 1856 2092 1889 ²
2113 1901 2134 1935 ‚
2177 1862 2250 1919 et
2270 1862 2373 1918 ut
2398 1853 2678 1921 Cassius

534 1971 1097 2057 per-sequeretur
1122 1952 1596 2025 Dolabellam.
1623 1956 1766 2027 Cui
1795 1979 2028 2051 quum
2053 1979 2280 2043 essem
2309 1980 2678 2045 assensuS,

536 2067 823 2139 decrevi
862 2066 1003 2137 hoc
1038 2062 1383 2163 amplum,
1414 2078 1495 2135 ut
1533 2079 1653 2152 tu,
1698 2068 1753 2135 si
1781 2064 2212 2137 arbitrarere
2241 2066 2465 2155 utile,
2495 2092 2679 2165 eque

535 2174 911 2276 republica
970 2196 1124 2245 esse
1144 2224 1164 2261 ,
1222 2196 1740 2271 persequerere
1793 2173 1989 2246 bello
2047 2175 2504 2248 Dolabellam
2533 2204 2556 2265 ;
2623 2180 2682 2251 si

520 2274 781 2360 'minus
804 2284 877 2356 id
912 2282 1299 2357 commodo
1322 2282 1738 2382 reipublicae
1767 2282 2000 2358 facere
2026 2310 2274 2385 posses
2292 2343 2313 2378 ‚
2350 2290 2502 2361 sive
2533 2314 2680 2360 non

538 2399 981 2470 existimares
1016 2419 1057 2467 e
1090 2393 1456 2493 republica
1492 2419 1649 2467 esse
1671 2449 1692 2483 ,
1729 2397 1911 2466 utin
1941 2396 2198 2468 iisdem
2236 2394 2456 2469 locis³
2485 2423 2683 2470 exer-

536 2511 762 2581 citum
806 2511 1235 2578 contineres,
1283 2503 1479 2576 Nihil
1516 2503 2119 2577 honorificentius
2169 2507 2414 2604 potuit
2450 2504 2682 2580 facere

540 2627 830 2685 senatus
850 2667 871 2702 ‚
906 2637 1126 2711 quam
1164 2623 1251 2683 ut
1288 2615 1497 2684 tuum'
1529 2629 1714 2686 esset
1732 2613 2124 2710 judicium,
2156 2615 2336 2712 quid
2369 2619 2684 2690 maxime

538 2722 947 2796 conducere
1018 2721 1434 2819 reipublicae
1496 2723 1633 2795 tibi
1691 2723 2083 2796 videretur.
2151 2725 2518 2822 Equidem
2585 2728 2686 2798 sic

540 2835 777 2904 sentio
799 2886 819 2919 ,
860 2835 919 2903 si
951 2855 1247 2904 manum
1294 2832 1556 2922 habet,
1599 2837 1659 2905 si
1711 2848 1940 2906 castra
1965 2890 1986 2924 ,
2041 2835 2102 2906 si
2153 2833 2283 2906 ubi
2340 2838 2686 2910 consistat

538 2943 821 3040 uspiam
858 2941 1232 3015 Dolabella
1266 2997 1287 3032 ,
1344 2942 1434 3014 ad
1466 2924 1694 3014 iidem
1744 2959 1818 3016 et
1859 2942 1953 3015 ad
2001 2941 2432 3042 dignitatem
2487 2963 2686 3018 tuam

534 3053 897 3151 pertinere
922 3105 944 3139 ‚
983 3075 1153 3126 eum
1184 3055 1548 3151 persequi.
1568 3057 1679 3125 De
1717 3055 1940 3125 Cassii
1976 3057 2207 3126 nostri
2243 3058 2476 3156 copiis
2504 3055 2684 3128 nihil

538 3163 963 3236 sciebamus.
1006 3167 1263 3261 Neque
1306 3165 1500 3234 enim
1540 3163 1631 3236 ab
1681 3165 1841 3263 ipso
1891 3165 2055 3238 ullae
2109 3165 2382 3258 literae3
2441 3193 2684 3266 neque

536 3272 1010 3354 nuntiabatur
1049 3271 1449 3372 quidquam
1468 3329 1489 3363 ‚
1526 3274 1730 3373 quod
1778 3299 1912 3373 pro
1965 3291 2169 3348 certo
2217 3277 2678 3351 haberemus.

537 3389 1013 3484 Quantopere
1038 3399 1281 3456 autem
1306 3387 1621 3475 intersit,
1654 3387 1971 3486 opprimi
1997 3385 2450 3460 Dolabellam
2471 3445 2492 3478 ,
2517 3413 2684 3488 pro-

608 3579 656 3612 ι.
706 3561 931 3613 savilio
990 3561 1147 3611 etiam
1191 3562 1255 3611 de
1306 3563 1556 3612 Ventidio.
1645 3564 1738 3615 xit.
1776 3563 1964 3613 Gellius
1986 3599 2002 3624 ,
2035 3564 2124 3613 lib.
2149 3567 2266 3624 XV,
2298 3583 2409 3632 cap.
2437 3575 2491 3624 4.
2531 3569 2682 3617 Iun.

532 3641 763 3692 Servilius
802 3641 1006 3690 hanrici
1044 3639 1205 3701 filiun,
1250 3642 1328 3702 is,
1364 3645 1450 3707 qui
1494 3645 1556 3694 C.
1715 3643 1767 3692 3.
1791 3643 1972 3692 Iisdem
2011 3643 2151 3696 Iocis.
2191 3645 2292 3694 Ubi
2329 3663 2480 3695 essen.
2523 3647 2681 3706 Nam,

528 3721 729 3770 emm-ia
764 3721 948 3787 collega
992 3721 1149 3770 fuerat
1180 3721 1235 3769 iu
1274 3723 1553 3772 consulatu.
1623 3729 1818 3771 -utrum
1835 3723 1888 3770 iu
1903 3723 2194 3773 Macedonia
2207 3735 2334 3774 estet
2347 3760 2362 3785 ,
2385 3741 2542 3774 necne
2561 3760 2578 3785 ,
2591 3727 2682 3774 for-

528 3801 669 3848 Mu.
1645 3813 1771 3850 tasse
1793 3802 2127 3866 ignorabatur.
2142 3805 2261 3854 Nou
2284 3817 2390 3854 erat
2405 3805 2512 3854 illic
2529 3817 2677 3865 certe,

598 3893 649 3925 a.
705 3875 947 3927 Ventidio.
984 3879 1135 3928 Basso
1164 3879 1391 3929 Mulioue
1406 3913 1421 3940 ‚
1462 3882 1552 3945 qui
1643 3897 1794 3946 quum
1808 3882 2066 3947 epistolam
2080 3885 2358 3948 proximum
2377 3885 2676 3949 superiorem

523 3971 585 4003 ex
611 3953 784 4002 humili
822 3954 1085 4004 admodum
1121 3957 1316 4006 fortuna
1341 3959 1407 4007 ad
1430 3975 1549 4008 con-
1637 3961 1853 4025 scripsit,
1887 3974 2040 4025 quum
2066 3961 2198 4010 dicut
2219 3979 2247 4010 ιι
2269 3979 2323 4011 se
2349 3961 2506 4012 filium
2533 3963 2671 4012 Cice·

520 4035 729 4084 sulatum
756 4043 829 4082 est
869 4045 1093 4094 evectus,
1118 4038 1399 4102 primusque
1432 4041 1538 4088 Ro·
1635 4040 1772 4088 rouis
1820 4041 1876 4089 in
1913 4041 2262 4091 Macedoniam
2297 4059 2413 4093 eum
2457 4043 2670 4109 equitatu
2795 4039 2814 4052 ¹

518 4127 774 4161 manorum
809 4111 871 4160 de
909 4113 1100 4162 Parthis
1126 4115 1427 4180 triumphum
1450 4118 1542 4168 du·
1631 4135 1733 4170 ene
1750 4121 2069 4184 premittunt.
2096 4123 2251 4174 Inut-
