3019 4681
406 440 549 539 39⁸
1057 438 1156 507 M.
1208 432 1301 506 T.
1341 434 1890 507 elcERoms

401 590 566 636 rum
605 556 1050 662 repositum⁵
1072 616 1092 652 ,
1119 560 1531 632 >existimare
1553 613 1573 646 ,
1605 582 1756 629 non
1783 572 1858 629 te
1891 559 2318 628 insectatum
2357 582 2546 647 esse,

402 699 652 774 quum
676 676 1003 773 potueris
1024 727 1044 761 ‚
1078 673 1346 743 amicos
1372 684 1735 767 paternos
1765 672 2054 756 Patere,
2090 665 2399 739 obsecro
2429 684 2501 740 te
2522 724 2543 757 ‚

400 810 538 887 pro
592 782 967 882 republica
1015 781 1243 854 videri
1286 782 1585 879 gessisse
1635 778 2072 850 simultatem
2123 804 2291 850 cum
2340 794 2546 877 patre

399 896 578 991 ejus.
596 898 759 967 Non
785 893 1307 989 contempseris
1336 890 1525 962 hanc
1551 886 1916 960 familiam.
1935 890 2326 959 Honestius
2347 892 2542 959 enim

394 1021 471 1077 et
509 1003 851 1075 libentius
886 993 1321 1100 deponimus
1362 1000 1771 1071 inimicitias
1800 996 2216 1096 reipublicae
2247 1000 2544 1071 nomine

397 1128 801 1212 susceptas,
837 1136 1059 1210 quam
1094 1110 1586 1183 contumaciae.
1621 1114 1740 1181 Me
1779 1107 2040 1181 deinde
2067 1110 2223 1180 sine
2247 1106 2336 1179 ad
2359 1108 2546 1180 hanc

397 1224 822 1322 opinionem
850 1222 1002 1316 jam
1028 1245 1227 1293 nunc
1261 1220 1569 1316 dirigere
1591 1242 1906 1317 puerum
1935 1271 1955 1306 ,
1991 1233 2066 1291 et
2101 1234 2358 1291 tenero
2385 1221 2542 1289 ani-

396 1357 523 1403 mo
562 1331 717 1426 ejus
756 1330 1224 1429 persuadere,
1269 1354 1419 1401 non
1454 1354 1610 1403 esse
1647 1327 2028 1401 tradendas
2063 1330 2372 1427 posteris
2412 1330 2548 1405 ini-

396 1440 721 1511 micitias.
736 1442 1193 1537 Quamquam
1215 1493 1235 1525 ‚
1265 1454 1462 1511 tuam
1484 1438 1883 1522 fortunam,
1909 1442 2162 1511 Cicero
2183 1494 2202 1529 ,
2231 1438 2322 1510 ab
2340 1442 2543 1510 omni

396 1550 723 1649 periculo
748 1548 1032 1635 abesse,
1066 1564 1347 1621 certum
1376 1547 1653 1641 habe03
1697 1564 1937 1622 tamen
1968 1547 2306 1638 arbitror,
2333 1549 2542 1621 malle

392 1675 466 1733 te
510 1661 833 1758 quietam
868 1674 1313 1732 senectutem
1341 1715 1359 1749 ,
1405 1675 1477 1733 et
1507 1658 1984 1732 honorificam
2019 1662 2266 1758 potius
2295 1682 2542 1757 agere,

397 1794 619 1867 quam
657 1769 1055 1841 sollicitam.
1104 1774 1476 1841 Postremo
1528 1795 1692 1843 meo
1745 1770 1906 1865 jure
1955 1785 2026 1841 te
2078 1770 2220 1841 hoc
2264 1768 2543 1842 benefi-

394 1882 595 1951 cium
630 1904 811 1977 rogo
855 1906 871 1949 :
918 1878 1103 1950 nihil
1141 1881 1333 1951 enim
1372 1905 1528 1951 non
1571 1894 1693 1952 tua
1729 1876 1992 1950 causa⁶
2033 1878 2190 1951 feci.
2226 1878 2447 1971 Quod
2483 1884 2542 1951 si

392 2013 545 2060 non
592 1990 944 2087 impetr0,
988 2014 1121 2087 per
1165 2014 1282 2062 me
1326 1990 1586 2062 Clodio
1637 1990 1941 2063 daturus
1985 2014 2140 2061 non
2186 2014 2348 2061 sum
2396 2016 2412 2060 ε
2458 2004 2544 2061 ut

390 2098 746 2196 intelligas
768 2153 787 2184 ‚
824 2100 1080 2196 quanti
1111 2100 1305 2198 apud
1337 2124 1453 2171 me
1488 2100 1878 2172 auctoritas
1905 2114 2030 2171 tua
2049 2100 2179 2187 sit,
2210 2113 2432 2196 atque
2453 2124 2542 2171 eo

393 2225 467 2280 te
506 2208 1047 2307 placabiliorem
1087 2210 1430 2308 praebeas,

464 2394 516 2442 5.
556 2391 779 2440 Eme-tio
805 2402 1083 2457 suspectum
1126 2404 1201 2441 est
1242 2391 1425 2457 reposi-
1511 2391 1662 2441 hendi
1687 2407 1840 2458 genu·
1862 2392 2076 2456 exagitat
2093 2391 2268 2442 Cicero
2289 2391 2345 2439 in
2361 2389 2542 2456 Philip.

390 2483 509 2520 tum.
539 2471 634 2520 Sed
656 2472 699 2519 si
725 2470 884 2520 deleas
898 2507 913 2532 ,
931 2471 1194 2535 legendum
1218 2472 1283 2522 sit
1300 2473 1425 2536 opti·
1511 2473 1586 2520 111
1601 2508 1618 2535 ,
1636 2487 1700 2534 93
1726 2473 1873 2530 1111,
1897 2487 1982 2534 19.
2008 2471 2043 2520 J
2048 2504 2061 2517 .
2078 2473 2145 2520 V.
2167 2473 2224 2520 1..

390 2567 475 2599 ma
500 2567 602 2614 spe.
634 2550 772 2599 Nihil
806 2567 925 2598 vero
964 2561 1244 2616 suspectum
1279 2551 1425 2601 debet
1585 2553 1635 2599 6.
1669 2553 1777 2598 Tua
1803 2567 1972 2598 causa.
1999 2551 2073 2598 De
2107 2550 2186 2597 his
2214 2549 2427 2598 Antonii
2453 2549 2543 2598 be·

388 2645 490 2678 esse
510 2631 561 2678 in
578 2629 784 2696 epistole
802 2631 1035 2690 Antonii,
1056 2645 1201 2694 quem
1225 2627 1292 2679 ob
1306 2631 1424 2679 scri·
1512 2629 1704 2680 ποθῶ»
1732 2629 1835 2679 vid.
1862 2628 2080 2694 Philipp.
2107 2631 2154 2677 11
2169 2662 2184 2688 ,
2223 2643 2314 2690 πο,
2345 2637 2436 2686 ²4·

936 2847 1250 2912 CICERO
1296 2847 1701 2916 ANTONIO
1747 2845 1927 2912 COS.
1975 2846 2040 2911 S.

486 3018 705 3106 Quoi>
754 3039 1045 3087 mecum
1076 3025 1097 3058 ¹
1152 3039 1284 3114 per
1328 3015 1573 3088 literas
1617 3015 1802 3112 agisa,
1843 3037 2066 3086 unam
2103 3012 2202 3086 ob
2255 3037 2544 3086 causam

390 3125 682 3198 mallem
728 3149 973 3197 coram
1012 3128 1291 3224 egisse:
1334 3149 1487 3198 non
1530 3128 1724 3197 enim
1769 3125 2006 3198 solum
2047 3150 2138 3196 ex
2175 3125 2543 3213 oratione,

389 3236 513 3306 sed
560 3239 776 3306 etiam
816 3260 906 3307 ex
950 3237 1193 3325 vulta,
1252 3250 1326 3308 et
1382 3235 1615 3308 oculis
1647 3292 1667 3326 ‚
1721 3250 1794 3308 et
1831 3235 2075 3308 fronte
2109 3234 2245 3332 (ut
2277 3237 2484 3306 aiunt
2515 3235 2544 3331 )

388 3371 635 3418 meum
700 3371 867 3444 erga
939 3361 1013 3417 te
1076 3371 1399 3419 amorem
1454 3348 1866 3446 perspicere
1925 3347 2304 3444 potuisses.
2360 3349 2542 3418 Nam

392 3482 625 3556 quum
674 3473 747 3530 te
804 3480 1091 3557 semper
1144 3460 1419 3548 amavi,
1464 3459 1784 3557 primum
1836 3471 1968 3528 tuo
2031 3454 2318 3539 studio,
2377 3469 2544 3550 post

390 3570 606 3638 etiam
644 3565 1005 3640 beneficio
1036 3582 1516 3666 provocatus;
1565 3582 1723 3639 tum
1759 3567 1871 3638 his
1909 3564 2362 3664 temporibus
2398 3589 2545 3636 res-

466 3789 509 3820 1.
541 3773 687 3837 Quod
706 3788 909 3822 mecum.
950 3775 1091 3822 Eme
1113 3773 1371 3840 epistolam
1394 3790 1423 3822 ι
1511 3777 1708 3816 cautum
1729 3765 1888 3813 videri
1911 3780 1926 3814 ε
1948 3763 2086 3830 quod
2105 3764 2207 3825 jam
2233 3761 2540 3812 animadver-

388 3853 625 3905 Cicerone
682 3853 912 3916 scriptam
958 3865 1127 3918 ponto.
1178 3855 1424 3904 Antonin.
1511 3855 1679 3894 terunt
1698 3844 1788 3892 viri
1825 3844 1992 3904 docti,
2025 3843 2080 3891 in
2114 3842 2288 3908 primis
2321 3844 2371 3892 J.
2399 3843 2464 3889 V.
2485 3841 2541 3889 1..

388 3933 547 3998 palam
587 3931 834 3991 recitavit,
872 3949 1020 3996 quam
1058 3933 1125 3982 ob
1166 3950 1269 3982 rem
1312 3949 1425 3982 eum
1511 3925 1565 3973 in
1604 3925 1889 3989 prefatione
1933 3921 2268 3990 Epistularum
2301 3921 2365 3969 ad
2404 3921 2541 3970 Atti-

388 4013 563 4062 Cicero
586 4009 754 4060 acerbe
776 4012 1092 4076 perstringit,
1128 4013 1308 4078 Philip.
1330 4015 1380 4060 11
1399 4044 1417 4071 ,
1511 4020 1652 4063 mm,
1689 4015 1810 4052 tom·
1850 4005 2010 4058 XXI,
2053 4017 2165 4068 pug-
2197 4017 2256 4050 21
2279 4035 2294 4060 ,
2328 4017 2463 4066 seqq-
2493 4011 2544 4048 et

394 4101 477 4148 14.
496 4094 611 4144 Sca.
630 4117 699 4128 —-
726 4091 851 4138 Sane
875 4090 959 4138 hic
980 4089 1315 4140 confitendum
1342 4100 1419 4138 est
1511 4088 1576 4134 V.
1600 4087 1657 4135 C.
1689 4083 1930 4132 Guemede
1960 4083 2022 4132 ad
2049 4082 2264 4146 Philipp.
2293 4083 2366 4138 11,
2417 4091 2540 4132 tom.

388 4172 673 4221 Ciceronem
694 4171 747 4217 in
766 4169 995 4220 laudibus
1016 4169 1225 4220 Antonii
1242 4185 1416 4233 parum
1486 4169 1623 4239 lxv,
1640 4179 1750 4231 pag.
1775 4163 1898 4222 435.
1919 4165 2011 4212 En.
