3019 4681
547 411 683 509 592
1181 410 1279 481 M.
1329 404 1410 479 T.
1465 348 2047 481 emmonis

635 533 775 607 Sed
797 549 1038 606 tamen
1056 529 1084 575 ³
1123 530 1475 629 postridie
1499 584 1519 619 ‚
1548 556 1769 628 quam
1800 544 1880 602 tu
1909 556 1986 603 es
2016 529 2387 630 profectus
2408 586 2427 623 ,
2456 534 2693 605 multa

536 660 753 718 nocte
812 668 976 716 cum
1035 642 1358 716 Vibullio
1420 645 1587 713 veui
1640 640 1733 713 ad
1781 644 2227 742 Pompeium.
2284 646 2687 740 Quumque

539 783 674 855 ego
709 757 1014 854 egissem
1052 752 1144 824 de
1175 754 1327 825 istis
1360 750 1763 851 operibus⁴
1797 766 2019 849 atque
2040 750 2683 850 inscriptionibus»,

537 892 670 965 per
721 864 902 936 mihi
957 862 1276 960 benigne
1325 861 1751 959 respondit;
1794 884 2125 958 magnam
2176 886 2376 961 spem
2422 861 2681 932 attulit.

535 981 720 1048 Cum
768 978 1024 1046 Crasso
1079 997 1157 1045 se
1214 971 1394 1042 dixit
1437 971 1645 1070 loqui
1687 972 1907 1059 velle3
1948 972 2314 1071 mihique,
2363 987 2447 1044 ut
2482 970 2679 1042 idem

535 1086 848 1159 facerem
867 1138 888 1173 ‚
917 1085 1162 1155 suasit.
1195 1089 1534 1163 Crassum
1570 1082 1943 1155 consulem
1972 1107 2060 1153 ex
2092 1096 2345 1153 senatu
2376 1079 2677 1152 domum

531 1195 836 1266 reduxi:
886 1192 1203 1290 suscepit
1254 1216 1447 1279 rem-3
1498 1189 1827 1290 dixitque
1874 1214 2072 1279 esse,
2121 1192 2323 1289 quod
2378 1189 2677 1262 Clodius

537 1304 681 1375 hoc
721 1312 1050 1399 tempore
1105 1314 1404 1400 cuperet
1441 1326 1574 1399 per
1608 1326 1722 1391 se,
1756 1315 1832 1374 et
1870 1326 2001 1400 per
2034 1302 2456 1401 Pompeium
2497 1324 2678 1372 con-

539 1414 786 1512 sequi3
834 1428 1087 1511 putare
1131 1438 1206 1485 se
1231 1467 1250 1500 ‚
1295 1416 1355 1484 si
1399 1436 1537 1509 ego
1573 1436 1741 1484 eum
1778 1436 1933 1482 non
1970 1409 2430 1510 impedirem,
2468 1434 2681 1509 posse

537 1549 659 1595 me
695 1522 991 1622 adipisci
1026 1524 1181 1595 sine
1219 1523 1727 1610 contentione,
1762 1519 1965 1621 quod
1992 1520 2272 1592 vellem.
2314 1524 2577 1593 Totum
2605 1524 2679 1592 ei

537 1626 914 1733 negotium
950 1634 1278 1733 permisi,
1324 1657 1592 1729 meque
1626 1634 1703 1703 in
1742 1632 1899 1727 ejus
1933 1645 2287 1731 potestate
2322 1630 2472 1703 dixi
2494 1630 2676 1703 fore.

539 1744 877 1818 Interfuit
918 1744 1090 1817 huic
1131 1746 1452 1817 sermoni
1496 1747 1569 1814 P.
1614 1748 1913 1815 Crassus
1959 1741 2411 1830 adolescens,
2446 1744 2679 1813 nostri

537 1859 674 1953 (ut
725 1854 916 1951 scis)
975 1854 1563 1927 studiosissimus.
1621 1852 1810 1924 Illud
1870 1865 2111 1923 autem
2137 1904 2156 1938 ,
2222 1851 2425 1947 quod
2475 1851 2679 1949 cupit

535 1966 831 2038 Clodius
853 2020 872 2053 ,
928 1980 1032 2036 est
1083 1964 1344 2062 legatio
1395 1964 1635 2061 aliqua
1656 2019 1675 2052 ‚
1726 1963 1787 2034 si
1834 1966 2075 2032 minus
2128 1984 2259 2058 per
2302 1976 2632 2033 senatum
2652 2015 2672 2049 ‚

535 2103 666 2175 per
701 2075 1056 2175 populum
1077 2072 1128 2162 ⁵,
1163 2073 1388 2147 libera
1409 2128 1429 2162 ,
1467 2088 1595 2145 aut
1623 2075 2046 2169 Byzantium
2071 2126 2091 2159 ,
2132 2085 2257 2141 aut
2299 2070 2390 2142 ad
2423 2074 2676 2171 Brogi-

535 2202 773 2259 tarum
787 2184 842 2275 6,
872 2200 996 2257 aut
1022 2198 1420 2283 utrumque
1445 2189 1500 2253 7.
1546 2181 1763 2255 Plena
1796 2206 1911 2253 res
1938 2202 2431 2252 nummorum.
2458 2180 2675 2270 Quo‘d

535 2322 668 2395 ego
720 2319 877 2367 non
939 2296 1250 2367 nimium
1313 2293 1565 2366 laboro
1585 2348 1606 2383 ‚
1674 2293 1953 2366 etiamsi
2010 2292 2253 2364 minus
2308 2315 2673 2392 assequor,

532 2529 708 2578 mentis
745 2526 968 2576 videmur
1012 2543 1118 2576 non
1156 2527 1322 2591 inepte
1368 2526 1559 2576 Urania

529 2608 814 2656 restituisse.
840 2608 1072 2654 Manasr.
1092 2633 1164 2643 -
1183 2608 1376 2656 Certam
1403 2610 1555 2655 Leon.

527 2686 830 2750 Malaespinoe
857 2685 1186 2746 conjecturam
1213 2685 1296 2734 hic
1333 2701 1436 2733 esse
1460 2702 1557 2750 pu·

529 2778 602 2815 to.
623 2769 785 2814 Luta.
1475 2783 1481 2788 ·

599 2845 651 2894 3.
682 2845 784 2892 Sed
805 2853 986 2890 tamen.
1010 2845 1088 2891 Ita
1113 2841 1363 2906 loquimur
1399 2842 1553 2892 inter-

527 2924 670 2980 dum,
693 2938 847 2986 quum
866 2956 880 2980 ,
912 2923 1122 2979 omisso,
1148 2922 1236 2986 qui
1269 2934 1372 2971 erat
1408 2923 1553 2971 iusti-

529 3013 662 3053 tutus
683 3039 698 3062 ,
739 3015 962 3048 sermone
983 3035 998 3059 ,
1041 3016 1220 3049 novam
1245 3001 1554 3066 aggredimur

527 3082 864 3132 narrationem.
883 3081 1000 3130 Nou
1019 3081 1149 3129 euim
1173 3093 1246 3129 est
1273 3081 1354 3130 hic
1369 3119 1385 3144 ‚
1425 3103 1446 3125 ι
1465 3081 1552 3130 sed

526 3177 686 3214 tamen
705 3184 730 3205 a
745 3195 761 3218 ,
797 3177 854 3210 ea
876 3161 1116 3210 sententia
1143 3173 1429 3227 usurpatum
1447 3195 1464 3222 ‚
1493 3173 1553 3210 nt

525 3245 710 3294 iudicet
749 3243 1045 3290 contrarium
1084 3241 1272 3307 aliquid
1311 3242 1401 3299 iis,
1439 3255 1551 3305 quae

517 3328 616 3387 jam
645 3323 789 3372 dixit.
819 3323 964 3370 Mu«.

598 3407 646 3463 4.
688 3400 936 3466 Operibus.
963 3399 1174 3448 Videtur
1203 3397 1444 3460 ejusmodi
1471 3413 1549 3446 res

525 3485 696 3542 fuisse,
721 3496 832 3544 qua
855 3477 962 3528 fieri
989 3480 1092 3526 sine
1117 3478 1312 3541 publiea
1339 3493 1548 3525 consen-

527 3565 662 3610 sione
684 3577 784 3608 non
803 3570 986 3624 posset.
1002 3563 1170 3622 Itaque
1189 3557 1334 3606 dabat
1354 3573 1551 3621 operam

526 3643 716 3699 Cicero,
737 3653 799 3685 ne
825 3637 1028 3686 Clodius
1055 3637 1404 3698 adversaretur,
1424 3647 1475 3684 et
1495 3647 1551 3684 ut

523 3717 759 3781 Pompeio
777 3717 1049 3780 Crassoque
1065 3715 1369 3781 adjutoribus
1384 3727 1549 3764 uterc-

529 3810 626 3846 tur.
663 3797 821 3858 Opera
864 3811 981 3844 vero
1025 3797 1154 3860 ipsa,
1188 3806 1337 3859 atque
1377 3795 1551 3842 inscri-

523 3876 736 3939 ptiones,
753 3873 813 3920 de
839 3873 1016 3937 quibus
1039 3874 1294 3924 laborabat
1317 3875 1551 3936 Quintus,

524 3950 810 4000 crediderim
835 3953 1098 4016 significari
1127 3953 1178 4000 in
1207 3953 1348 4017 epist.
1380 3969 1401 4000 r
1432 3953 1549 4000 libri

527 4031 627 4088 111,
654 4028 742 4076 nbi
769 4031 948 4078 mentio
989 4032 1049 4078 dc
1075 4032 1283 4079 Telluris
1326 4031 1430 4079 aede
1469 4031 1545 4079 fit.

527 4110 652 4157 Nam
701 4107 764 4155 ad
803 4125 906 4156 eam
945 4109 1096 4157 aedem
1135 4109 1240 4156 fieri
1277 4109 1546 4173 quiddam,

1644 2537 1789 2592 atque
1822 2527 2025 2576 inscribi
2063 2543 2157 2576 sno
2190 2530 2417 2591 nomine,
2453 2529 2670 2593 Quintus

1642 2606 1855 2656 volebat.
1882 2605 1945 2655 Id
1969 2607 2156 2656 curavit
2178 2609 2352 2658 Cicero
2372 2644 2388 2669 ‚
2422 2619 2477 2658 nt
2498 2607 2671 2657 scribit

1642 2687 1753 2751 ipse
1781 2686 1837 2734 in
1871 2701 1932 2733 eo
1966 2685 2080 2735 loco
2098 2723 2115 2750 ,
2151 2683 2437 2752 diligenter:
2461 2697 2670 2736 statuam

1643 2767 1789 2813 etiam
1813 2765 1972 2814 fratris
1994 2764 2192 2814 locavit.
2215 2768 2373 2815 Inan-

1716 2845 1763 2892 5.
1779 2846 1879 2892 Por
1888 2845 2145 2910 populum.
2166 2841 2451 2894 Dandarum
2468 2843 2671 2909 legatio-

1640 2939 1759 2972 num
1779 2925 1860 2986 jus
1885 2924 1952 2972 ad
1976 2935 2197 2974 senatum
2233 2923 2519 2989 pertinebat.
2556 2923 2671 2973 Clo-

1642 3002 1754 3050 dius
1772 3037 1787 3062 ‚
1822 3005 1863 3051 si
1907 3019 1997 3068 per
2043 3014 2262 3052 senatum
2312 3019 2415 3051 non
2467 3014 2664 3069 posset,

1642 3084 1905 3148 confugere
1942 3082 2008 3131 ad
2043 3083 2283 3148 populum
2317 3083 2579 3148 cogitabat.
2607 3081 2669 3130 Id

1636 3160 1861 3210 homiues
1884 3162 2146 3228 populares
2168 3163 2328 3211 faeere
2347 3163 2519 3210 solitos
2536 3177 2637 3209 ease
2650 3193 2665 3219 ,

1638 3251 1695 3288 nt
1720 3241 1959 3290 Cenat-em
1997 3240 2059 3289 de
2096 3241 2350 3305 provincia
2366 3277 2383 3303 ‚
2413 3241 2667 3300 Vatinium

1637 3318 1700 3367 de
1720 3320 1963 3384 legatione
1982 3356 1997 3378 ,
2016 3320 2363 3370 animadverti.
2396 3321 2543 3368 Man.

1710 3401 1759 3448 6.
1784 3399 2108 3462 Byzantium,
2130 3412 2221 3448 aut
2236 3399 2560 3465 Brogieamm.
2598 3401 2668 3450 Ut

1636 3493 1663 3524 a
1693 3480 1940 3542 Byzantiis
1956 3513 1971 3538 ,
1996 3480 2134 3544 qnod
2162 3495 2249 3528 eos
2270 3479 2497 3527 tribunus
2516 3479 2585 3544 pl.
2604 3477 2667 3527 ab

1640 3557 1816 3606 exsilio
1844 3574 1927 3606 sua
1956 3557 2059 3622 lege
2092 3558 2397 3617 restituerat;
2435 3574 2462 3605 a
2487 3560 2666 3622 Brogi-

1638 3647 1744 3684 taro
1762 3647 1951 3696 autem,
1979 3637 2117 3701 qnod
2136 3653 2247 3685 enm
2274 3637 2447 3686 Matris
2474 3640 2667 3701 Magna

1638 3715 1821 3780 templo
1848 3716 2159 3780 praefecerat,
2202 3718 2485 3781 promissam
2512 3733 2668 3782 pecu·

1634 3794 1767 3842 niam
1790 3796 2025 3858 exigeret.
2055 3794 2179 3844 Ideo
2200 3795 2453 3858 subjungit
2472 3796 2667 3854 Cicero,

1639 3895 1661 3918 α
1686 3876 1827 3939 plena
1846 3891 1921 3922 m
1941 3891 2249 3922 nummorum
2265 3895 2309 3921 -.
2332 3875 2437 3921 Hac
2460 3885 2665 3936 utraque

1638 3953 1699 4002 dc
1742 3971 1795 4002 re
1837 3955 1951 4002 satis
1997 3965 2164 4018 aperte
2205 3955 2259 4001 in
2306 3955 2529 4001 oratione
2571 3967 2667 4016 pro

1637 4033 1823 4082 Sextio.
1854 4035 2007 4081 Inna.

1710 4130 1757 4172 ς.
1792 4117 1887 4160 Am
1910 4123 2180 4177 uerumque.
2206 4109 2299 4156 vel
2328 4120 2535 4172 utmqne
2550 4142 2567 4164 ‚
2610 4118 2667 4157 ut
