3019 4681
644 329 1159 400 EPISTOLAE
1206 330 1347 397 AD
1390 332 1906 417 ATTICUM‚
1955 334 2164 417 XIV,
2204 357 2318 403 21.
2427 338 2572 431 419

436 452 827 529 Dolabellae
874 449 1369 551 perferrentur
1392 504 1413 539 ,
1478 476 1634 526 non
1692 445 1786 523 de
1849 476 1928 525 re
1992 476 2154 525 mea
2189 454 2578 551 (nondum

432 568 635 639 enim
679 587 871 636 meas
902 560 1369 659 acceperat),
1410 561 1540 633 sed
1575 564 1942 661 rescripsit
1965 560 2060 634 ad
2079 588 2196 637 eas
2211 619 2232 653 ,
2265 589 2578 662 quarum

434 674 853 773 exemplum
872 670 1009 743 tibi
1034 672 1369 743 miseram
1388 724 1408 757 ,
1437 696 1608 743 sane
1635 671 2029 745 luculente.
2050 672 2159 746 Ad
2173 698 2290 747 me
2309 691 2584 763 autem,

434 808 669 883 quum
708 784 929 856 Cassii
956 780 1409 854 tabellarium
1432 780 1862 855 dimisissem
1886 838 1907 872 ,
1937 787 2182 857 statim
2203 784 2490 859 Balbus.
2517 793 2584 859 Ο

436 894 539 965 dii
578 892 795 981 boni,
848 917 1073 989 quam
1126 890 1333 963 facile
1376 894 1830 989 perspiceres
1881 894 2138 967 timere
2195 894 2464 968 otium!
2511 913 2588 969 et

440 1008 639 1077 nosti
675 1008 961 1075 virum²
992 1058 1013 1091 ‚
1056 1026 1279 1100 quam
1314 1014 1550 1073 tectus
1587 1030 1602 1072 :
1637 1002 1766 1073 sed
1807 1018 2052 1075 tamen
2089 1010 2384 1079 Antonii
2411 1033 2588 1079 cons

362 1106 369 1111 ’
436 1116 597 1189 eilia
644 1113 985 1187 narrabat
1014 1140 1034 1201 3
1090 1112 1301 1185 illum
1357 1114 1746 1185 circumire
1799 1129 2180 1191 veteranos
2208 1171 2228 1206 ‚
2305 1132 2393 1189 ut
2431 1134 2592 1191 acta

440 1228 735 1299 Caesaris
762 1225 1156 1311 sancirent,
1194 1222 1419 1321 idque
1448 1246 1526 1295 se
1551 1222 1872 1297 facturos
1919 1250 2072 1299 esse
2102 1227 2436 1322 jurarent
2453 1284 2476 1319 ,
2501 1244 2589 1301 -ut

440 1351 596 1408 rata
623 1358 879 1407 omnes
902 1333 1291 1419 haberent;
1321 1356 1555 1431 eaque
1575 1332 1942 1405 duumviri
1959 1333 1988 1379 ³
2020 1335 2364 1409 omnibus
2388 1362 2591 1411 men-

446 1445 647 1519 sibus
687 1449 1156 1544 inspicerent.
1197 1445 1518 1535 Questus
1559 1457 1669 1514 est
1711 1446 1925 1515 etiam
1971 1444 2062 1519 de
2107 1470 2236 1517 sua
2270 1448 2540 1521 invidia
2573 1476 2594 1536 ;

448 1584 677 1657 eaque
712 1560 953 1629 omnis
979 1555 1137 1651 ejus
1172 1554 1403 1629 oratio
1438 1551 1576 1624 fuit
1597 1606 1618 1640 ,
1671 1567 1754 1624 ut
1779 1578 2018 1625 amare
2049 1555 2424 1629 videretur
2455 1562 2598 1629 An-

446 1669 752 1739 tonium.
796 1664 993 1757 Quid
1033 1664 1337 1764 quaeris?
1374 1662 1560 1734 nihil
1601 1665 1886 1735 sinceri.
1927 1664 2110 1735 Mihi
2153 1681 2396 1739 autem
2441 1692 2596 1739 non

446 1794 555 1849 est
590 1776 935 1865 dubium,
970 1777 1151 1873 quin
1180 1798 1295 1847 res
1328 1787 1608 1873 spectet
1633 1772 1726 1845 ad
1760 1788 2006 1845 castra.
2039 1778 2218 1849 Acta
2247 1778 2442 1855 enim
2475 1778 2600 1853 illa

444 1913 562 1959 res
599 1903 710 1960 est
747 1891 991 1959 animo
1032 1885 1267 1973 virili,
1314 1885 1620 1957 consilio
1659 1886 1942 1983 puerili.
1987 1889 2170 1977 Quis
2209 1890 2408 1959 enim
2460 1890 2602 1961 hoc

446 2024 602 2071 non
624 1998 801 2070 vidit
817 2053 836 2086 ,
878 1998 1085 2097 regni
1109 1994 1451 2068 heredem
1480 1996 1814 2067 relictum
1837 1998 1865 2067 Ρ
1889 1996 2070 2095 quid
2087 2012 2329 2071 autem
2358 1998 2606 2073 absur-

446 2107 647 2197 dius,
684 2140 717 2175 «
738 2109 881 2181 hoc
936 2110 1339 2195 metueoe4,
1360 2106 1674 2182 alterum
1703 2108 1784 2177 in
1807 2122 2012 2179 metu
2041 2134 2196 2179 non
2227 2112 2598 2205 ponereP»

448 2218 647 2304 Quin
686 2220 901 2286 etiam
942 2214 1085 2285 hoe
1117 2215 1281 2312 ipso
1319 2227 1650 2309 tempore
1689 2212 1915 2283 muita
1947 2212 2384 2285 ὑποσόλοικαὸ.
2417 2220 2604 2287 Pon-

450 2320 579 2398 tii⁶
618 2326 1183 2428 Neapolitanum
1239 2351 1280 2398 a
1341 2339 1573 2406 matre
1631 2326 2144 2419 tyrannoctoni
2199 2324 2601 2424 possideri?

446 2437 833 2537 Legendus
866 2438 1051 2508 mihi
1078 2437 1343 2534 saepius
1376 2449 1489 2507 est
1529 2438 1710 2506 Cato
1743 2434 2042 2529 major⁷‚
2081 2435 2172 2506 ad
2211 2451 2286 2508 te
2315 2439 2597 2508 missus.

449 2549 896 2619 Amariorem
924 2550 1118 2618 enim
1148 2571 1268 2616 me
1298 2557 1631 2616 senectus
1651 2541 1841 2615 facit.
1867 2545 2298 2617 Stomachor
2330 2552 2596 2618 omnia.

449 2653 591 2727 Sed
617 2655 797 2726 mihi
833 2653 1133 2751 quidem
1178 2645 1548 2742 βεὲίωταιὸ.
1580 2648 1913 2721 Viderint
1943 2651 2271 2747 juyenes.
2294 2657 2404 2725 Tu
2439 2679 2600 2726 mea

449 2763 771 2852 curahiS,
808 2776 893 2834 ut
933 2787 1163 2838 curas.
1214 2767 1380 2834 Haec
1434 2760 1724 2858 scripsi,
1760 2785 1890 2834 seu
1927 2761 2225 2851 dictavi,
2274 2769 2600 2864 apposita

521 2993 573 3026 a.
600 2977 729 3030 Cod.
752 2992 853 3041 reg.
876 2976 1082 3036 vultum.
1112 2977 1161 3026 J.
1182 2976 1246 3023 V.
1267 2977 1323 3022 L.

524 3055 577 3106 3.
592 3055 859 3108 Duumvin'.
878 3053 995 3104 Non
1014 3053 1073 3102 de
1093 3053 1361 3107 duumviris
1376 3067 1480 3100 mu-

1569 2973 1771 3022 can-ris
1799 2974 2110 3038 conjuratos,
2138 2978 2224 3045 qui
2248 2989 2419 3041 postea
2437 2981 2594 3030 Muti·

1567 3052 1708 3099 nensi
1749 3053 1922 3117 praelio
1962 3055 2167 3118 cecidit,
2191 3068 2244 3103 ut
2279 3067 2350 3104 est
2370 3058 2516 3106 etiam
2545 3060 2596 3108 in

451 3135 745 3199 nicipiorum
764 3133 1002 3198 intellige.
1037 3134 1070 3182 J
1075 3170 1088 3183 .
1104 3135 1175 3182 V.
1198 3133 1252 3180 L.
1279 3131 1481 3194 conjicit

450 3215 598 3264 fuisse
640 3214 896 3280 religiosos
936 3214 1243 3278 magistratus
1258 3247 1276 3270 ,
1306 3221 1361 3260 ut
1407 3210 1481 3258 illi

449 3292 697 3341 duumviri
730 3307 980 3342 sacrorum
995 3329 1009 3354 ‚
1040 3306 1168 3356 quos
1190 3289 1482 3352 Tarquinius

449 3371 698 3436 Superbus
740 3371 991 3418 servandis
1036 3369 1177 3418 libris
1228 3367 1481 3432 sibyllinis

448 3460 795 3515 preposuerat.
813 3450 919 3500 Lib.
941 3452 1029 3513 lv,
1050 3465 1133 3498 υ.
1154 3448 1364 3514 Dionys.
1384 3449 1481 3496 lis·

448 3529 617 3578 iic-m.
664 3531 837 3592 Antiq.
864 3531 953 3588 lv,
981 3531 1067 3578 δα.
1088 3529 1212 3576 stne
1241 3527 1343 3575 divi
1365 3527 1479 3576 Cn·

446 3611 567 3663 sutis
584 3617 691 3658 acts
708 3624 801 3674 pro
814 3607 1023 3660 omeuiis
1044 3606 1214 3656 haberi
1232 3615 1477 3672 poterant.

521 3699 574 3748 4.
594 3691 705 3736 Hoc
722 3700 945 3738 metuere.
970 3688 1196 3738 Semrius
1222 3697 1295 3734 est
1314 3701 1375 3734 ex
1396 3703 1475 3733 ve-

446 3769 539 3816 teri
562 3768 773 3833 quodam
794 3779 939 3832 poeta
959 3779 1184 3832 sumptus
1197 3804 1211 3828 ,
1234 3782 1379 3831 quem
1396 3763 1475 3814 Ci-

446 3863 559 3898 cero
592 3865 721 3914 sape
746 3847 947 3898 adducit
979 3861 1243 3913 suppresso
1264 3846 1474 3897 onmis

442 3930 659 3986 nomine.
682 3931 882 3982 Bonus..

518 4007 564 4056 5.
587 3995 900 4058 Ῠποσόλοικα..
932 4005 1257 4056 Subsbsurds.

512 4080 566 4128 ⁶.
592 4079 765 4129 Ροοκίἰ.
790 4081 903 4130 Fn‘t
925 4079 1131 4131 Pontius
1146 4077 1320 4143 Aquila
1342 4079 1471 4128 inter

1569 3131 1774 3196 epistola
1802 3133 2013 3198 quedam
2049 3133 2316 3184 Pollionis:
2345 3136 2456 3186 «lbi
2476 3138 2597 3186 'nir-

1571 3210 1692 3259 tium
1713 3225 1909 3275 quoque
1921 3213 2138 3276 periisse,
2147 3223 2196 3261 et
2209 3215 2439 3264 Pontium
2450 3219 2600 3281 Aqui·

1565 3288 1729 3352 ism»,
1755 3302 1809 3338 ut
1832 3290 1980 3355 hujus
2004 3293 2208 3340 fortssse
2234 3293 2332 3341 hoc
2355 3295 2597 3358 predium

1568 3369 1772 3418 Caesaris
1787 3370 1938 3418 hsstoe
1955 3371 2227 3432 subjeetum
2247 3372 2340 3432 sit,
2365 3375 2503 3437 quod
2513 3377 2598 3426 ille

1569 3449 1784 3497 Servilia
1809 3451 1950 3496 matri
1977 3452 2114 3498 Bruti
2145 3449 2366 3501 dederit:
2387 3454 2464 3501 cui
2492 3471 2596 3504 um-

1564 3524 1784 3589 plissims
1813 3527 1997 3592 pradis
2023 3529 2420 3579 ex·suetionibus
2445 3533 2597 3583 hastae

1567 3621 1772 3656 nummo
1797 3606 2082 3668 miniixitmt
2101 3610 2362 3660 Suetonius
2378 3612 2594 3666 tradidit.
2653 3633 2660 3641 ·

1565 3669 1874 3734 Ῠποσόλοαον
1895 3701 2028 3734 nunc
2042 3721 2058 3747 ‚
2078 3698 2127 3734 et
2142 3687 2498 3739 subabsurdum
2515 3694 2593 3740 vi-

1567 3763 1710 3814 detur
1747 3763 2000 3828 Ciceroni,
2023 3767 2164 3814 Bruti
2187 3779 2386 3817 matrem
2408 3772 2589 3835 predis

1561 3844 1669 3904 ejus
1705 3844 1984 3910 possidere,
2029 3861 2176 3909 quem
2199 3845 2330 3898 iilius
2371 3853 2592 3916 predari

1559 3923 1694 3974 illius
1717 3924 1950 3974 facinoris
1968 3927 2156 3974 socium
2183 3927 2424 3980 habuerit.
2442 3935 2591 3982 onr.

1638 4020 1687 4065 7.
1706 4001 1826 4052 caeo
1849 4003 2025 4067 major.
2052 4005 2126 4053 De
2148 4019 2414 4057 senectute.

1635 4083 1685 4133 8.
1703 4077 1952 4135 Βιξὶοται.
1982 4085 2096 4134 vit·
2131 4093 2368 4134 maneta
2389 4099 2479 4138 est.

2185 4197 2300 4268 27.
