<?xml version="1.0" encoding="UTF-8"?>
<!DOCTYPE html PUBLIC "-//W3C//DTD XHTML 1.0 Transitional//EN"
    "http://www.w3.org/TR/xhtml1/DTD/xhtml1-transitional.dtd">
<html xmlns="http://www.w3.org/1999/xhtml" xml:lang="en" lang="en">
 <head>
  <title>
</title>
<meta http-equiv="Content-Type" content="text/html;charset=utf-8" />
  <meta name='ocr-system' content='tesseract 3.04.00' />
  <meta name='ocr-capabilities' content='ocr_page ocr_carea ocr_par ocr_line ocrx_word'/>
</head>
<body>
  <div class='ocr_page' id='page_1' title='image "./mtciceronisquae04lemagoog_0024.png"; bbox 0 0 3019 4681; ppageno 0'>
   <div class='ocr_carea' id='block_1_1' title="bbox 590 347 2081 458">
    <p class='ocr_par' dir='ltr' id='par_1_1' title="bbox 590 347 2081 458">
     <span class='ocr_line' id='line_1_1' title="bbox 590 347 2081 458; baseline -0.004 -1"><span class='ocrx_word' id='word_1_1' title='bbox 590 387 672 458; x_wconf 88' lang='lat'><strong>18</strong></span> <span class='ocrx_word' id='word_1_2' title='bbox 1171 347 1178 354; x_wconf 74' lang='grc'><em>’</em></span> <span class='ocrx_word' id='word_1_3' title='bbox 1218 383 1314 452; x_wconf 84' lang='grc' dir='ltr'><strong>Μ.</strong></span> <span class='ocrx_word' id='word_1_4' title='bbox 1367 383 1445 452; x_wconf 84' lang='grc' dir='ltr'><strong>Τ.</strong></span> <span class='ocrx_word' id='word_1_5' title='bbox 1500 379 2081 454; x_wconf 85' lang='lat' dir='ltr'>CICERONIS</span> 
     </span>
    </p>
   </div>
   <div class='ocr_carea' id='block_1_2' title="bbox 559 505 2757 2700">
    <p class='ocr_par' dir='ltr' id='par_1_2' title="bbox 564 505 2757 2146">
     <span class='ocr_line' id='line_1_2' title="bbox 576 505 2757 606; baseline 0 -26"><span class='ocrx_word' id='word_1_6' title='bbox 576 506 902 580; x_wconf 88' lang='lat' dir='ltr'><strong>subsidio</strong></span> <span class='ocrx_word' id='word_1_7' title='bbox 937 519 1288 579; x_wconf 84' lang='lat' dir='ltr'><strong>venturus</strong></span> <span class='ocrx_word' id='word_1_8' title='bbox 1329 505 1438 575; x_wconf 84' lang='lat' dir='ltr'><strong>sit.</strong></span> <span class='ocrx_word' id='word_1_9' title='bbox 1493 505 1645 602; x_wconf 86' lang='lat' dir='ltr'><strong>Ego</strong></span> <span class='ocrx_word' id='word_1_10' title='bbox 1686 530 1837 576; x_wconf 88' lang='lat' dir='ltr'><strong>non</strong></span> <span class='ocrx_word' id='word_1_11' title='bbox 1894 520 2095 603; x_wconf 86' lang='lat' dir='ltr'><strong>puto.</strong></span> <span class='ocrx_word' id='word_1_12' title='bbox 2154 509 2467 576; x_wconf 84' lang='lat' dir='ltr'><strong>Deseret</strong></span> <span class='ocrx_word' id='word_1_13' title='bbox 2516 509 2757 606; x_wconf 83' lang='lat' dir='ltr'><strong>igitur</strong></span> 
     </span>
     <span class='ocr_line' id='line_1_3' title="bbox 574 617 2757 714; baseline 0.001 -25"><span class='ocrx_word' id='word_1_14' title='bbox 574 619 790 690; x_wconf 86' lang='lat' dir='ltr'><strong>talem</strong></span> <span class='ocrx_word' id='word_1_15' title='bbox 839 618 1062 688; x_wconf 86' lang='lat' dir='ltr'><strong>civem</strong></span> <span class='ocrx_word' id='word_1_16' title='bbox 1087 669 1106 703; x_wconf 89' lang='lat'><strong>,</strong></span> <span class='ocrx_word' id='word_1_17' title='bbox 1149 629 1220 687; x_wconf 86' lang='lat' dir='ltr'><strong>et</strong></span> <span class='ocrx_word' id='word_1_18' title='bbox 1265 623 1462 702; x_wconf 86' lang='lat' dir='ltr'><strong>eos¹,</strong></span> <span class='ocrx_word' id='word_1_19' title='bbox 1497 639 1684 712; x_wconf 92' lang='lat' dir='ltr'><strong>quos</strong></span> <span class='ocrx_word' id='word_1_20' title='bbox 1728 624 1873 686; x_wconf 83' lang='lat' dir='ltr'><strong>u&#39;na</strong></span> <span class='ocrx_word' id='word_1_21' title='bbox 1914 618 2049 686; x_wconf 87' lang='lat' dir='ltr'><strong>scis</strong></span> <span class='ocrx_word' id='word_1_22' title='bbox 2084 617 2282 688; x_wconf 84' lang='lat' dir='ltr'><strong>esse?</strong></span> <span class='ocrx_word' id='word_1_23' title='bbox 2320 641 2579 714; x_wconf 89' lang='lat' dir='ltr'><strong>quum</strong></span> <span class='ocrx_word' id='word_1_24' title='bbox 2624 619 2757 691; x_wconf 87' lang='lat' dir='ltr'><strong>ha-</strong></span> 
     </span>
     <span class='ocr_line' id='line_1_4' title="bbox 571 726 2755 827; baseline 0.001 -28"><span class='ocrx_word' id='word_1_25' title='bbox 571 728 740 800; x_wconf 87' lang='lat' dir='ltr'><strong>beat</strong></span> <span class='ocrx_word' id='word_1_26' title='bbox 784 728 1174 827; x_wconf 80' lang='lat' dir='ltr'><strong>praesertim</strong></span> <span class='ocrx_word' id='word_1_27' title='bbox 1209 739 1282 796; x_wconf 85' lang='lat' dir='ltr'><strong>et</strong></span> <span class='ocrx_word' id='word_1_28' title='bbox 1317 726 1466 822; x_wconf 87' lang='lat' dir='ltr'><strong>ipse</strong></span> <span class='ocrx_word' id='word_1_29' title='bbox 1505 726 1841 797; x_wconf 81' lang='lat' dir='ltr'>cohortes</span> <span class='ocrx_word' id='word_1_30' title='bbox 1888 729 2081 798; x_wconf 80' lang='lat' dir='ltr'><strong>xxx?</strong></span> <span class='ocrx_word' id='word_1_31' title='bbox 2116 729 2263 798; x_wconf 87' lang='lat' dir='ltr'><strong>Nisi</strong></span> <span class='ocrx_word' id='word_1_32' title='bbox 2310 753 2432 799; x_wconf 87' lang='lat' dir='ltr'><strong>me</strong></span> <span class='ocrx_word' id='word_1_33' title='bbox 2482 734 2755 802; x_wconf 87' lang='lat' dir='ltr'><strong>omnia</strong></span> 
     </span>
     <span class='ocr_line' id='line_1_5' title="bbox 571 833 2751 936; baseline 0 -27"><span class='ocrx_word' id='word_1_34' title='bbox 571 838 862 926; x_wconf 87' lang='lat' dir='ltr'><strong>fallunt,</strong></span> <span class='ocrx_word' id='word_1_35' title='bbox 889 836 1187 908; x_wconf 83' lang='lat' dir='ltr'><strong>deseret.</strong></span> <span class='ocrx_word' id='word_1_36' title='bbox 1211 833 1743 906; x_wconf 84' lang='lat' dir='ltr'><strong>Incredibiliter</strong></span> <span class='ocrx_word' id='word_1_37' title='bbox 1764 837 2149 933; x_wconf 85' lang='lat' dir='ltr'><strong>pertimuit.</strong></span> <span class='ocrx_word' id='word_1_38' title='bbox 2178 837 2376 908; x_wconf 87' lang='lat' dir='ltr'><strong>Nihil</strong></span> <span class='ocrx_word' id='word_1_39' title='bbox 2408 853 2751 936; x_wconf 85' lang='lat' dir='ltr'><strong>spectat,</strong></span> 
     </span>
     <span class='ocr_line' id='line_1_6' title="bbox 569 942 2749 1044; baseline -0 -24"><span class='ocrx_word' id='word_1_40' title='bbox 569 951 708 1020; x_wconf 87' lang='lat' dir='ltr'><strong>nisi</strong></span> <span class='ocrx_word' id='word_1_41' title='bbox 748 946 992 1044; x_wconf 84' lang='lat' dir='ltr'><strong>fugam</strong></span> <span class='ocrx_word' id='word_1_42' title='bbox 1052 971 1069 1014; x_wconf 76' lang='lat' dir='ltr'><em>z</em></span> <span class='ocrx_word' id='word_1_43' title='bbox 1133 948 1248 1015; x_wconf 88' lang='lat' dir='ltr'><strong>cui</strong></span> <span class='ocrx_word' id='word_1_44' title='bbox 1309 959 1390 1014; x_wconf 87' lang='lat' dir='ltr'><strong>tu</strong></span> <span class='ocrx_word' id='word_1_45' title='bbox 1433 942 1697 1040; x_wconf 87' lang='lat' dir='ltr'><strong>(video</strong></span> <span class='ocrx_word' id='word_1_46' title='bbox 1730 949 1921 1015; x_wconf 88' lang='lat' dir='ltr'><strong>enim</strong></span> <span class='ocrx_word' id='word_1_47' title='bbox 1946 999 1965 1032; x_wconf 94' lang='lat'><strong>,</strong></span> <span class='ocrx_word' id='word_1_48' title='bbox 2002 943 2181 1042; x_wconf 89' lang='lat' dir='ltr'><strong>quid</strong></span> <span class='ocrx_word' id='word_1_49' title='bbox 2228 946 2509 1018; x_wconf 86' lang='lat' dir='ltr'><strong>sentias</strong></span> <span class='ocrx_word' id='word_1_50' title='bbox 2544 949 2575 1041; x_wconf 90' lang='lat'><em>)</em></span> <span class='ocrx_word' id='word_1_51' title='bbox 2622 973 2749 1020; x_wconf 86' lang='lat' dir='ltr'><strong>me</strong></span> 
     </span>
     <span class='ocr_line' id='line_1_7' title="bbox 569 1053 2747 1156; baseline -0.001 -24"><span class='ocrx_word' id='word_1_52' title='bbox 569 1062 910 1132; x_wconf 86' lang='lat' dir='ltr'><strong>comitem</strong></span> <span class='ocrx_word' id='word_1_53' title='bbox 953 1070 1162 1156; x_wconf 91' lang='lat' dir='ltr'><strong>putas</strong></span> <span class='ocrx_word' id='word_1_54' title='bbox 1195 1053 1462 1126; x_wconf 84' lang='lat' dir='ltr'><strong>debere</strong></span> <span class='ocrx_word' id='word_1_55' title='bbox 1493 1077 1669 1126; x_wconf 85' lang='lat' dir='ltr'><strong>esse.</strong></span> <span class='ocrx_word' id='word_1_56' title='bbox 1711 1061 1865 1152; x_wconf 88' lang='lat' dir='ltr'><strong>Ego</strong></span> <span class='ocrx_word' id='word_1_57' title='bbox 1894 1079 2109 1144; x_wconf 80' lang='lat' dir='ltr'><strong>vere,</strong></span> <span class='ocrx_word' id='word_1_58' title='bbox 2142 1079 2365 1153; x_wconf 88' lang='lat' dir='ltr'><strong>quem</strong></span> <span class='ocrx_word' id='word_1_59' title='bbox 2404 1055 2703 1156; x_wconf 83' lang='lat' dir='ltr'><strong>fugiam</strong></span> <span class='ocrx_word' id='word_1_60' title='bbox 2728 1115 2747 1146; x_wconf 93' lang='lat'><strong>,</strong></span> 
     </span>
     <span class='ocr_line' id='line_1_8' title="bbox 564 1149 2748 1263; baseline -0.001 -21"><span class='ocrx_word' id='word_1_61' title='bbox 564 1171 802 1242; x_wconf 85' lang='lat' dir='ltr'><strong>habeo</strong></span> <span class='ocrx_word' id='word_1_62' title='bbox 833 1196 852 1256; x_wconf 92' lang='lat'>;</span> <span class='ocrx_word' id='word_1_63' title='bbox 933 1190 1154 1263; x_wconf 90' lang='lat' dir='ltr'><strong>quem</strong></span> <span class='ocrx_word' id='word_1_64' title='bbox 1221 1189 1480 1262; x_wconf 85' lang='lat' dir='ltr'><strong>sequar</strong></span> <span class='ocrx_word' id='word_1_65' title='bbox 1505 1219 1524 1252; x_wconf 91' lang='lat'>‚</span> <span class='ocrx_word' id='word_1_66' title='bbox 1587 1187 1735 1236; x_wconf 85' lang='lat' dir='ltr'><strong>non</strong></span> <span class='ocrx_word' id='word_1_67' title='bbox 1794 1149 2050 1238; x_wconf 81' lang='lat' dir='ltr'><strong>habeo.</strong></span> <span class='ocrx_word' id='word_1_68' title='bbox 2114 1166 2333 1258; x_wconf 90' lang='lat' dir='ltr'><strong>Quod</strong></span> <span class='ocrx_word' id='word_1_69' title='bbox 2382 1171 2597 1240; x_wconf 88' lang='lat' dir='ltr'><strong>enim</strong></span> <span class='ocrx_word' id='word_1_70' title='bbox 2661 1185 2748 1240; x_wconf 82' lang='lat' dir='ltr'><strong>tu</strong></span> 
     </span>
     <span class='ocr_line' id='line_1_9' title="bbox 569 1274 2741 1376; baseline -0 -25"><span class='ocrx_word' id='word_1_71' title='bbox 569 1303 810 1354; x_wconf 88' lang='lat' dir='ltr'><strong>meum</strong></span> <span class='ocrx_word' id='word_1_72' title='bbox 867 1276 1151 1363; x_wconf 81' lang='lat' dir='ltr'><strong>laudaS,</strong></span> <span class='ocrx_word' id='word_1_73' title='bbox 1213 1291 1287 1347; x_wconf 84' lang='lat' dir='ltr'><strong>et</strong></span> <span class='ocrx_word' id='word_1_74' title='bbox 1327 1274 1918 1346; x_wconf 74' lang='lat' dir='ltr'><strong>memorandum2</strong></span> <span class='ocrx_word' id='word_1_75' title='bbox 1953 1276 2164 1364; x_wconf 88' lang='lat' dir='ltr'><strong>dicis,</strong></span> <span class='ocrx_word' id='word_1_76' title='bbox 2221 1277 2479 1366; x_wconf 86' lang='lat' dir='ltr'><strong>malle,</strong></span> <span class='ocrx_word' id='word_1_77' title='bbox 2527 1280 2741 1376; x_wconf 88' lang='lat' dir='ltr'><strong>quod</strong></span> 
     </span>
     <span class='ocr_line' id='line_1_10' title="bbox 565 1388 2741 1483; baseline 0 -23"><span class='ocrx_word' id='word_1_78' title='bbox 565 1389 906 1473; x_wconf 86' lang='lat' dir='ltr'><strong>dixerim,</strong></span> <span class='ocrx_word' id='word_1_79' title='bbox 947 1409 1064 1456; x_wconf 88' lang='lat' dir='ltr'><strong>me</strong></span> <span class='ocrx_word' id='word_1_80' title='bbox 1097 1409 1262 1456; x_wconf 86' lang='lat' dir='ltr'><strong>cum</strong></span> <span class='ocrx_word' id='word_1_81' title='bbox 1290 1388 1635 1482; x_wconf 83' lang='lat' dir='ltr'><strong>Pompeio</strong></span> <span class='ocrx_word' id='word_1_82' title='bbox 1660 1388 1850 1456; x_wconf 80' lang='lat' dir='ltr'><strong>vinci</strong></span> <span class='ocrx_word' id='word_1_83' title='bbox 1874 1441 1893 1472; x_wconf 91' lang='lat'>‚</span> <span class='ocrx_word' id='word_1_84' title='bbox 1924 1409 2143 1483; x_wconf 85' lang='lat' dir='ltr'><strong>quam</strong></span> <span class='ocrx_word' id='word_1_85' title='bbox 2176 1411 2345 1459; x_wconf 88' lang='lat' dir='ltr'><strong>cum</strong></span> <span class='ocrx_word' id='word_1_86' title='bbox 2369 1389 2538 1462; x_wconf 89' lang='lat' dir='ltr'><strong>istis</strong></span> <span class='ocrx_word' id='word_1_87' title='bbox 2574 1393 2741 1460; x_wconf 83' lang='lat' dir='ltr'><strong>vin·</strong></span> 
     </span>
     <span class='ocr_line' id='line_1_11' title="bbox 567 1495 2737 1596; baseline 0 -26"><span class='ocrx_word' id='word_1_88' title='bbox 567 1520 732 1570; x_wconf 83' lang='lat' dir='ltr'><strong>cere</strong></span> <span class='ocrx_word' id='word_1_89' title='bbox 775 1524 790 1566; x_wconf 91' lang='lat'><strong>:</strong></span> <span class='ocrx_word' id='word_1_90' title='bbox 829 1521 966 1594; x_wconf 84' lang='lat' dir='ltr'><strong>ego</strong></span> <span class='ocrx_word' id='word_1_91' title='bbox 999 1518 1174 1567; x_wconf 77' lang='lat' dir='ltr'><strong>vero</strong></span> <span class='ocrx_word' id='word_1_92' title='bbox 1209 1495 1435 1578; x_wconf 82' lang='lat' dir='ltr'><strong>mal0,</strong></span> <span class='ocrx_word' id='word_1_93' title='bbox 1473 1495 1601 1567; x_wconf 86' lang='lat' dir='ltr'><strong>sed</strong></span> <span class='ocrx_word' id='word_1_94' title='bbox 1624 1518 1793 1566; x_wconf 89' lang='lat' dir='ltr'><strong>cum</strong></span> <span class='ocrx_word' id='word_1_95' title='bbox 1822 1497 1949 1568; x_wconf 87' lang='lat' dir='ltr'><strong>illo</strong></span> <span class='ocrx_word' id='word_1_96' title='bbox 1981 1501 2359 1596; x_wconf 86' lang='lat' dir='ltr'><strong>PompeiO,</strong></span> <span class='ocrx_word' id='word_1_97' title='bbox 2388 1504 2530 1596; x_wconf 89' lang='lat' dir='ltr'><strong>qui</strong></span> <span class='ocrx_word' id='word_1_98' title='bbox 2572 1515 2737 1571; x_wconf 89' lang='lat' dir='ltr'><strong>tum</strong></span> 
     </span>
     <span class='ocr_line' id='line_1_12' title="bbox 567 1604 2739 1707; baseline -0 -26"><span class='ocrx_word' id='word_1_99' title='bbox 567 1624 755 1696; x_wconf 84' lang='lat' dir='ltr'><strong>erat,</strong></span> <span class='ocrx_word' id='word_1_100' title='bbox 797 1621 924 1678; x_wconf 81' lang='lat' dir='ltr'><strong>aut</strong></span> <span class='ocrx_word' id='word_1_101' title='bbox 961 1608 1089 1704; x_wconf 89' lang='lat' dir='ltr'><strong>qui</strong></span> <span class='ocrx_word' id='word_1_102' title='bbox 1117 1607 1292 1676; x_wconf 88' lang='lat' dir='ltr'><strong>mihi</strong></span> <span class='ocrx_word' id='word_1_103' title='bbox 1325 1629 1478 1677; x_wconf 89' lang='lat' dir='ltr'><strong>esse</strong></span> <span class='ocrx_word' id='word_1_104' title='bbox 1509 1604 1931 1694; x_wconf 78' lang='lat' dir='ltr'><strong>videbatur3</strong></span> <span class='ocrx_word' id='word_1_105' title='bbox 1970 1633 2136 1678; x_wconf 89' lang='lat' dir='ltr'><strong>cum</strong></span> <span class='ocrx_word' id='word_1_106' title='bbox 2176 1607 2317 1678; x_wconf 91' lang='lat' dir='ltr'><strong>hoc</strong></span> <span class='ocrx_word' id='word_1_107' title='bbox 2344 1629 2569 1696; x_wconf 82' lang='lat' dir='ltr'><strong>vero,</strong></span> <span class='ocrx_word' id='word_1_108' title='bbox 2602 1611 2739 1707; x_wconf 89' lang='lat' dir='ltr'><strong>qui</strong></span> 
     </span>
     <span class='ocr_line' id='line_1_13' title="bbox 565 1715 2733 1818; baseline -0.001 -27"><span class='ocrx_word' id='word_1_109' title='bbox 565 1733 734 1791; x_wconf 85' lang='lat' dir='ltr'><strong>ante</strong></span> <span class='ocrx_word' id='word_1_110' title='bbox 775 1717 998 1817; x_wconf 83' lang='lat' dir='ltr'><strong>fugit,</strong></span> <span class='ocrx_word' id='word_1_111' title='bbox 1035 1741 1254 1815; x_wconf 89' lang='lat' dir='ltr'><strong>quam</strong></span> <span class='ocrx_word' id='word_1_112' title='bbox 1293 1719 1425 1788; x_wconf 87' lang='lat' dir='ltr'><strong>scit</strong></span> <span class='ocrx_word' id='word_1_113' title='bbox 1447 1771 1466 1805; x_wconf 94' lang='lat'><strong>,</strong></span> <span class='ocrx_word' id='word_1_114' title='bbox 1504 1731 1630 1787; x_wconf 87' lang='lat' dir='ltr'><strong>aut</strong></span> <span class='ocrx_word' id='word_1_115' title='bbox 1656 1739 1875 1814; x_wconf 87' lang='lat' dir='ltr'><strong>quem</strong></span> <span class='ocrx_word' id='word_1_116' title='bbox 1912 1715 2171 1814; x_wconf 82' lang='lat' dir='ltr'><strong>fugiat,</strong></span> <span class='ocrx_word' id='word_1_117' title='bbox 2206 1729 2334 1790; x_wconf 69' lang='lat' dir='ltr'><strong>aut</strong></span> <span class='ocrx_word' id='word_1_118' title='bbox 2360 1741 2524 1815; x_wconf 92' lang='lat' dir='ltr'><strong>quo</strong></span> <span class='ocrx_word' id='word_1_119' title='bbox 2550 1774 2571 1810; x_wconf 88' lang='lat'><strong>,</strong></span> <span class='ocrx_word' id='word_1_120' title='bbox 2600 1721 2733 1818; x_wconf 89' lang='lat' dir='ltr'><strong>qui</strong></span> 
     </span>
     <span class='ocr_line' id='line_1_14' title="bbox 565 1827 2731 1928; baseline 0.001 -28"><span class='ocrx_word' id='word_1_121' title='bbox 565 1844 813 1902; x_wconf 85' lang='lat' dir='ltr'><strong>nostra</strong></span> <span class='ocrx_word' id='word_1_122' title='bbox 837 1827 1161 1911; x_wconf 85' lang='lat' dir='ltr'><strong>tradidit,</strong></span> <span class='ocrx_word' id='word_1_123' title='bbox 1185 1830 1316 1924; x_wconf 89' lang='lat' dir='ltr'><strong>qui</strong></span> <span class='ocrx_word' id='word_1_124' title='bbox 1342 1828 1641 1925; x_wconf 86' lang='lat' dir='ltr'><strong>patriam</strong></span> <span class='ocrx_word' id='word_1_125' title='bbox 1668 1827 1963 1924; x_wconf 85' lang='lat' dir='ltr'><strong>reliquit</strong></span> <span class='ocrx_word' id='word_1_126' title='bbox 1982 1881 1999 1913; x_wconf 95' lang='lat'><strong>,</strong></span> <span class='ocrx_word' id='word_1_127' title='bbox 2034 1829 2308 1898; x_wconf 85' lang='lat' dir='ltr'><strong>ltaliam</strong></span> <span class='ocrx_word' id='word_1_128' title='bbox 2324 1829 2731 1928; x_wconf 79' lang='lat' dir='ltr'><strong>relinquit,</strong></span> 
     </span>
     <span class='ocr_line' id='line_1_15' title="bbox 565 1937 2731 2037; baseline 0.001 -26"><span class='ocrx_word' id='word_1_129' title='bbox 565 1943 626 2012; x_wconf 81' lang='lat' dir='ltr'><strong>si</strong></span> <span class='ocrx_word' id='word_1_130' title='bbox 667 1939 926 2028; x_wconf 78' lang='lat' dir='ltr'><strong>malui3</strong></span> <span class='ocrx_word' id='word_1_131' title='bbox 982 1940 1322 2034; x_wconf 85' lang='lat' dir='ltr'><strong>contigit;</strong></span> <span class='ocrx_word' id='word_1_132' title='bbox 1365 1940 1595 2009; x_wconf 85' lang='lat' dir='ltr'><strong>victus</strong></span> <span class='ocrx_word' id='word_1_133' title='bbox 1632 1937 1863 2010; x_wconf 69' lang='lat' dir='ltr'><strong>sum-3.</strong></span> <span class='ocrx_word' id='word_1_134' title='bbox 1904 1937 2117 2028; x_wconf 87' lang='lat' dir='ltr'><strong>Quod</strong></span> <span class='ocrx_word' id='word_1_135' title='bbox 2162 1955 2544 2037; x_wconf 85' lang='lat' dir='ltr'><strong>superest,</strong></span> <span class='ocrx_word' id='word_1_136' title='bbox 2572 1965 2731 2013; x_wconf 87' lang='lat' dir='ltr'><strong>-nec</strong></span> 
     </span>
     <span class='ocr_line' id='line_1_16' title="bbox 567 2049 2726 2146; baseline 0.001 -25"><span class='ocrx_word' id='word_1_137' title='bbox 567 2053 702 2121; x_wconf 89' lang='lat' dir='ltr'><strong>ista</strong></span> <span class='ocrx_word' id='word_1_138' title='bbox 741 2050 985 2121; x_wconf 84' lang='lat' dir='ltr'><strong>videre</strong></span> <span class='ocrx_word' id='word_1_139' title='bbox 1017 2073 1355 2146; x_wconf 88' lang='lat' dir='ltr'><strong>possum,</strong></span> <span class='ocrx_word' id='word_1_140' title='bbox 1397 2073 1594 2146; x_wconf 81' lang='lat' dir='ltr'><strong>quae,</strong></span> <span class='ocrx_word' id='word_1_141' title='bbox 1636 2073 2037 2145; x_wconf 83' lang='lat' dir='ltr'><strong>numquam</strong></span> <span class='ocrx_word' id='word_1_142' title='bbox 2080 2049 2319 2134; x_wconf 90' lang='lat' dir='ltr'><strong>timui,</strong></span> <span class='ocrx_word' id='word_1_143' title='bbox 2372 2076 2471 2122; x_wconf 87' lang='lat' dir='ltr'><strong>ne</strong></span> <span class='ocrx_word' id='word_1_144' title='bbox 2516 2050 2726 2123; x_wconf 83' lang='lat' dir='ltr'><strong>vide·-</strong></span> 
     </span>
    </p>

    <p class='ocr_par' dir='ltr' id='par_1_3' title="bbox 559 2157 2725 2257">
     <span class='ocr_line' id='line_1_17' title="bbox 559 2157 2725 2257; baseline 0 -25"><span class='ocrx_word' id='word_1_145' title='bbox 559 2185 760 2249; x_wconf 87' lang='lat' dir='ltr'><strong>rem;</strong></span> <span class='ocrx_word' id='word_1_146' title='bbox 808 2185 944 2231; x_wconf 88' lang='lat' dir='ltr'><strong>nec</strong></span> <span class='ocrx_word' id='word_1_147' title='bbox 973 2158 1388 2230; x_wconf 86' lang='lat' dir='ltr'><strong>mehercule</strong></span> <span class='ocrx_word' id='word_1_148' title='bbox 1413 2161 1631 2230; x_wconf 87' lang='lat' dir='ltr'><strong>istum</strong></span> <span class='ocrx_word' id='word_1_149' title='bbox 1652 2157 1720 2247; x_wconf 77' lang='grc'><strong>4,</strong></span> <span class='ocrx_word' id='word_1_150' title='bbox 1759 2174 2061 2257; x_wconf 88' lang='lat' dir='ltr'><strong>propter</strong></span> <span class='ocrx_word' id='word_1_151' title='bbox 2096 2184 2311 2256; x_wconf 89' lang='lat' dir='ltr'><strong>quem</strong></span> <span class='ocrx_word' id='word_1_152' title='bbox 2340 2161 2535 2234; x_wconf 90' lang='lat' dir='ltr'><strong>mihi</strong></span> <span class='ocrx_word' id='word_1_153' title='bbox 2567 2187 2725 2232; x_wconf 90' lang='lat' dir='ltr'><strong>non</strong></span> 
     </span>
    </p>

    <p class='ocr_par' dir='ltr' id='par_1_4' title="bbox 562 2267 2748 2478">
     <span class='ocr_line' id='line_1_18' title="bbox 563 2267 2748 2367; baseline 0.001 -25"><span class='ocrx_word' id='word_1_154' title='bbox 563 2271 788 2344; x_wconf 89' lang='lat' dir='ltr'><strong>modo</strong></span> <span class='ocrx_word' id='word_1_155' title='bbox 819 2269 1032 2357; x_wconf 88' lang='lat' dir='ltr'><strong>meis,</strong></span> <span class='ocrx_word' id='word_1_156' title='bbox 1075 2267 1203 2340; x_wconf 86' lang='lat' dir='ltr'><strong>sed</strong></span> <span class='ocrx_word' id='word_1_157' title='bbox 1237 2283 1508 2340; x_wconf 87' lang='lat' dir='ltr'><strong>memet</strong></span> <span class='ocrx_word' id='word_1_158' title='bbox 1543 2273 1701 2367; x_wconf 89' lang='lat' dir='ltr'><strong>ipso</strong></span> <span class='ocrx_word' id='word_1_159' title='bbox 1741 2270 2131 2342; x_wconf 87' lang='lat' dir='ltr'><strong>carendum</strong></span> <span class='ocrx_word' id='word_1_160' title='bbox 2160 2285 2288 2342; x_wconf 89' lang='lat' dir='ltr'><strong>est.</strong></span> <span class='ocrx_word' id='word_1_161' title='bbox 2325 2272 2437 2343; x_wconf 83' lang='lat' dir='ltr'><strong>Ad</strong></span> <span class='ocrx_word' id='word_1_162' title='bbox 2472 2273 2748 2360; x_wconf 69' lang='lat' dir='ltr'><strong>Philo-,</strong></span> 
     </span>
     <span class='ocr_line' id='line_1_19' title="bbox 562 2377 2719 2478; baseline 0.001 -26"><span class='ocrx_word' id='word_1_163' title='bbox 562 2384 823 2453; x_wconf 88' lang='lat' dir='ltr'><strong>timum</strong></span> <span class='ocrx_word' id='word_1_164' title='bbox 867 2381 1118 2477; x_wconf 88' lang='lat' dir='ltr'><strong>scripsi</strong></span> <span class='ocrx_word' id='word_1_165' title='bbox 1156 2379 1248 2451; x_wconf 90' lang='lat' dir='ltr'><strong>de</strong></span> <span class='ocrx_word' id='word_1_166' title='bbox 1280 2380 1568 2471; x_wconf 85' lang='lat' dir='ltr'><strong>viatico,</strong></span> <span class='ocrx_word' id='word_1_167' title='bbox 1602 2382 1745 2470; x_wconf 83' lang='lat' dir='ltr'><strong>sive</strong></span> <span class='ocrx_word' id='word_1_168' title='bbox 1777 2402 1817 2451; x_wconf 87' lang='lat' dir='ltr'><strong>a</strong></span> <span class='ocrx_word' id='word_1_169' title='bbox 1850 2384 2140 2452; x_wconf 86' lang='lat' dir='ltr'><strong>Moneta</strong></span> <span class='ocrx_word' id='word_1_170' title='bbox 2164 2377 2194 2423; x_wconf 83' lang='lat'><em>5</em></span> <span class='ocrx_word' id='word_1_171' title='bbox 2215 2385 2243 2478; x_wconf 91' lang='lat'>(</span> <span class='ocrx_word' id='word_1_172' title='bbox 2264 2406 2487 2454; x_wconf 89' lang='lat' dir='ltr'><strong>nemo</strong></span> <span class='ocrx_word' id='word_1_173' title='bbox 2516 2386 2719 2455; x_wconf 88' lang='lat' dir='ltr'><strong>enim</strong></span> 
     </span>
    </p>

    <p class='ocr_par' dir='ltr' id='par_1_5' title="bbox 565 2488 2718 2588">
     <span class='ocr_line' id='line_1_20' title="bbox 565 2488 2718 2588; baseline 0.001 -26"><span class='ocrx_word' id='word_1_174' title='bbox 565 2489 864 2584; x_wconf 87' lang='lat' dir='ltr'><strong>solvit),</strong></span> <span class='ocrx_word' id='word_1_175' title='bbox 899 2492 1046 2560; x_wconf 83' lang='lat' dir='ltr'><strong>sive</strong></span> <span class='ocrx_word' id='word_1_176' title='bbox 1081 2488 1174 2561; x_wconf 88' lang='lat' dir='ltr'><strong>ab</strong></span> <span class='ocrx_word' id='word_1_177' title='bbox 1213 2492 1517 2588; x_wconf 88' lang='lat' dir='ltr'><strong>Oppiis,</strong></span> <span class='ocrx_word' id='word_1_178' title='bbox 1560 2493 1701 2563; x_wconf 87' lang='lat' dir='ltr'><strong>tuis</strong></span> <span class='ocrx_word' id='word_1_179' title='bbox 1736 2490 2401 2565; x_wconf 85' lang='lat' dir='ltr'><strong>contubernalibus.</strong></span> <span class='ocrx_word' id='word_1_180' title='bbox 2453 2498 2718 2566; x_wconf 84' lang='lat' dir='ltr'><strong>Cetera</strong></span> 
     </span>
    </p>

    <p class='ocr_par' dir='ltr' id='par_1_6' title="bbox 564 2598 1487 2700">
     <span class='ocr_line' id='line_1_21' title="bbox 564 2598 1487 2700; baseline -0.001 -28"><span class='ocrx_word' id='word_1_181' title='bbox 564 2602 893 2700; x_wconf 85' lang='lat' dir='ltr'><strong>apposita</strong></span> <span class='ocrx_word' id='word_1_182' title='bbox 927 2598 1058 2671; x_wconf 86' lang='lat' dir='ltr'><strong>tibi</strong></span> <span class='ocrx_word' id='word_1_183' title='bbox 1103 2598 1487 2671; x_wconf 81' lang='lat' dir='ltr'><strong>mandabO.</strong></span> 
     </span>
    </p>
   </div>
   <div class='ocr_carea' id='block_1_3' title="bbox 561 2844 2709 3627">
    <p class='ocr_par' dir='ltr' id='par_1_7' title="bbox 563 2844 2709 3069">
     <span class='ocr_line' id='line_1_22' title="bbox 639 2844 2709 2913; baseline 0.003 -20"><span class='ocrx_word' id='word_1_184' title='bbox 639 2862 688 2895; x_wconf 80' lang='grc' dir='ltr'><strong>ι.</strong></span> <span class='ocrx_word' id='word_1_185' title='bbox 735 2846 855 2893; x_wconf 79' lang='lat' dir='ltr'><strong>Eos.</strong></span> <span class='ocrx_word' id='word_1_186' title='bbox 903 2846 946 2891; x_wconf 83' lang='lat' dir='ltr'>E</span> <span class='ocrx_word' id='word_1_187' title='bbox 987 2844 1167 2907; x_wconf 74' lang='lat' dir='ltr'><strong>quibus</strong></span> <span class='ocrx_word' id='word_1_188' title='bbox 1209 2857 1313 2893; x_wconf 69' lang='lat' dir='ltr'><strong>etat</strong></span> <span class='ocrx_word' id='word_1_189' title='bbox 1351 2846 1587 2894; x_wconf 74' lang='lat' dir='ltr'><strong>Lentulus</strong></span> <span class='ocrx_word' id='word_1_190' title='bbox 1682 2878 1687 2886; x_wconf 88' lang='lat'><em>.</em></span> <span class='ocrx_word' id='word_1_191' title='bbox 1748 2854 1796 2903; x_wconf 66' lang='grc'><strong>4.</strong></span> <span class='ocrx_word' id='word_1_192' title='bbox 1830 2850 2002 2896; x_wconf 72' lang='lat' dir='ltr'><strong>Iseum.</strong></span> <span class='ocrx_word' id='word_1_193' title='bbox 2033 2848 2149 2897; x_wconf 80' lang='lat' dir='ltr'><strong>seh.</strong></span> <span class='ocrx_word' id='word_1_194' title='bbox 2176 2848 2406 2913; x_wconf 70' lang='lat' dir='ltr'><strong>intelligit</strong></span> <span class='ocrx_word' id='word_1_195' title='bbox 2446 2852 2709 2899; x_wconf 67' lang='lat' dir='ltr'><strong>Caesarem.</strong></span> 
     </span>
     <span class='ocr_line' id='line_1_23' title="bbox 563 2925 2709 2993; baseline 0.002 -20"><span class='ocrx_word' id='word_1_196' title='bbox 563 2926 796 2991; x_wconf 80' lang='lat' dir='ltr'><strong>Spinther</strong></span> <span class='ocrx_word' id='word_1_197' title='bbox 821 2925 1116 2988; x_wconf 73' lang='lat' dir='ltr'><strong>consuleris,</strong></span> <span class='ocrx_word' id='word_1_198' title='bbox 1149 2925 1315 2990; x_wconf 77' lang='lat' dir='ltr'><strong>plures</strong></span> <span class='ocrx_word' id='word_1_199' title='bbox 1342 2937 1587 2975; x_wconf 76' lang='lat' dir='ltr'><strong>senatores</strong></span> <span class='ocrx_word' id='word_1_200' title='bbox 1674 2926 1875 2973; x_wconf 74' lang='lat' dir='ltr'><strong>Rectius</strong></span> <span class='ocrx_word' id='word_1_201' title='bbox 1922 2930 1954 2976; x_wconf 89' lang='lat' dir='ltr'><strong>J</strong></span> <span class='ocrx_word' id='word_1_202' title='bbox 1963 2959 1975 2973; x_wconf 88' lang='lat'><strong>.</strong></span> <span class='ocrx_word' id='word_1_203' title='bbox 2007 2930 2069 2976; x_wconf 80' lang='lat' dir='ltr'><strong>V.</strong></span> <span class='ocrx_word' id='word_1_204' title='bbox 2115 2930 2175 2976; x_wconf 83' lang='lat' dir='ltr'><strong>L:</strong></span> <span class='ocrx_word' id='word_1_205' title='bbox 2216 2928 2528 2993; x_wconf 79' lang='lat' dir='ltr'><strong>Pompeium.</strong></span> <span class='ocrx_word' id='word_1_206' title='bbox 2568 2930 2709 2977; x_wconf 76' lang='lat' dir='ltr'><strong>Tunc</strong></span> 
     </span>
     <span class='ocr_line' id='line_1_24' title="bbox 563 3000 2707 3069; baseline 0 -14"><span class='ocrx_word' id='word_1_207' title='bbox 563 3018 616 3055; x_wconf 84' lang='lat' dir='ltr'><strong>et</strong></span> <span class='ocrx_word' id='word_1_208' title='bbox 632 3006 770 3053; x_wconf 84' lang='lat' dir='ltr'><strong>multi</strong></span> <span class='ocrx_word' id='word_1_209' title='bbox 789 3005 989 3069; x_wconf 74' lang='lat' dir='ltr'><strong>equites.</strong></span> <span class='ocrx_word' id='word_1_210' title='bbox 1017 3004 1109 3054; x_wconf 82' lang='lat' dir='ltr'><strong>En.</strong></span> <span class='ocrx_word' id='word_1_211' title='bbox 1676 3004 1803 3051; x_wconf 80' lang='lat' dir='ltr'><strong>enim</strong></span> <span class='ocrx_word' id='word_1_212' title='bbox 1848 3000 2023 3053; x_wconf 67' lang='lat' dir='ltr'><strong>cicero</strong></span> <span class='ocrx_word' id='word_1_213' title='bbox 2064 3005 2237 3055; x_wconf 72' lang='lat' dir='ltr'><strong>cedere</strong></span> <span class='ocrx_word' id='word_1_214' title='bbox 2283 3006 2423 3055; x_wconf 68' lang='lat' dir='ltr'><strong>Italia</strong></span> <span class='ocrx_word' id='word_1_215' title='bbox 2468 3006 2675 3056; x_wconf 75' lang='lat' dir='ltr'><strong>volebat</strong></span> <span class='ocrx_word' id='word_1_216' title='bbox 2692 3042 2707 3066; x_wconf 91' lang='lat'><strong>‚</strong></span> 
     </span>
    </p>

    <p class='ocr_par' dir='ltr' id='par_1_8' title="bbox 561 3083 2707 3312">
     <span class='ocr_line' id='line_1_25' title="bbox 633 3083 2573 3151; baseline 0.001 -18"><span class='ocrx_word' id='word_1_217' title='bbox 633 3101 685 3133; x_wconf 68' lang='grc' dir='ltr'><strong>α.</strong></span> <span class='ocrx_word' id='word_1_218' title='bbox 709 3083 1099 3133; x_wconf 75' lang='lat' dir='ltr'><strong>Memor-andum.</strong></span> <span class='ocrx_word' id='word_1_219' title='bbox 1117 3084 1268 3147; x_wconf 87' lang='lat' dir='ltr'><strong>Quod</strong></span> <span class='ocrx_word' id='word_1_220' title='bbox 1288 3083 1476 3133; x_wconf 85' lang='lat' dir='ltr'><strong>dictum</strong></span> <span class='ocrx_word' id='word_1_221' title='bbox 1493 3085 1588 3133; x_wconf 80' lang='lat' dir='ltr'><strong>tibi</strong></span> <span class='ocrx_word' id='word_1_222' title='bbox 1675 3100 1779 3131; x_wconf 85' lang='lat' dir='ltr'><strong>non</strong></span> <span class='ocrx_word' id='word_1_223' title='bbox 1796 3094 1956 3133; x_wconf 74' lang='lat' dir='ltr'><strong>umen</strong></span> <span class='ocrx_word' id='word_1_224' title='bbox 1972 3086 2044 3133; x_wconf 83' lang='lat' dir='ltr'><strong>ire</strong></span> <span class='ocrx_word' id='word_1_225' title='bbox 2064 3085 2129 3133; x_wconf 78' lang='lat' dir='ltr'><strong>ad</strong></span> <span class='ocrx_word' id='word_1_226' title='bbox 2148 3088 2455 3151; x_wconf 86' lang='lat' dir='ltr'><strong>Pompeium.</strong></span> <span class='ocrx_word' id='word_1_227' title='bbox 2479 3090 2573 3135; x_wconf 76' lang='lat' dir='ltr'><strong>En.</strong></span> 
     </span>
     <span class='ocr_line' id='line_1_26' title="bbox 565 3163 2707 3229; baseline 0 -16"><span class='ocrx_word' id='word_1_228' title='bbox 565 3165 692 3213; x_wconf 78' lang='lat' dir='ltr'><strong>adeo</strong></span> <span class='ocrx_word' id='word_1_229' title='bbox 715 3165 921 3229; x_wconf 79' lang='lat' dir='ltr'><strong>placuit,</strong></span> <span class='ocrx_word' id='word_1_230' title='bbox 951 3174 1006 3211; x_wconf 88' lang='lat' dir='ltr'><strong>ut</strong></span> <span class='ocrx_word' id='word_1_231' title='bbox 1025 3164 1148 3211; x_wconf 81' lang='lat' dir='ltr'><strong>mihi</strong></span> <span class='ocrx_word' id='word_1_232' title='bbox 1165 3163 1217 3211; x_wconf 82' lang='lat' dir='ltr'><strong>id</strong></span> <span class='ocrx_word' id='word_1_233' title='bbox 1235 3164 1288 3211; x_wconf 83' lang='lat' dir='ltr'><strong>iu</strong></span> <span class='ocrx_word' id='word_1_234' title='bbox 1307 3165 1588 3213; x_wconf 70' lang='lat' dir='ltr'><strong>memoriam</strong></span> <span class='ocrx_word' id='word_1_235' title='bbox 1751 3164 1801 3211; x_wconf 81' lang='lat'><strong>5.</strong></span> <span class='ocrx_word' id='word_1_236' title='bbox 1824 3164 2047 3212; x_wconf 76' lang='lat' dir='ltr'><strong>Moneta.</strong></span> <span class='ocrx_word' id='word_1_237' title='bbox 2072 3166 2233 3213; x_wconf 83' lang='lat' dir='ltr'><strong>Locus</strong></span> <span class='ocrx_word' id='word_1_238' title='bbox 2255 3176 2381 3227; x_wconf 72' lang='lat' dir='ltr'><strong>erat,</strong></span> <span class='ocrx_word' id='word_1_239' title='bbox 2400 3166 2487 3214; x_wconf 82' lang='lat' dir='ltr'><strong>ubi</strong></span> <span class='ocrx_word' id='word_1_240' title='bbox 2511 3176 2707 3214; x_wconf 75' lang='lat' dir='ltr'><strong>moneta</strong></span> 
     </span>
     <span class='ocr_line' id='line_1_27' title="bbox 561 3242 2705 3312; baseline -0 -17"><span class='ocrx_word' id='word_1_241' title='bbox 561 3260 758 3312; x_wconf 79' lang='lat' dir='ltr'><strong>putares</strong></span> <span class='ocrx_word' id='word_1_242' title='bbox 785 3245 1130 3294; x_wconf 67' lang='lat' dir='ltr'><strong>revocandum.</strong></span> <span class='ocrx_word' id='word_1_243' title='bbox 1156 3248 1272 3295; x_wconf 81' lang='lat' dir='ltr'><strong>Scu.</strong></span> <span class='ocrx_word' id='word_1_244' title='bbox 1678 3242 1962 3291; x_wconf 80' lang='lat' dir='ltr'><strong>cudebatur.</strong></span> <span class='ocrx_word' id='word_1_245' title='bbox 1994 3243 2114 3290; x_wconf 85' lang='lat' dir='ltr'><strong>Inde</strong></span> <span class='ocrx_word' id='word_1_246' title='bbox 2138 3244 2247 3292; x_wconf 88' lang='lat' dir='ltr'><strong>vult</strong></span> <span class='ocrx_word' id='word_1_247' title='bbox 2267 3262 2294 3293; x_wconf 80' lang='lat' dir='ltr'><strong>a</strong></span> <span class='ocrx_word' id='word_1_248' title='bbox 2322 3245 2592 3294; x_wconf 83' lang='lat' dir='ltr'><strong>Philotimo</strong></span> <span class='ocrx_word' id='word_1_249' title='bbox 2617 3261 2705 3309; x_wconf 81' lang='lat' dir='ltr'><strong>pe-</strong></span> 
     </span>
    </p>

    <p class='ocr_par' dir='ltr' id='par_1_9' title="bbox 566 3322 2701 3627">
     <span class='ocr_line' id='line_1_28' title="bbox 641 3322 2701 3391; baseline -0.002 -17"><span class='ocrx_word' id='word_1_250' title='bbox 641 3329 687 3375; x_wconf 83' lang='lat'><strong>3.</strong></span> <span class='ocrx_word' id='word_1_251' title='bbox 731 3324 981 3391; x_wconf 74' lang='lat' dir='ltr'><strong>Contigie5</strong></span> <span class='ocrx_word' id='word_1_252' title='bbox 1014 3324 1176 3375; x_wconf 71' lang='lat' dir='ltr'><strong>victus</strong></span> <span class='ocrx_word' id='word_1_253' title='bbox 1227 3342 1348 3374; x_wconf 79' lang='lat' dir='ltr'><strong>sum.</strong></span> <span class='ocrx_word' id='word_1_254' title='bbox 1389 3328 1593 3373; x_wconf 76' lang='lat' dir='ltr'><strong>Facetus</strong></span> <span class='ocrx_word' id='word_1_255' title='bbox 1678 3322 1870 3369; x_wconf 76' lang='lat' dir='ltr'><strong>cuniam</strong></span> <span class='ocrx_word' id='word_1_256' title='bbox 1919 3322 2072 3382; x_wconf 79' lang='lat' dir='ltr'><strong>sumi,</strong></span> <span class='ocrx_word' id='word_1_257' title='bbox 2120 3324 2298 3373; x_wconf 77' lang='lat' dir='ltr'><strong>tradito</strong></span> <span class='ocrx_word' id='word_1_258' title='bbox 2318 3356 2333 3381; x_wconf 90' lang='lat'><strong>,</strong></span> <span class='ocrx_word' id='word_1_259' title='bbox 2374 3325 2514 3387; x_wconf 86' lang='lat' dir='ltr'><strong>quod</strong></span> <span class='ocrx_word' id='word_1_260' title='bbox 2556 3324 2701 3372; x_wconf 70' lang='lat' dir='ltr'><strong>etiam</strong></span> 
     </span>
     <span class='ocr_line' id='line_1_29' title="bbox 566 3404 2701 3469; baseline -0.001 -16"><span class='ocrx_word' id='word_1_261' title='bbox 566 3407 740 3454; x_wconf 80' lang='lat' dir='ltr'><strong>locus:</strong></span> <span class='ocrx_word' id='word_1_262' title='bbox 785 3406 1069 3467; x_wconf 74' lang='lat' dir='ltr'><strong>coniunctio</strong></span> <span class='ocrx_word' id='word_1_263' title='bbox 1091 3404 1229 3453; x_wconf 82' lang='lat' dir='ltr'><strong>verbi</strong></span> <span class='ocrx_word' id='word_1_264' title='bbox 1255 3404 1410 3452; x_wconf 76' lang='lat' dir='ltr'><strong>felicia</strong></span> <span class='ocrx_word' id='word_1_265' title='bbox 1437 3404 1587 3467; x_wconf 82' lang='lat' dir='ltr'><strong>signi·</strong></span> <span class='ocrx_word' id='word_1_266' title='bbox 1678 3416 1811 3450; x_wconf 86' lang='lat' dir='ltr'><strong>nunc</strong></span> <span class='ocrx_word' id='word_1_267' title='bbox 1842 3404 1967 3453; x_wconf 74' lang='lat' dir='ltr'><strong>solet</strong></span> <span class='ocrx_word' id='word_1_268' title='bbox 1988 3438 2003 3463; x_wconf 92' lang='lat'><strong>,</strong></span> <span class='ocrx_word' id='word_1_269' title='bbox 2032 3418 2181 3463; x_wconf 80' lang='lat' dir='ltr'><strong>auro,</strong></span> <span class='ocrx_word' id='word_1_270' title='bbox 2208 3414 2471 3469; x_wconf 74' lang='lat' dir='ltr'><strong>argentove</strong></span> <span class='ocrx_word' id='word_1_271' title='bbox 2498 3405 2701 3451; x_wconf 78' lang='lat' dir='ltr'><strong>infecto.</strong></span> 
     </span>
     <span class='ocr_line' id='line_1_30' title="bbox 569 3482 2699 3548; baseline -0.001 -17"><span class='ocrx_word' id='word_1_272' title='bbox 569 3482 757 3531; x_wconf 66' lang='lat' dir='ltr'><strong>licentis</strong></span> <span class='ocrx_word' id='word_1_273' title='bbox 782 3500 892 3532; x_wconf 87' lang='lat' dir='ltr'><strong>eum</strong></span> <span class='ocrx_word' id='word_1_274' title='bbox 916 3485 1068 3532; x_wconf 82' lang='lat' dir='ltr'><strong>verbo</strong></span> <span class='ocrx_word' id='word_1_275' title='bbox 1087 3484 1209 3532; x_wconf 85' lang='lat' dir='ltr'><strong>nihil</strong></span> <span class='ocrx_word' id='word_1_276' title='bbox 1234 3493 1410 3548; x_wconf 82' lang='lat' dir='ltr'><strong>praeter</strong></span> <span class='ocrx_word' id='word_1_277' title='bbox 1433 3482 1587 3531; x_wconf 73' lang='lat' dir='ltr'><strong>tristia</strong></span> <span class='ocrx_word' id='word_1_278' title='bbox 1675 3482 1890 3533; x_wconf 72' lang='lat' dir='ltr'><strong>Munrr.</strong></span> <span class='ocrx_word' id='word_1_279' title='bbox 1910 3510 1979 3520; x_wconf 91' lang='lat'><strong>—</strong></span> <span class='ocrx_word' id='word_1_280' title='bbox 1997 3484 2153 3534; x_wconf 82' lang='lat' dir='ltr'><strong>Nemo</strong></span> <span class='ocrx_word' id='word_1_281' title='bbox 2172 3483 2301 3531; x_wconf 82' lang='lat' dir='ltr'><strong>enim</strong></span> <span class='ocrx_word' id='word_1_282' title='bbox 2326 3484 2481 3533; x_wconf 75' lang='lat' dir='ltr'><strong>solvit.</strong></span> <span class='ocrx_word' id='word_1_283' title='bbox 2512 3483 2699 3545; x_wconf 80' lang='lat' dir='ltr'><strong>Nempe</strong></span> 
     </span>
     <span class='ocr_line' id='line_1_31' title="bbox 567 3560 2435 3627; baseline 0.002 -17"><span class='ocrx_word' id='word_1_284' title='bbox 567 3566 800 3613; x_wconf 82' lang='lat' dir='ltr'><strong>innuente</strong></span> <span class='ocrx_word' id='word_1_285' title='bbox 826 3564 988 3613; x_wconf 76' lang='lat' dir='ltr'><strong>victus</strong></span> <span class='ocrx_word' id='word_1_286' title='bbox 1023 3580 1148 3613; x_wconf 82' lang='lat' dir='ltr'><strong>sum.</strong></span> <span class='ocrx_word' id='word_1_287' title='bbox 1179 3564 1272 3612; x_wconf 82' lang='lat' dir='ltr'><strong>En.</strong></span> <span class='ocrx_word' id='word_1_288' title='bbox 1678 3578 1737 3611; x_wconf 82' lang='lat' dir='ltr'><strong>ex</strong></span> <span class='ocrx_word' id='word_1_289' title='bbox 1760 3560 1846 3625; x_wconf 75' lang='lat' dir='ltr'><strong>iis,</strong></span> <span class='ocrx_word' id='word_1_290' title='bbox 1868 3562 1954 3627; x_wconf 86' lang='lat' dir='ltr'><strong>qui</strong></span> <span class='ocrx_word' id='word_1_291' title='bbox 1980 3564 2095 3611; x_wconf 88' lang='lat' dir='ltr'><strong>mihi</strong></span> <span class='ocrx_word' id='word_1_292' title='bbox 2118 3560 2312 3612; x_wconf 82' lang='lat' dir='ltr'><strong>debent.</strong></span> <span class='ocrx_word' id='word_1_293' title='bbox 2342 3562 2435 3613; x_wconf 82' lang='lat' dir='ltr'><strong>En.</strong></span> 
     </span>
    </p>
   </div>
  </div>
 </body>
</html>
