3019 4681
472 332 612 421 554
1117 338 1214 407 Μ.
1265 338 1341 407 Τ.
1395 338 1496 407 (31
1514 336 1962 406 CERONIS

463 482 664 545 meo,
695 457 817 529 sed
841 458 1058 529 etiam
1082 456 1557 530 familiaritate
1589 455 1901 529 devinxi.
1928 460 2081 553 Ego
2116 460 2597 553 Apamensem

465 567 932 665 Hephaestum
953 621 976 655 ‚
1011 586 1146 663 ego
1188 568 1623 641 levissimum
1662 566 2031 638 hominem
2050 620 2071 653 ‚
2129 570 2597 663 Megaristum

460 676 936 750 Antandrium
953 702 1122 774 ‚ego
1149 679 1424 749 Niciam
1449 682 1931 773 Smyrnaeum,
1958 698 2095 773 ego
2128 698 2357 773 nugas
2371 679 2599 767 maxi·

461 810 620 857 mas
637 794 696 829 ¹¹
729 787 935 857 omni
959 810 1118 858 mea
1137 789 1474 859 comitate
1501 812 1665 858 sum
1689 786 2141 883 complexus,
2176 788 2602 885 Nymphon-

461 911 612 968 tem
653 898 866 968 etiam
903 896 1467 995 Colophonium.
1521 900 1699 988 Quae
1740 895 1875 969 feci
1930 900 2214 983 omnia,
2254 922 2407 968 non
2445 924 2597 995 quo

459 1030 580 1079 me
623 1021 749 1078 aut
785 1008 836 1076 ii
871 1006 1236 1095 homines,
1271 1023 1399 1080 aut
1431 1022 1585 1081 tota
1627 1008 1829 1079 natio
1859 1004 2247 1078 delectaret
2282 1034 2301 1076 ε
2340 1000 2596 1104 pertae-

463 1138 628 1195 sum
671 1132 780 1187 est
817 1114 1158 1203 levitatis,
1202 1120 1699 1191 assentationis
1723 1172 1742 1203 ‚
1782 1116 2189 1189 animorum
2234 1136 2385 1187 non
2431 1115 2595 1203 offl-

377 1256 384 1263 ·
463 1228 624 1311 ciis,
654 1226 778 1297 sed
823 1227 1276 1324 temporibus
1313 1222 1800 1299 servientium.
1832 1224 2009 1312 Sed,
2056 1240 2141 1295 ut
2175 1223 2265 1296 ad
2304 1227 2594 1296 Zeuxim

464 1349 784 1407 revertar
821 1362 840 1406 τ
875 1350 1110 1435 quum'
1143 1340 1202 1409 is
1226 1336 1319 1410 de
1353 1342 1450 1409 M.
1466 1334 1799 1411 Cascellii
1833 1358 2168 1408 sermone
2204 1349 2447 1405 secum
2476 1335 2597 1405 h‘a-

465 1444 658 1533 bito,
697 1472 859 1543 quae
888 1463 972 1518 tu
1007 1446 1259 1519 scribis
1281 1503 1302 1536 ‚
1347 1470 1430 1519 ea
1467 1449 1621 1545 ipsa
1657 1448 2117 1543 loqueretur,
2157 1443 2403 1515 obstiti
2444 1444 2599 1537 ejus

467 1558 820 1646 sermoni,
866 1572 940 1629 et
985 1558 1356 1629 hominem
1409 1562 1488 1638 ini
1546 1556 2091 1628 familiaritatem
2136 1557 2400 1653 recepi.
2448 1560 2591 1626 Tua

466 1682 709 1739 autem
729 1692 892 1765 quae
915 1668 1134 1740 fuerit
1159 1668 1515 1767 cupiditas
1540 1682 1741 1739 tanta
1758 1720 1779 1755 ‚
1813 1667 2089 1753 nescio,
2114 1665 2315 1762 quod
2345 1664 2599 1737 scribis

467 1777 776 1874 cupiisse
818 1792 930 1865 te,
975 1780 1322 1875 quoniam
1358 1782 1677 1879 Smyrnae
1716 1775 1867 1847 duo
1904 1781 2225 1872 Mysos¹²
2265 1779 2597 1845 insuisses

467 1887 542 1956 in
597 1887 886 1959 culeum
909 1886 968 1933 ¹³
1000 1943 1020 1976 ‚
1087 1890 1321 1961 simile
1369 1891 1446 1959 in
1511 1882 1886 1987 superiore
1948 1901 2152 1984 parte
2214 1887 2595 1984 pr'ovinciae

470 1994 682 2069 edere
735 1999 1150 2096 exemplum
1197 2000 1591 2071 severitatis
1634 2004 1773 2067 ταὼ
1794 2049 1813 2082 ,
1868 2011 1943 2067 et
1984 1995 2255 2067 idcirco
2302 1996 2595 2067 Zeuxim

471 2105 730 2178 elicere
767 2109 970 2178 omni
1017 2108 1296 2179 ratione
1349 2108 1665 2179 voluisse
1730 2130 1747 2172 τ
1801 2126 2027 2201 quem·
2072 2100 2463 2173 adductum
2517 2102 2594 2170 in

460 2214 817 2311 judicium
871 2216 1170 2290 fortasse
1222 2216 1486 2289 dimitti
1536 2240 1687 2288 non
1744 2213 2197 2312 oportuerit3
2264 2204 2589 2308 conquiri

466 2351 680 2415 vero,
717 2345 792 2400 et
831 2327 990 2400 elici
1042 2327 1408 2410 blanditiis
1445 2328 1575 2424 (ut
1611 2343 1694 2400 tu
1730 2323 2037 2412 scribis)
2070 2322 2162 2395 ad
2192 2320 2539 2418 judicium
2570 2376 2591 2405 ‚

466 2461 758 2509 necesse
781 2463 931 2508 non
959 2437 1128 2528 suit3
1166 2461 1334 2510 enm
1361 2441 1755 2537 praesertim
1774 2431 2145 2506 hominem·
2162 2487 2183 2522 ,
2212 2450 2438 2529 quem·
2455 2450 2591 2528 ego

468 2561 540 2617 et
573 2571 662 2617 ex
689 2551 836 2618 suis
863 2547 1175 2636 civibus,
1229 2563 1302 2619 et
1341 2573 1432 2620 ex
1475 2545 1723 2618 m'ul'tis
1782 2546 1936 2616 aliis
1996 2543 2327 2641 quotidie
2374 2541 2593 2638 magis

469 2679 830 2752 cognosco
905 2655 1341 2728 nobiliorem
1400 2671 1555 2729 esse
1622 2651 1894 2754 prope',
1954 2661 2175 2750 quam
2236 2652 2587 2721 civitatem

468 2789 694 2836 suam.
723 2770 830 2862 ‘At
866 2768 1062 2836 enim
1091 2768 1356 2837 Graecis
1392 2767 1561 2837 solis
1588 2763 1952 2858 indulgeo.
1986 2761 2236 2850 Quid?
2260 2766 2343 2832 L.
2376 2762 2589 2831 Caeci-

467 2875 645 2945 lium
667 2879 728 2928 ¹4
753 2899 1004 2946 nonne
1034 2877 1232 2947 omni
1263 2875 1541 2946 ratione
1578 2871 1898 2970 placavi?
1932 2891 2151 2967 quem
2176 2869 2593 2940 hominem?

467 3009 615 3081 qua
650 2967 809 3056 irai)
849 3011 1002 3083 qno
1033 2987 1336 3084 spiritu?
1372 2988 1610 3076 Quem
1652 2981 2001 3078 denique,
2037 2995 2297 3079 praeter
2334 2985 2592 3050 Tusce-

463 3098 702 3183 nium,
737 3097 944 3191 cujus
981 3119 1192 3168 causa
1228 3097 1461 3167 sanari
1499 3105 1650 3166 non
1696 3107 1933 3191 potest
1956 3144 1975 3178 ‚
2031 3113 2179 3162 nou
2220 3090 2591 3186 mitigavi?

461 3211 647 3278 Ecce
675 3230 890 3304 supra
915 3203 1206 3305 caput¹⁵
1226 3205 1450 3276 homo
1471 3205 1647 3276 levis
1678 3225 1758 3273 ac
1790 3197 2155 3288 sordidus,
2190 3197 2317 3270 sed
2350 3213 2583 3270 tamen

463 3317 782 3413 equestri
825 3339 1040 3387 censu
1063 3369 1082 3402 ‚
1117 3316 1454 3387 Catienus
1485 3341 1501 3384 :
1545 3311 1759 3385 etiam
1785 3316 1847 3382 is
1882 3311 2205 3382 lenietur.
2250 3306 2473 3402 Cujus
2508 3320 2589 3377 tu

466 3429 538 3496 in
561 3442 842 3524 patrem
869 3425 1070 3523 quod
1089 3424 1284 3497 fuisti
1297 3425 1622 3523 asperior
1640 3479 1660 3513 ,
1688 3448 1838 3495 non
1864 3418 2362 3520 reprehendo:
2391 3432 2587 3489 certo

533 3602 614 3639 ιι.
657 3591 829 3656 magus
873 3589 1144 3639 maxianus.
1187 3589 1478 3639 Iaeviuimoe
1642 3595 1723 3643 14.
1774 3585 2037 3636 emelim.
2083 3585 2149 3633 111
2203 3594 2319 3632 sunt
2366 3581 2591 3632 hominen

456 3665 728 3732 inst-unqua
764 3669 1064 3718 conditionis
1097 3667 1349 3729 hominen,
1389 3670 1476 3734 qui
1566 3667 1792 3722 romanis
1848 3664 1939 3729 qui
1986 3665 2040 3712 in
2092 3663 2346 3728 pmviucin
2410 3662 2587 3725 Quinti

457 3763 548 3796 nee
574 3747 862 3796 nominandi
885 3755 1014 3798 mut.
1043 3747 1192 3798 Mur.
1563 3745 1951 3810 negotiabantur.
1979 3745 2120 3793 Man.

535 3841 616 3874 ια.
643 3825 725 3874 Al.
741 3826 864 3876 duos
879 3829 1068 3889 Mjwae.
1095 3829 1144 3876 J.
1168 3826 1232 3876 V.
1262 3829 1316 3874 1..
1640 3827 1719 3873 25.
1748 3825 1881 3872 Ecce
1900 3837 2051 3888 snpra
2072 3822 2233 3886 cupiit.
2258 3822 2390 3870 Εοοο
2412 3829 2587 3885 proeoet·

529 3905 612 3952 13.
644 3907 706 3950 ln
737 3905 940 3953 culeum.
977 3909 1102 3970 Quoe
1126 3904 1474 3970 parricidarum
1562 3920 1647 3952 eos
1666 3938 1681 3962 ‚
1707 3919 1835 3966 quos
1860 3899 2129 3965 significavi
2144 3933 2159 3958 ‚
2179 3900 2397 3947 occurrit
2419 3901 2587 3949 animo

459 3995 560 4032 erat
607 3999 768 4048 poena.
828 3984 956 4034 Vide
993 4001 1088 4048 pro
1137 3985 1249 4034 Sex.
1293 3985 1474 4032 nmoio
1562 3999 1704 4042 meo,
1728 3988 1779 4031 et
1810 3984 1947 4045 quani
1982 3995 2126 4043 supra
2158 3989 2306 4043 caput
2345 3979 2529 4038 adstat,
2556 3997 2585 4028 a

462 4063 630 4112 Amet.
651 4079 696 4112 c.
719 4063 814 4122 26,
851 4079 902 4126 p.
924 4072 990 4124 94
1019 4073 1056 4110 t.
1085 4065 1108 4110 1
1135 4062 1253 4110 edit.
1275 4074 1404 4111 nost.
1562 4079 1642 4111 me
1667 4060 1993 4110 nominandus
2016 4060 2261 4108 Catienus.
2288 4059 2440 4106 Iucu.
