3019 4681
572 373 1140 444 EPISTOLAE·
1173 379 1310 448 AD
1357 381 1870 479 ATTICUM‚
1906 396 2136 486 XIII,
2174 423 2281 498 19.
2384 406 2525 482 323

361 489 694 582 videtur,
737 517 1006 594 easque
1045 513 1288 597 partes
1311 507 1416 592 ¹43
1476 520 1563 579 ut
1612 533 1763 582 non
1810 515 1945 586 sim
1988 542 2479 620 consequutus
2505 589 2524 621 ‚

363 615 455 672 ut
513 607 856 701 superior
917 631 1080 680 mea
1138 634 1354 684 causa
1404 614 1754 693 videatur.
1820 628 2007 700 Sunt
2063 633 2257 704 enim
2303 637 2523 711 vehe-

359 723 668 782 menter
702 712 934 784 πιθανὰ
959 709 1022 758 1⁵
1061 718 1477 810 Antiochia3
1537 750 1699 823 quae
1743 728 2126 830 diligenter
2166 761 2209 810 a
2244 765 2361 814 me
2400 769 2523 817 ex-

359 841 626 915 pressa
644 874 667 909 ‚
715 845 1024 896 acumen
1065 825 1340 900 habent
1390 835 1769 930 Antiochi,
1814 844 2127 918 nitorem
2175 857 2521 932 orationis

359 943 758 1021 nostrum;
811 935 870 1005 si
915 935 1136 1010 modo
1193 940 1254 1012 is
1305 957 1412 1014 est
1474 946 1735 1046 aliquis
1776 953 1855 1024 in
1900 955 2135 1030 nobis.
2202 962 2343 1035 Sed
2399 983 2518 1059 tu,

357 1039 753 1114 dandosne
779 1059 992 1142 putes
1018 1047 1154 1121 hos
1173 1049 1394 1124 libros
1421 1057 1730 1131 Varroni
1748 1117 1768 1150 ‚
1820 1067 2033 1137 etiam
2056 1083 2276 1169 atque
2302 1081 2519 1152 etiam

353 1149 676 1224 videbis.
707 1152 892 1226 Mihi
923 1157 1246 1254 quaedam
1280 1183 1678 1242 occurrunt
1698 1169 1764 1216 ¹⁶
1794 1200 1812 1245 ε
1852 1175 1980 1248 sed
2014 1203 2100 1251 ea
2130 1206 2375 1258 coram
2400 1199 2487 1260 ¹⁷.

433 1323 528 1371 ¹4·
549 1317 753 1381 Easque
769 1330 958 1382 partes.
979 1321 1202 1372 Pendent
1221 1335 1404 1391 empe-

353 1395 608 1458 rioribus,
633 1399 832 1463 «aptius
847 1399 912 1448 sd
935 1415 1014 1450 eas
1033 1413 1196 1467 partes
1205 1423 1250 1453 υ.
1267 1405 1404 1454 Con-

353 1489 553 1527 mus.
582 1504 660 1516 —
688 1481 835 1528 Forte
871 1479 1164 1544 legendum:
1189 1499 1403 1549 «easque

353 1566 524 1617 partes
561 1559 775 1622 sumpsi,
797 1569 853 1606 ut
877 1574 980 1608 non
1008 1561 1100 1608 sim
1123 1577 1399 1628 consequu-

353 1643 502 1682 τω..
531 1636 697 1684 Lm.
723 1663 796 1673 —
811 1639 990 1701 Legere
1013 1639 1120 1688 vult
1139 1641 1316 1690 Bosius
1337 1641 1418 1690 ex'

353 1713 658 1776 quibudam
680 1715 830 1774 Mss,
861 1732 1090 1782 measque
1099 1731 1292 1784 partes.
1317 1723 1398 1770 sio

352 1792 604 1856 explieat:
617 1793 758 1842 Nihil
775 1794 937 1859 aptius
948 1797 1041 1845 fuit
1055 1798 1119 1844 ad
1129 1811 1394 1864 caspartes,

351 1887 480 1934 quas
507 1883 655 1922 tueor
669 1907 685 1932 ‚
701 1889 878 1940 nempe
905 1873 1151 1936 Philonis,
1177 1894 1322 1942 quam
1340 1891 1398 1927 ut

351 1949 644 1998 inducerem
687 1955 988 2016 Varronem,
1033 1957 1122 2019 qui
1159 1957 1397 2006 Antiochi

1489 1335 1713 1397 superior
1729 1353 1835 1386 mea
1860 1343 2099 1391 sententia
2122 1344 2386 1401 videretur.
2404 1353 2521 1404 Bos.

1489 1415 1651 1462 ——Sie
1674 1416 1789 1466 edd.
1810 1420 2021 1483 primae;
2048 1424 2185 1486 quod
2204 1437 2255 1474 et
2264 1431 2525 1493 praetulere

1489 1492 1679 1557 plures;
1725 1497 1869 1546 etiam
1898 1501 2186 1564 praeferebat
2216 1508 2519 1562 Gronovius.

1487 1573 1679 1622 Ernest.
1702 1585 1863 1624 tamen
1877 1578 2141 1630 lectionem
2155 1585 2289 1634 Bosii
2309 1590 2523 1653 reduxit,

1486 1655 1731 1716 measque.
1764 1655 1916 1704 Recte
1934 1658 2181 1724 improbat
2206 1665 2491 1719 Goerenzius
2505 1707 2521 1730 ‚

1486 1730 1769 1782 Introduct.
1802 1735 1867 1783 sd
1895 1737 1999 1786 Cic.
2020 1739 2255 1790 Aoedem.
2284 1759 2397 1810 pag.
2426 1763 2485 1810 17
2502 1784 2519 1810 ‚

1487 1811 1709 1872 quamvis
1728 1812 1841 1861 Sch.
1864 1815 1917 1862 in
1936 1814 2302 1882 h.1.repugnet.
2321 1825 2357 1870 J
2360 1827 2443 1874 .V.
2464 1829 2519 1874 L.

1566 1889 1646 1938 15.
1670 1888 1871 1940 Πιθανοί.
1898 1893 2195 1948 Probabilis.

1562 1969 1645 2018 16.
1696 1971 1984 2021 Occurrunt.
2039 1973 2139 2024 Cur
2175 1991 2281 2026 non
2326 1979 2517 2031 dandos

349 2029 648 2077 annatim
683 2029 996 2092 defenderet,
1025 2043 1080 2082 ut
1104 2035 1278 2083 melius
1295 2037 1396 2084 cni-
1480 2057 1675 2114 putem.
1698 2049 1793 2098 En.
2190 2077 2204 2093 .

353 2121 450 2170 que
467 2108 864 2172 persuaderetur,
880 2113 1282 2180 potissimumque
1297 2117 1394 2181 ipsi

1560 2135 1583 2166 1
1596 2136 1641 2182 7.
1662 2119 1853 2169 Cotum.
1867 2119 1995 2170 Nam
2004 2123 2061 2171 in
2076 2125 2405 2178 Tusculanum
2414 2133 2525 2193 jsm'
2550 2151 2555 2154 ·

351 2187 594 2249 Varroni,
615 2189 672 2238 id
698 2206 778 2239 me
815 2195 1053 2258 consequi
1068 2197 1315 2258 noluisse,
1338 2209 1393 2246 ut
1481 2213 1587 2247 ero.
1619 2200 1769 2246 Mur.

352 2354 728 2379 mm

1375 2366 1468 2385 m

1846 2368 2213 2393 mmm
2226 2374 2503 2400 m

1013 2542 1621 2623 EPISTOLA
1674 2546 1861 2623 XX.

350 2695 618 2761 Breviter
645 2697 850 2757 scribit
875 2699 952 2759 de
969 2702 1144 2761 variis
1167 2701 1375 2773 rebus,
1393 2704 1454 2762 in
1480 2704 1685 2783 primis
1706 2723 1771 2763 se
1801 2705 1875 2764 de
1903 2680 2086 2781 saxna,
2119 2710 2279 2788 quod
2305 2714 2505 2775 Romae

423 2796 635 2853 venire
660 2796 844 2870 nolit,
905 2796 1054 2858 nihil
1079 2799 1365 2859 laborare.
1438 2802 1549 2882 (In
1576 2803 1881 2881 Arpinati,
1933 2824 2087 2865 anno
2121 2812 2197 2869 U.
2246 2814 2311 2869 C.
2354 2814 2503 2885 708,

427 2910 631 2952 mense
663 2893 958 2975 quintili.)

1015 3039 1326 3104 CICERO
1365 3040 1685 3108 ATTICO
1730 3040 1793 3105 S.

443 3188 509 3255 A
551 3188 828 3259 Caesare
856 3188 1098 3261 literas
1144 3196 1390 3290 accepi
1431 3192 1953 3265 consolatorias
1974 3206 2028 3283 ¹,
2074 3193 2275 3269 datas
2309 3201 2495 3295 prid.

350 3290 488 3364 kal.
506 3295 673 3365 mai.
703 3298 998 3395 Hispali.
1037 3303 1147 3372 De
1183 3300 1384 3374 Urbe
1415 3300 1795 3402 augenda²
1836 3302 2015 3401 quid
2046 3304 2138 3377 sit
2167 3310 2498 3405 promul-

351 3418 596 3499 gatum
617 3458 644 3503 ⁹,
683 3432 838 3478 non
877 3410 1204 3483 intellexi
1233 3440 1250 3483 ε
1293 3412 1373 3483 id
1413 3438 1587 3485 sane
1622 3414 1805 3485 seire
1846 3414 2089 3515 velim.
2128 3420 2499 3515 Torquato

350 3529 595 3587 nostra
639 3514 882 3591 officia
921 3538 1124 3619 grata
1163 3546 1318 3596 esse
1337 3577 1357 3613 ,
1402 3522 1607 3595 facile
1639 3524 1918 3622 patior3
1961 3546 2195 3621 eaque
2230 3548 2495 3624 augere

349 3646 500 3697 non
547 3626 894 3702 desinam.
929 3630 1044 3705 Ad
1079 3634 1529 3731 Ligarianam
1578 3632 1672 3705 de
1716 3628 1991 3705 uxore³
2050 3632 2497 3731 Tuberonis»,

417 3818 468 3851 ι.
491 3804 867 3861 consolatorias.
891 3808 972 3859 oh
996 3810 1222 3860 Tulliolae
1246 3826 1374 3860 mor·
1458 3826 1557 3877 pro
1583 3811 1649 3873 Q.
1686 3808 1903 3873 Ligario,
1949 3810 2171 3877 quedam
2196 3811 2397 3863 adderet
2432 3816 2496 3864 de

347 3888 458 3931 tem.
488 3884 644 3950 Epi-t.
677 3902 765 3936 aa.
793 3889 940 3939 Mu.
1459 3904 1617 3939 uxore
1662 3888 1937 3937 Tuberonis
1974 3902 2026 3939 et
2060 3890 2123 3940 de
2158 3894 2401 3959 privigna.
2433 3895 2494 3942 Ei

416 3976 468 4011 2.
489 3964 753 4029 Augenda.
781 3966 916 4015 Infra
932 4002 948 4031 ,
965 3968 1110 4033 epist.
1134 3970 1200 4018 33
1225 3978 1274 4017 et
1287 3965 1374 4027 35.
1463 3968 1638 4018 Cicero
1657 3983 1789 4017 nune
1800 3966 2093 4033 respondet,
2111 3970 2275 4037 sitque
2296 3972 2421 4033 sibi,
2438 3984 2493 4021 ut

413 4040 468 4089 3.
483 4042 561 4091 Do
585 4058 769 4093 uxore.
796 4046 1062 4096 monuerat
1079 4048 1278 4097 Atticus
1296 4048 1375 4097 ei·
1461 4046 1519 4097 id
1548 4046 1719 4107 addat,
1756 4046 2001 4113 integrum
2026 4064 2131 4097 non
2168 4066 2300 4111 esse,
2338 4066 2491 4114 quum

349 4130 564 4171 cuonem
575 4157 594 4186 ,
620 4134 680 4172 ut
695 4125 936 4189 orationi,
955 4142 1100 4192 quam
1133 4122 1376 4177 habuerat
1467 4127 1627 4179 oratio
1649 4126 1733 4177 illa
1752 4126 2033 4193 pervulgata
2053 4128 2133 4177 sit.
2152 4128 2351 4177 Bonus.

2180 4237 2293 4282 21.
