3019 4681
577 383 1115 453 EPISTOLAE
1159 385 1301 452 AD
1346 349 1441 472 Q.
1492 383 2200 470 FRATREM‚111‚
2240 410 2294 457 1.
2370 389 2508 485 627

377 504 671 603 phaneo
706 504 926 577 modo
946 499 1038 594 ⁶3,
1082 503 1285 576 valde
1320 502 1736 576 mehercule
1777 519 1852 574 et
1888 523 2218 596 suavem,
2253 525 2326 580 et
2363 535 2518 608 gra-

375 641 583 700 vem,
627 641 773 713 qua
814 641 971 687 sum
1016 614 1413 687 admodum
1445 613 1864 686 delectatus.
1907 615 2125 688 Dedit
2163 619 2376 690 etiam
2412 622 2518 691 al-

376 740 603 797 teram
634 726 826 797 illam
864 725 1076 813 mihi,
1111 750 1257 822 qua
1286 723 1503 820 jubes
1523 779 1542 810 ‚
1587 747 1754 794 eum
1785 725 1965 796 mihi
1999 751 2152 797 esse
2181 727 2474 802 affixum
2495 787 2514 820 ,

376 848 747 933 tamquam
779 839 1141 932 magistro.
1177 839 1415 925 Quam
1451 833 1654 905 illum
1683 835 2008 932 epistolae
2041 835 2177 905 illae
2215 837 2519 912 delecta-

372 947 595 1016 runt?
627 969 846 1042 quam
880 945 1041 1015 me?
1066 944 1263 1017 Nihil
1290 965 1524 1043 puero
1551 943 1675 1015 illo
1707 949 2032 1031 suavius,
2068 947 2250 1016 nihil
2283 953 2518 1022 nostri

374 1058 754 1126 amantius,
798 1059 967 1126 Haec
1018 1056 1209 1126 inter
1251 1079 1532 1127 coenam
1586 1055 1830 1125 Tironi
1873 1055 2176 1146 dictavi,
2235 1083 2328 1129 ne
2381 1066 2514 1131 mi-

373 1189 536 1237 rere
590 1166 729 1237 alia
784 1191 1009 1236 manu
1065 1191 1241 1238 esse.
1304 1166 1562 1237 Annali
1581 1162 1648 1216 ⁶⁴
1700 1165 1924 1238 literae
1972 1183 2115 1240 tuae
2170 1186 2520 1268 pergratae

373 1281 711 1373 fuerunt,
760 1285 961 1381 quod
1000 1299 1075 1354 et
1120 1309 1407 1356 curares
1448 1284 1540 1355 de
1589 1309 1666 1355 se
1709 1284 2113 1384 diligenter,
2157 1301 2229 1358 et
2275 1303 2518 1362 tamen

374 1396 677 1467 consilio
719 1395 1169 1467 severissimo
1207 1395 1516 1490 juvares.
1556 1397 1630 1465 P.
1679 1397 2014 1467 Servilius
2056 1411 2262 1492 pater
2306 1423 2394 1470 ex
2437 1401 2518 1471 li·-

373 1507 587 1590 teris,
639 1531 822 1604 quas
868 1503 1007 1578 sibi
1046 1531 1087 1576 a
1126 1510 1401 1578 Caesare
1446 1505 1697 1575 missas
1733 1529 1889 1576 esse
1930 1506 2256 1594 dicebat,
2303 1512 2518 1607 signi-

368 1611 575 1702 ficat,
606 1615 816 1687 valde
844 1630 917 1686 te
946 1615 1083 1686 sibi
1111 1629 1397 1712 gratum
1425 1613 1678 1686 fecisse
1696 1669 1715 1700 ‚
1745 1615 1947 1712 quod
1977 1615 2068 1687 de
2097 1640 2226 1687 sua
2256 1621 2513 1691 volun·

371 1739 517 1796 tate
582 1749 752 1823 erga
822 1727 1175 1796 Caesarem
1236 1724 1756 1795 humanissime
1821 1725 2514 1824 diligentissimeque

366 1835 721 1933 loquutus
764 1860 975 1907 esses·
2275 1929 2282 1936 .

467 1949 715 2035 Quum
770 1951 1079 2018 Romam
1133 1969 1224 2016 ex
1280 1949 1610 2042 Arpinati
1667 1947 2120 2017 revertissem
2150 2001 2171 2036 ‚
2235 1947 2511 2020 dictum

366 2058 546 2130 mihi
601 2073 749 2147 est,
804 2056 1347 2156 Hippodamum
1402 2056 1492 2126 ad
1541 2071 1614 2128 te
1654 2055 2066 2154 profectum
2117 2073 2292 2129 esse.
2344 2061 2512 2132 Non

363 2190 662 2267 possum
702 2166 1053 2254 scribere,
1085 2189 1205 2238 me
1244 2163 1659 2237 miratum⁶⁵
1705 2191 1860 2238 esse
1883 2221 1902 2254 ,
1947 2167 2155 2237 illum
2203 2182 2350 2238 tam
2393 2171 2509 2240 in·

362 2279 775 2351 humaniter
825 2278 1075 2351 fecisse
1097 2332 1116 2367 ,
1157 2291 1241 2348 ut
1285 2279 1440 2350 sine
1480 2279 1662 2349 meis
1701 2276 1924 2348 literis
1970 2277 2060 2349 ad
2109 2293 2182 2351 te
2219 2278 2510 2378 profici-

363 2406 737 2463 sceretur:
790 2388 973 2461 illud
1033 2387 1311 2473 scribo,
1371 2388 1549 2475 mihi
1604 2388 1992 2458 molestum
2052 2386 2293 2461 fuisse.
2351 2394 2507 2462 Jam

362 2504 559 2574 enim
610 2500 737 2572 diu
784 2502 1261 2598 cogitaveram
1290 2553 1309 2587 ,
1352 2522 1441 2570 ex
1482 2522 1616 2587 ee,
1657 2498 1864 2595 quod
1905 2513 1986 2569 tu
2033 2499 2124 2573 ad
2174 2526 2292 2573 me
2331 2502 2508 2574 scri-

360 2634 640 2711 psera5‚
677 2624 792 2698 ut,
832 2613 890 2683 si
920 2608 1096 2708 quid
1133 2625 1360 2695 esset,
1396 2606 1600 2707 quod
1640 2608 1730 2681 ad
1767 2624 1840 2679 te
1876 2608 2292 2706 diligentius
2335 2631 2502 2711 per·

360 2721 533 2794 ferri
561 2721 846 2793 ‹vellem
873 2772 890 2807 ,
944 2720 1049 2791 illi
1109 2720 1404 2792 darem:
1454 2720 1653 2817 quod
1715 2720 2130 2793 mehercule
2187 2722 2383 2794 hisce
2429 2724 2510 2794 li·

361 2835 569 2921 teriS‚
604 2856 787 2929 quas
819 2832 1037 2929 vulgo
1075 2832 1167 2902 ad
1197 2847 1268 2904 te
1306 2832 1552 2920 mitt0‚
1586 2830 1765 2901 nihil
1803 2828 1956 2902 fere
1986 2830 2261 2919 scribo,
2300 2834 2504 2931 quod

357 2946 417 3013 si
455 2945 532 3012 in
569 2942 869 3035 alicujus
913 2966 1173 3012 manus
1210 2940 1582 3027 inciderit,
1623 2941 1924 3011 moleste
1966 2938 2344 3012 ferendum
2387 2946 2499 3016 sit.

356 3036 679 3125 Minucio
716 3076 867 3135 me,
895 3064 969 3121 et
1004 3050 1268 3138 Salvi0‚
1309 3064 1381 3121 et
1408 3049 1726 3119 Labeoni
1753 3048 2229 3121 reservabam.
2255 3050 2502 3124 Labeo

356 3179 485 3236 aut
514 3162 716 3234 tarde
744 3159 1270 3260 proficiscetur,
1307 3174 1433 3230 aut
1462 3158 1582 3229 hic
1614 3156 1961 3229 manebit.
1997 3160 2500 3256 Hippodamus

355 3301 454 3347 ne
510 3297 708 3344 nunc
752 3270 1093 3369 quidem,
1152 3266 1330 3366 quid
1372 3266 1632 3356 velim,
1690 3268 1990 3363 rogavit.
2039 3272 2117 3337 T.
2172 3269 2498 3343 Pinarius

356 3384 701 3457 amabiles
726 3381 816 3453 ad
842 3404 959 3451 me
988 3380 1079 3451 de
1115 3394 1185 3451 te
1223 3380 1463 3451 literas
1477 3380 1714 3450 -mittit
1743 3406 1757 3448 :
1795 3398 1870 3449 se
1899 3378 2207 3449 maxime
2233 3379 2494 3471 literis,

422 3572 509 3619 63.
538 3566 895 3632 Aristophaneo
920 3564 1085 3614 modo.
1112 3567 1235 3628 Quae
1260 3564 1375 3611 Ari-
1463 3563 1647 3611 Natum
1665 3578 1940 3627 cognomen
1956 3560 2120 3622 abeo,
2145 3564 2232 3629 qui
2251 3564 2408 3629 legem
2423 3566 2486 3617 de

350 3650 605 3717 stephanis
635 3648 699 3696 ad
738 3644 1103 3694 similitudinem
1139 3643 1370 3691 accedatx
1462 3642 1688 3707 petendis
1733 3640 2092 3707 magistratibus
2145 3644 2378 3693 annalem
2431 3648 2484 3697 in

350 3742 493 3797 puta,
511 3728 627 3793 qnia
654 3727 897 3774 comicum
923 3722 1161 3788 quiddam
1189 3723 1241 3770 in
1268 3738 1373 3770 sen·
1462 3722 1716 3771 tribunatu
1740 3722 1815 3787 pl.
1842 3720 1974 3771 tulit.
2005 3722 2173 3771 Livius
2196 3722 2356 3788 libro,
2375 3728 2486 3793 opi.

352 3810 539 3868 tentiis,
567 3823 631 3856 ex
658 3804 1003 3869 Aristophanis
1038 3819 1238 3867 genere,
1272 3816 1372 3867 prae
1461 3818 1570 3861 nor,
1591 3804 1700 3851 XL.
1720 3804 1870 3852 Mu«.

350 3906 401 3939 se
432 3888 812 3938 seran'MAuur.
832 3912 903 3922 —-
929 3883 1010 3933 Ab
1042 3880 1371 3946 Aristophane
1533 3882 1617 3929 65.
1639 3882 1834 3931 Non...
1865 3880 2110 3931 miratum.
2151 3884 2276 3947 Quin
2303 3886 2483 3934 miran-

350 3986 455 4017 meo
480 3966 789 4016 mendatum
814 3974 886 4013 est
909 3964 963 4010 in
984 3963 1199 4026 margine
1226 3960 1340 4007 libri
1357 3994 1372 4020 ,
1464 3962 1580 4011 dum
1594 3976 1695 4008 nou
1715 3972 1804 4019 est,
1821 3960 2008 4009 sordidi
2026 3962 2274 4010 hominem
2292 3962 2486 4012 artificii

348 4050 435 4112 qui
448 4047 656 4095 collatus
670 4056 741 4093 est
760 4060 870 4091 cum
888 4042 1239 4104 manuscripto.
1250 4040 1373 4089 Une.
1461 4040 1810 4089 humanitatem
1825 4041 2063 4105 ignorare.
2073 4042 2148 4090 De
2158 4042 2486 4107 Hippodamia

425 4129 512 4183 64.
540 4122 745 4173 Annali.
763 4122 926 4171 villice
944 4120 1126 4183 gentis,
1149 4118 1371 4183 plebeiae.
1462 4134 1610 4185 supra
1625 4154 1641 4179 ,
1664 4119 1756 4167 hac
1775 4119 1942 4167 eadem
1962 4120 2106 4185 epist.
2127 4136 2239 4185 cap.
2264 4122 2311 4168 3.

2136 4208 2252 4289 40.
