3019 4681
594 368 1133 439 EPISTOLAE
1180 368 1321 438 AD
1372 372 1878 459 ATTICUM‚
1919 374 2142 460 XVI,
2201 397 2304 445 11.
2411 372 2537 445 501

423 498 645 584 Ἆεσχος
668 498 729 533 ¹²
754 542 774 575 ,
807 489 987 559 mihi
1016 490 1141 560 tu?
1176 493 1339 586 quis
1364 495 1658 566 minus?
1689 468 1850 584 cui,
1893 509 1973 563 ut
2007 493 2468 593 Aristophani
2493 494 2554 541 ¹³

436 600 838 670 Archilochi
889 598 1168 671 iambus
1206 654 1226 687 ‚
1280 606 1379 673 sic
1432 606 1731 701 epistola
1787 603 2196 701 longissima
2246 628 2556 700 quaeque

434 711 705 806 optima
738 708 1041 781 videtur.
1084 711 1300 801 Quod
1338 738 1453 785 me
1490 713 1836 785 admones
1884 740 1900 781 :
1952 725 2033 781 tu
2067 737 2242 783 vero
2283 717 2558 785 etiamsi

436 818 997 916 reprehenderes
1022 874 1041 907 ,
1088 846 1238 892 non
1274 822 1493 894 modo
1532 824 1736 896 facile
1779 837 2064 922 paterer
2091 874 2110 907 ‚
2179 822 2307 895 sed
2343 826 2558 895 etiam

435 930 744 1015 laetarer3
789 932 1062 1031 quippe
1099 957 1329 1027 quum
1355 936 1429 1003 in
1467 935 2033 1034 reprehensione
2073 947 2180 1004 est
2236 931 2558 1031 pruden-

444 1040 541 1106 tia
573 1062 739 1108 cum
768 1044 1037 1139 εὐμενείᾳ
1066 1044 1147 1111 ¹4.
1186 1044 1290 1111 Ita
1327 1039 1639 1112 libenter
1678 1065 1760 1112 ea
1791 1047 2145 1139 corrigam
2165 1094 2186 1127 ‚
2231 1060 2394 1134 quae
2420 1063 2462 1109 a
2491 1053 2559 1109 te

436 1150 926 1223 animadversa
954 1166 1149 1237 sunt,
1170 1180 1205 1215 «ι
1222 1151 1473 1222 eodem
1494 1150 1690 1244 jure,
1707 1177 1856 1249 quo
1869 1150 2238 1224 Rubriana
2261 1160 2280 1191 ¹
2293 1146 2321 1191 ⁵
2338 1170 2406 1236 25,
2435 1173 2565 1247 po-

434 1261 575 1329 tius
594 1314 613 1345 ,
640 1286 859 1357 quam
886 1288 1085 1359 «quo
1114 1262 1464 1359 Scipionis
1491 1288 1561 1350 »3
1592 1276 1665 1332 et
1691 1260 1783 1333 de
1811 1262 2148 1335 laudibus
2175 1258 2564 1329 Dolabellas

432 1360 726 1441 dei-uam
756 1373 1148 1444 cumulum.
1177 1377 1513 1444 Attamen
1541 1386 1650 1443 est
1677 1373 1814 1443 isto
1843 1374 2004 1445 loco
2031 1370 2214 1441 bella
2236 1423 2255 1456 ‚
2282 1383 2360 1438 ut
2385 1367 2566 1438 mihi

434 1473 748 1562 videtur,
780 1481 1071 1575 εἰρωνεία,
1108 1474 1305 1575 quod
1347 1500 1511 1545 eum
1552 1491 1662 1547 ter
1691 1493 1944 1547 contra
1981 1479 2172 1547 cives
2193 1472 2253 1519 ¹⁶
2287 1476 2362 1544 in
2389 1476 2559 1546 acie.

432 1584 618 1655 Illud
645 1584 859 1658 etiam
892 1589 1085 1658 malo
1102 1643 1121 1673 ‚
1150 1586 1784 1684 «indignissimum
1806 1596 1864 1642 ¹⁷
1889 1602 1996 1657 est
2017 1587 2217 1657 hunc
2240 1586 2476 1656 vivere
2493 1616 2562 1671 n,

436 1715 655 1785 quam
690 1722 723 1757 c<
742 1693 920 1789 quid
965 1691 1329 1790 indignius
1357 1692 1437 1760 Ρ»
1468 1686 2024 1790 Πετι·λογρειιφίσιν18
2054 1692 2402 1763 Varronis
2431 1690 2564 1761 tibi

438 1906 502 1915 -
534 1882 645 1929 Hoc
667 1881 782 1929 loco
797 1882 1100 1932 demonstrat
1116 1885 1148 1931 J
1151 1883 1241 1929 .V.
1256 1884 1307 1929 L.
1331 1882 1449 1929 Phi-

434 1958 663 2023 lippicsm
707 1962 995 2019 secundnm,
1038 1976 1149 2026 quae
1190 1976 1452 2023 numquam

434 2040 745 2102 pronuntiate
768 2050 840 2087 est
854 2074 869 2101 ,
891 2040 1060 2088 Attico
1084 2049 1272 2087 tuntum
1290 2054 1453 2087 menso

432 2116 531 2163 hoc
544 2134 671 2165 ·nov.
692 2128 859 2167 notam
878 2118 1054 2179 fuisse;
1076 2116 1363 2165 confirmant
1388 2115 1451 2163 ad

437 2193 550 2242 Div.
580 2196 708 2252 xn,
737 2212 789 2253 2,
806 2206 899 2243 etc.
926 2195 1065 2242 Bruti
1090 2206 1139 2243 et
1166 2192 1319 2243 Cassii
1350 2195 1451 2258 epi·

438 2273 595 2321 stolae.
620 2274 716 2323 En.

514 2365 595 2401 tu.
626 2340 913 2417 Ᾰδόλισχος.
940 2357 1161 2418 Loqu.

514 2435 595 2481 13.
626 2431 957 2497 Aristophani.
998 2435 1115 2482 Nou
1140 2443 1303 2497 poetae
1323 2469 1338 2494 ,
1366 2433 1453 2480 sed

436 2513 765 2576 grammatico,
784 2512 870 2576 qui
895 2513 1186 2576 scriptorum
1215 2512 1308 2558 fnit
1334 2511 1454 2560 alter

439 2593 773 2652 Aristarchum,
810 2601 868 2639 ut
909 2589 1125 2639 ostendit
1158 2592 1361 2654 Diogen.
1400 2591 1453 2638 in

402 2715 415 2728 ,
440 2671 564 2719 Pht.
584 2681 632 2718 et
652 2669 849 2734 Epicur.
873 2670 1032 2718 Coun.

516 2760 596 2808 14.
612 2749 859 2817 Εὐμινιίᾳ.
886 2749 1241 2797 Benivolentia.

515 2829 593 2878 15.
614 2828 882 2878 Rubriano.
905 2829 1153 2876 Antonius
1169 2827 1319 2876 multu
1340 2827 1455 2874 sub·

434 2911 613 2970 iecerat
632 2909 803 2956 Romae
832 2917 1111 2955 testamenta
1126 2941 1141 2965 ,
1166 2905 1345 2970 quibus
1369 2901 1456 2954 fie-

442 3001 517 3034 res
537 2985 851 3033 scribebatur.
892 2987 953 3031 ln
988 2985 1049 3031 iis
1078 2985 1171 3032 suit
1198 2995 1454 3032 testamen-

440 3076 545 3112 tum
573 3067 630 3112 L.
658 3063 863 3120 Rubrii,
886 3064 967 3110 cui
982 3080 1043 3110 ne
1058 3073 1232 3111 notum
1257 3063 1455 3127 quidem

440 3143 579 3190 illum
605 3143 751 3190 Fuisse
786 3141 933 3190 trudit
958 3142 1131 3191 Cicero
1154 3141 1455 3206 Philipp.11‚

450 3225 529 3281 16,
553 3222 641 3269 sed
664 3233 713 3270 et
734 3223 787 3268 in
812 3221 991 3285 praedis
1020 3221 1241 3284 quasdam
1266 3221 1458 3269 invase-

444 3311 517 3349 rat
542 3303 606 3363 Q.
641 3300 828 3346 Metelli
857 3300 931 3346 Pii
960 3299 1225 3362 Scipionis,
1250 3311 1305 3348 ut
1327 3300 1456 3349 Phil.

442 3383 489 3426 V
508 3381 724 3428 refertur.
748 3379 867 3427 Ideo
881 3395 1034 3442 quum
1060 3379 1275 3444 Philipp.
1297 3382 1373 3439 11,
1390 3381 1459 3428 sic

442 3460 585 3508 initio
635 3461 807 3508 Cicero
844 3458 1112 3522 scripsisset
1150 3473 1164 3505 :
1192 3481 1216 3498 ‹-
1254 3457 1333 3505 Ab
1368 3459 1461 3508 hac

442 3538 805 3603 perturbatione
842 3538 1129 3603 religionum
1162 3537 1361 3587 advolas
1408 3541 1461 3586 in

444 3620 515 3666 M.
538 3620 772 3668 Varronis
788 3619 1075 3667 sanctissimi
1092 3629 1239 3682 utque
1258 3617 1461 3682 integer-

444 3699 553 3745 rimi
598 3697 691 3744 viri
738 3697 945 3746 fundum
993 3698 1317 3757 Cussinatem3
1359 3715 1460 3762 quo

439 3781 548 3838 jure
566 3779 590 3824 Ρ
614 3792 715 3840 quo
749 3779 869 3826 ore?
898 3776 1096 3837 eodem,
1128 3777 1345 3841 inquies,
1362 3793 1464 3842 quo

444 3857 496 3904 in
524 3856 757 3910 heredum
773 3859 827 3906 L.
854 3856 1061 3906 Turselli
1084 3857 1265 3920 predis
1292 3879 1314 3899 ιο
1338 3871 1351 3905 :
1374 3856 1463 3906 sd-

448 3937 661 3983 monitns
681 3947 845 3999 postes
860 3935 921 3983 sb
938 3936 1105 3984 Attico
1122 3935 1247 3984 illud
1266 3937 1326 3984 de
1342 3953 1467 4002 prie-

450 4014 545 4060 diis
570 4015 815 4079 Scipionis
842 4031 939 4063 nou
966 4015 1081 4064 satis
1113 4017 1333 4080 apposite
1351 4033 1463 4066 cum

448 4091 555 4140 :iliis
566 4093 861 4144 facinoribus
877 4095 1100 4154 Antonii,
1117 4111 1227 4158 quse
1244 4096 1311 4148 ibi
1330 4113 1466 4146 eom-

1539 1892 1886 1939 memorsntur,
1927 1881 2159 1943 conjungi
2174 1916 2189 1941 ,
2219 1879 2466 1927 mandavit
2488 1879 2532 1928 ei
2547 1916 2562 1941 ,

1539 1967 1597 2008 ut
1610 1976 1725 2024 pro,
1739 1958 1992 2023 Scipionis,
2001 1968 2274 2022 reponeret,
2289 1958 2562 2017 Rubriano,

1541 2048 1590 2085 et
1613 2054 1726 2087 sene
1742 2037 1892 2086 hodie
1922 2054 1982 2085 eo
2011 2038 2126 2085 loco
2151 2052 2278 2093 non,
2299 2036 2562 2100 Scipionis,

1539 2116 1626 2165 sed
1644 2120 1699 2165 L.
1727 2116 1914 2173 Rubrii,
1936 2116 2132 2179 legitur.
2161 2116 2363 2163 Bonus.

1619 2196 1694 2244 16.
1719 2197 1808 2243 Ter
1829 2206 1999 2241 contra
2015 2192 2152 2242 cives.
2171 2194 2290 2241 Haec
2311 2196 2562 2243 referenda

1539 2285 1654 2323 sunt
1692 2274 1758 2322 ad
1796 2290 1850 2321 ea
1881 2272 2024 2319 verbs
2053 2272 2266 2337 Philipp.
2297 2275 2344 2319 11
2373 2286 2386 2319 :
2420 2296 2444 2315 α
2462 2276 2558 2322 Ter

1540 2355 1836 2420 depugnavit
1871 2354 2032 2403 caesar
2081 2367 2193 2400 cum
2249 2353 2466 2410 civibus,
2507 2355 2561 2402 in

1539 2433 1778 2481 Thessalis
1794 2468 1808 2493 ,
1833 2433 1997 2480 Africa
2012 2466 2028 2487 ,
2048 2432 2305 2494 Hispania,
2333 2433 2561 2481 omnibus

1539 2509 1693 2560 sdl'uit
1745 2511 1820 2559 his
1863 2510 2039 2574 pugnis
2076 2509 2359 2573 Dolabells3
2389 2511 2442 2558 in
2469 2513 2560 2559 Hi·

1540 2591 1783 2655 spanieusi
1811 2589 1956 2639 etiam
1986 2588 2166 2638 vuinus
2197 2589 2411 2652 accepitz
2435 2591 2560 2638 side
2623 2593 2628 2596 '
2663 2635 2678 2646 ,

1541 2669 1854 2730 meoiudicio
1879 2668 2085 2731 queris,
2117 2668 2318 2716 nollem.
2357 2669 2452 2716 Sed
2488 2680 2560 2717 ta-

1543 2765 1652 2798 men
1670 2747 1928 2796 consilium
1962 2762 1991 2794 s
2025 2747 2273 2811 principio
2303 2749 2558 2810 reprehen-

1543 2825 2014 2885 dendum,lnudanda
2027 2827 2295 2874 constantia
2311 2849 2351 2872 n.
2367 2827 2562 2874 Bosws.

1623 2923 1700 2967 17.
1722 2903 2128 2968 Indignis-simum.
2153 2904 2367 2968 Philipp.
2389 2908 2453 2966 11,
2473 2908 2564 2956 ubi

1543 2986 1804 3034 etiamnum
1835 2982 1980 3031 hodie
2014 2981 2210 3046 legitur,
2228 3005 2252 3024 α
2273 2983 2408 3045 Quid
2435 2984 2560 3032 indi-

1543 3066 1683 3129 gnius
1693 3067 1744 3112 Ρ»

1625 3146 1706 3193 18.
1732 3140 2118 3209 Πεπλογραφίαν.
2147 3143 2302 3188 Varro
2323 3142 2560 3192 clarorum

1546 3224 1758 3274 virorum
1783 3223 1980 3270 nomina
2003 3225 2054 3270 iu
2069 3238 2220 3270 unum
2246 3222 2426 3270 librum
2441 3239 2561 3272 con-

1546 3317 1776 3371 gesseram
1795 3319 2001 3366 eumque
2026 3303 2352 3368 inscripserat,
2375 3307 2563 3353 Πιπλο·

1544 3384 1751 3454 γραφίαν
1783 3400 1796 3432 :
1826 3383 1966 3447 quod
1989 3383 2303 3430 Athenienses
2323 3381 2565 3447 (auctores

1546 3477 1660 3514 suut
1684 3463 1939 3529 Euripides
1961 3467 2011 3511 in
2037 3462 2238 3512 Hecuba
2251 3497 2268 3524 ,
2289 3465 2565 3528 Harpocra-

1550 3547 1652 3593 tion
1667 3581 1681 3604 ,
1703 3546 1784 3594 alii
1799 3543 1836 3607 ),
1869 3545 1921 3592 in
1948 3544 2102 3607 Peplo
2123 3558 2232 3598 eos,
2266 3543 2354 3606 qui
2380 3543 2564 3608 aliquid

1549 3624 1739 3672 fortiter
1763 3624 2048 3688 gessissent,
2075 3623 2332 3687 expingere
2361 3638 2567 3671 consue-

1551 3715 1734 3750 verunt.
1767 3705 1831 3750 Et
1859 3687 2160 3768 Porphyrius
2203 3702 2264 3749 ab
2307 3702 2567 3754 Aristotele

1552 3781 1787 3846 scriptum
1803 3781 2201 3830 commentarium
2226 3779 2374 3828 trudit
2393 3815 2407 3839 ,
2431 3781 2566 3845 Pepli

1553 3861 1749 3908 nomine
1775 3862 2078 3928 inscriptum,
2097 3875 2196 3924 quo
2225 3863 2568 3909 commentario

1553 3950 1601 3988 et
1625 3941 1818 3987 navium
1831 3975 1846 3998 ,
1882 3956 1992 4003 quae
2025 3941 2089 3988 sd
2119 3940 2314 4000 Troiam
2338 3941 2568 4003 profecta·

1553 4031 1740 4077 esseut,
1760 4035 2010 4068 numerum
2025 4055 2040 4074 .
2064 4009 2316 4068 et'ducum
2347 4019 2572 4082 genealo-

1553 4100 1652 4163 gias
1675 4099 2068 4165 persequebatur.
2087 4102 2297 4148 Mumv.
2321 4123 2389 4136 -—
2407 4101 2574 4164 Quum
