3019 4681
660 420 1203 492 ErlsToLAE
1250 420 1386 489 An
1435 369 2194 506 nucumxlv,
2255 418 2362 490 ι3.
2465 416 2614 516 397·

473 566 840 643 quamque
865 544 965 615 ita
1000 542 1401 641 perniciose
1419 596 1439 629 ,
1476 553 1563 613 ut
1583 564 2139 637 nonnumquam
2171 544 2404 613 Caesar
2433 540 2618 613 desi-

472 653 839 725 derandus
874 677 1029 725 esse
1056 651 1413 740 videatur,
1452 648 1660 722 facile
1691 650 2151 723 existimabis,
2191 651 2372 741 Quoe
2416 651 2615 723 enim

473 766 705 835 Caesar
740 784 1143 858 numquam
1174 786 1417 859 neque
1445 759 1764 849 fecisset,
1809 784 2051 858 neque
2094 784 2344 859 passus
2387 776 2613 849 esset,

473 896 555 944 ea
582 896 781 944 nunc
820 897 911 943 ex
946 870 1135 943 falsis
1172 870 1329 967 ejus
1365 874 1902 942 commentariis
1929 868 2422 968 proferuntur.
2463 874 2616 969 Ego

471 996 716 1053 autem
764 982 1083 1052 Antonio
1137 978 1562 1052 facillimum
1607 1005 1724 1052 me
1764 978 2039 1078 praebui
2079 1008 2096 1049 ε
2141 983 2408 1053 etenim
2447 980 2566 1053 ille
2595 1035 2617 1067 ‚

472 1091 824 1188 quoniam
862 1088 1082 1161 semel
1120 1088 1407 1161 induxit
1432 1092 1752 1161 animum
1773 1144 1793 1178 ,
1821 1088 1958 1161 sibi
1988 1089 2206 1162 licere
2232 1090 2436 1188 quod
2467 1089 2620 1163 vel-

471 1199 572 1273 let
597 1255 618 1289 ‚
655 1198 939 1272 fecisset
986 1200 1217 1271 nihilo
1260 1203 1503 1271 minus
1538 1224 1656 1272 me
1695 1200 1943 1272 invito.
1984 1203 2239 1297 Itaque
2292 1225 2618 1275 mearum

472 1332 774 1407 quoque
815 1309 1189 1382 literarum
1228 1310 1391 1380 misi
1428 1308 1868 1408 exemplum.
2033 1294 2040 1303 ’

712 1528 1158 1596 ANTONIUS
1193 1527 1538 1601 ‚CONSUL
1581 1528 1675 1594 M.
1725 1528 2140 1595 CICERONI
2185 1530 2251 1595 S.
2298 1532 2378 1596 D.

569 1694 1196 1762 Occurxnomnus
1223 1704 1332 1760 est
1366 1686 1642 1759 factum
1675 1691 1888 1775 meIS,
1915 1705 1989 1761 et
2019 1688 2259 1761 subita
2296 1705 2424 1762 tua
2455 1710 2622 1791 pro-

473 1799 829 1890 fectione,
863 1825 960 1872 ne
1005 1814 1246 1871 tecum
1284 1818 1530 1871 coram
1570 1799 1660 1871 de
1703 1796 1840 1870 hac
1890 1818 1969 1870 re
2017 1824 2327 1897 agerem.
2381 1803 2620 1891 Quam

472 1911 572 1984 ob
606 1936 893 1984 causam
919 1918 1211 1984 vereor¹
1234 1965 1254 1999 ,
1276 1933 1371 1981 ne
1399 1908 1724 1982 absentia
1756 1934 1916 1981 mea
1932 1908 2158 1981 levior
2189 1912 2282 1981 sit
2301 1912 2497 2009 apud
2517 1926 2614 1982 te.

473 2021 693 2112 Quod
741 2024 800 2093 si
852 2020 1142 2093 bonitas
1182 2034 1308 2092 tua
1351 2019 1812 2118 responderit
1842 2020 2118 2114 judicio
2163 2044 2364 2109 meo,
2410 2021 2614 2119 quod

394 2130 399 2133 ’
471 2157 759 2232 semper
780 2131 1006 2204 habui
1032 2132 1125 2203 de
1147 2147 1216 2205 te
1240 2187 1260 2221 ,
1290 2130 1647 2231 gaudebo,
1681 2136 1742 2204 A
1779 2134 2053 2203 Caesare
2079 2133 2288 2229 petii,
2311 2138 2394 2203 ut
2429 2136 2622 2203 Sext.

470 2238 808 2315 Clodium
845 2244 1257 2314 restitueret
1296 2268 1313 2311 ε
1355 2242 1756 2340 impetravi.
1799 2244 1970 2313 Erat
2017 2241 2197 2312 mihi
2247 2242 2324 2313 in
2375 2244 2620 2316 animo

470 2355 689 2425 etiam
732 2367 928 2438 tum,
975 2354 1075 2422 sic
1112 2355 1223 2422 uti
1260 2349 1622 2424 beneficio
1666 2353 1860 2448 ejuS,
1905 2355 1963 2423 si
2004 2366 2084 2423 tu
2121 2357 2619 2427 concessisses,

470 2464 640 2553 Quo
676 2463 903 2560 magis
942 2460 1232 2551 labor0,
1260 2476 1343 2532 ut
1379 2476 1502 2532 tua
1539 2461 1911 2532 voluntate
1946 2459 2022 2532 id
2061 2485 2190 2559 per
2227 2487 2342 2533 me
2372 2460 2612 2537 facere

471 2596 669 2643 nunc
734 2570 967 2643 liceat.
1033 2569 1253 2663 Quod
1311 2571 1368 2642 si
1422 2570 1798 2642 duriorem
1866 2585 1937 2642 te
1995 2571 2151 2666 ejus
2216 2575 2494 2644 miserae
2545 2589 2621 2645 et

470 2679 749 2754 afflictae
772 2679 1081 2754 fortuna:
1108 2679 1417 2780 praebes,
1453 2706 1606 2751 non
1637 2678 2071 2752 contendam
2108 2705 2244 2778 ego
2272 2683 2615 2755 adversus

468 2803 567 2864 te.
623 2795 1084 2890 Quamquam
1135 2789 1389 2863 videor
1456 2790 1727 2863 debere
1771 2793 1960 2862 tueri
2014 2795 2616 2868 commentarium

472 2909 764 2979 Caesaris
780 2918 834 2977 ².
877 2907 1018 2979 Sed
1054 2905 1509 2994 mehercule,
1547 2907 1607 2976 si
1635 2905 2086 2992 humaniter,
2125 2922 2199 2978 et
2224 2911 2619 3005 sapienter,

472 3033 547 3090 et
581 3016 978 3089 amabiliter
1023 3018 1098 3086 in
1142 3041 1259 3087 me
1291 3018 1608 3112 cogitare
1643 3020 1783 3102 viS,
1832 3013 2114 3086 facilem
2158 3014 2490 3113 profecto
2543 3033 2616 3090 te

416 3131 421 3140 '
470 3124 867 3226 praebebis3
910 3141 982 3197 et
1008 3125 1207 3197 voles
1233 3130 1309 3197 P.
1349 3124 1690 3200 Clodium
1709 3122 1773 3212 ³,
1809 3128 1884 3196 in
1915 3128 2190 3224 optima
2220 3130 2397 3223 spe‘*
2425 3150 2609 3226 pue-

1661 3305 1715 3352 ³.
1744 3305 1802 3351 P.
1830 3301 2070 3352 Clodium.
2087 3301 2293 3350 Antonii
2315 3303 2621 3368 privignum,

1587 3384 1644 3430 P.
1684 3381 1848 3432 Clodii
1885 3381 2072 3442 fllium,
2099 3397 2310 3444 quocum
2337 3383 2616 3433 inimicitias

550 3321 595 3353 ι.
622 3305 705 3354 Sic
723 3319 893 3352 omnes
910 3303 1026 3352 libri
1050 3313 1169 3352 vett.
1205 3301 1405 3351 Hem-ic.
1433 3311 1500 3350 ta-

470 3399 585 3433 men
619 3381 891 3447 Stephanus
917 3382 1177 3431 arbitratur
1196 3381 1457 3444 legendum
1480 3416 1496 3442 ,

472 3477 569 3510 mm
596 3477 785 3510 vereor.
816 3465 1076 3526 Repugnat
1104 3459 1327 3508 Lambin.
1352 3469 1499 3524 atque

468 3543 576 3608 ipa
600 3541 853 3590 sententia.
884 3542 935 3590 J.
962 3540 1025 3588 V.
1052 3542 1109 3588 1..

542 3639 571 3671 a
580 3659 591 3670 .
603 3619 1010 3670 Commentariun:
1026 3618 1244 3666 θησαν-ῖς.
1254 3617 1405 3682 Quasi
1416 3617 1499 3665 ille

469 3701 581 3750 Sex.
608 3698 835 3750 Clodium
870 3699 1039 3747 reduci
1063 3697 1291 3746 voluimt
1305 3731 1321 3756 ,
1348 3696 1499 3760 idque

468 3778 520 3827 in
548 3777 895 3828 commentario
918 3793 1010 3826 suo
1033 3776 1315 3840 scripsisset.
1340 3778 1499 3823 Anto-

470 3860 579 3907 nius
592 3857 785 3906 enimin
815 3855 1173 3905 commentariis
1194 3855 1396 3903 Caesaris
1410 3854 1499 3903 de-

468 3937 600 3986 lebat
624 3947 674 3985 et
695 3935 960 4000 reponebat
980 3933 1213 3982 arbitratu
1231 3947 1499 3998 suo‚quum

470 4015 523 4063 in
542 4031 601 4063 eo
620 4031 766 4062 mnu
784 4015 848 4078 Q.
864 4013 1067 4072 Faber-ii,
1086 4011 1257 4061 scriba·
1274 4013 1496 4074 Castris,

472 4103 700 4144 uteretur.
728 4096 849 4141 Hoec
887 4093 1067 4142 diserte
1101 4091 1359 4144 confirm-t
1388 4097 1495 4158 Ap·

471 4172 610 4239 pian.
640 4172 702 4220 de
729 4173 786 4221 Β.
803 4173 915 4223 civ.
938 4173 1027 4224 lib.
1057 4173 1147 4222 111.
1164 4173 1259 4222 En.

1587 3461 1760 3510 Cicero
1779 3461 2080 3525 gravissimas
2091 3471 2296 3523 generat
2309 3475 2323 3508 :
2338 3461 2618 3526 privignum

1586 3551 1774 3596 autem,
1793 3540 1905 3603 quin
1931 3537 2146 3586 Fulviam
2169 3539 2274 3600 ejus
2295 3551 2495 3588 matrem
2509 3545 2620 3590 An·

1589 3619 1755 3668 tonius
1779 3619 1983 3666 duxerat
2007 3633 2226 3667 uxorem.
2246 3619 2389 3667 Mun.

1664 3704 1713 3753 4.
1737 3699 1796 3744 In
1821 3694 2010 3758 optima
2023 3711 2122 3758 spe.
2150 3695 2292 3758 Spem
2314 3695 2500 3758 refellit,
2517 3714 2620 3750 non

1589 3774 1748 3824 solnm
1789 3775 1942 3822 amori
1978 3773 2242 3822 meretricis
2278 3775 2620 3840 vulgatissimae

1589 3853 1798 3918 turpiter
1823 3852 2047 3912 deditus,
2067 3869 2234 3902 verum
2261 3855 2406 3910 etiam
2445 3857 2620 3905 erube-

1587 3931 1770 3980 scendo
1791 3933 1962 3980 mortis
1988 3948 2162 3996 genere
2187 3933 2486 4000 absumptus.
2509 3937 2620 3985 Ab-

1587 4011 1783 4062 domine
1805 4013 1935 4059 enim
1957 4012 2098 4062 avide
2120 4013 2352 4062 devorato
2366 4048 2384 4075 ,
2399 4015 2544 4064 soedae
2559 4033 2619 4064 ac

1585 4091 1798 4141 sordida
1811 4092 2196 4157 intemperantiae
2209 4095 2434 4157 spiritum
2447 4094 2620 4144 edidit.

1585 4170 1749 4221 vuer.
1775 4171 1977 4222 Maxim.
2003 4172 2106 4236 111,
2127 4171 2178 4221 5.
2201 4172 2296 4222 nn.
2464 4158 2471 4169 ‘
