3019 4681
454 368 590 450 104
1093 365 1191 432 M.
1243 365 1320 432 T.
1375 365 1927 436 CICERONIS

442 485 626 559 nihil
649 496 706 528 ¹¹
743 513 758 555 :
803 508 898 554 ne
953 487 1262 556 Anteros
1283 493 1344 526 ¹²
1404 482 1707 582 quidem
1755 485 1935 583 quid
1984 485 2375 560 literarum.
2426 493 2577 562 Nec

443 598 752 701 mirum„
775 591 972 682 Quid
1006 595 1201 664 enim
1239 608 1383 681 est,
1435 594 1639 691 quod
1682 595 2125 670 scribamus?
2162 623 2295 696 ego
2334 612 2573 671 tamen

441 705 727 778 nullum
795 702 988 776 diem
1064 705 1551 801 praetermitto.
1606 705 1885 804 Scripta
1947 707 2249 806 epistola
2276 761 2295 796 ‚
2356 708 2577 780 literae

441 815 621 888 mihi
663 829 830 888 ante
871 815 1108 886 lucem
1149 838 1192 884 a
1223 819 1449 912 Lepta
1487 819 1733 913 Capua
1784 816 2080 888 redditae
2132 831 2305 890 sunt
2327 874 2347 905 ‚
2398 817 2574 890 idib.

439 941 648 998 mart.
684 929 1114 1023 Pompeium
1145 950 1187 994 a
1221 924 1603 996 Brundisio
1638 926 2141 1000 conscendisse
2163 983 2185 1016 ‚
2224 943 2300 1000 at
2346 932 2567 1000 Caesa·

438 1061 598 1107 rem
635 1060 694 1106 a.
733 1034 805 1105 d.
849 1058 954 1104 vn
989 1032 1126 1104 kal.
1161 1034 1366 1132 april.
1403 1038 1669 1133 Capuae
1703 1035 1880 1108 fore.

517 1223 539 1255 1
554 1223 600 1255 1.
619 1207 699 1255 Al.
719 1227 746 1248 α
761 1203 908 1264 nihil,
931 1219 992 1253 ne
1009 1207 1222 1254 Anteros
1239 1205 1463 1269 quidem,
1636 1218 1715 1251 ια.
1752 1203 1981 1253 Anteros.
2010 1201 2234 1252 fiber-tun
2269 1203 2362 1252 suit
2396 1203 2551 1252 Attici
2564 1239 2581 1264 ‚

441 1288 530 1352 qui
569 1303 598 1334 ι
635 1297 684 1334 te
719 1285 966 1334 literarum
983 1307 1026 1333 n.
1065 1287 1128 1333 Et
1159 1286 1231 1333 sic
1271 1285 1470 1334 Lnllem.
1558 1283 1699 1343 cnjus
1732 1283 1915 1332 mentio
1946 1281 2005 1332 fit
2034 1283 2239 1347 epistol·
2276 1285 2431 1349 prim
2466 1283 2580 1332 lihri

440 1367 544 1415 Alii
573 1381 718 1427 vero,
745 1388 771 1408 .-
793 1367 839 1414 A
865 1377 915 1436 tp
943 1363 1069 1412 nihil
1085 1399 1100 1424 ‚
1125 1381 1188 1412 ne
1223 1375 1336 1413 ante
1367 1364 1470 1414 die·
1559 1364 1654 1412 xl.
1700 1365 1880 1412 Sensus
1919 1373 2081 1412 nutem
2116 1365 2293 1412 horum
2318 1363 2579 1412 verborum

440 1443 640 1510 quidem
669 1447 913 1509 quinque,
941 1443 1189 1492 literarum
1206 1465 1249 1491 n.
1277 1443 1470 1492 Dubius
1558 1452 1670 1491 est:
1706 1459 1733 1490 ι
1767 1453 1818 1491 te
1851 1441 1974 1490 nihil
2008 1441 2171 1490 attulit
2204 1441 2451 1492 literarum
2468 1479 2483 1502 ‚
2518 1457 2579 1488 ne

446 1524 652 1574 omnino
665 1524 821 1573 loom.
847 1527 899 1573 J.
919 1523 983 1572 V.
1015 1525 1072 1571 L.
1558 1525 1771 1571 Anteros
1792 1521 1989 1585 quidem
2005 1556 2020 1581 ‚
2048 1523 2133 1586 qni
2158 1537 2189 1570 a
2212 1533 2263 1572 te
2288 1523 2439 1571 venit.
2466 1523 2579 1570 Boo.

443 1697 808 1718 mmm
1147 1697 1268 1716 §m
1273 1695 2569 1717 mmm-mmmmm

1095 1865 1679 1946 EPISTOLA
1746 1867 1931 1944 XV.

444 2019 658 2080 Scribit
697 2041 758 2079 se
801 2037 1172 2098 congressum
1204 2037 1339 2078 cum
1381 2021 1606 2077 Caesare
1635 2030 2007 2095 exspectare3
2064 2017 2324 2077 defendit
2354 2037 2423 2076 ea
2452 2037 2583 2096 quae

519 2117 781 2196 asperius
802 2116 878 2175 de
901 2114 1182 2206 Dionysio
1209 2114 1553 2191 scripserat3
1578 2113 1835 2190 epistolae
1856 2132 1891 2170 a
1918 2114 2101 2172 Matio
2120 2127 2373 2194 acceptae
2392 2135 2583 2174 exem·

520 2215 684 2293 plum
711 2211 902 2270 mittit.
929 2211 1033 2290 (In
1065 2211 1375 2269 Formiano
1396 2252 1414 2280 ,
1443 2227 1597 2267 anno
1626 2213 1700 2268 U.
1724 2213 1791 2268 C.
1816 2217 1927 2282 7⁰4
1946 2251 1963 2278 ,
1992 2229 2188 2269 mense
2210 2209 2463 2288 martie.)

1125 2354 1442 2417 CICERO
1487 2354 1805 2427 ATTICO
1852 2354 1914 2419 S.

441 2542 444 2545 .
543 2492 776 2579 Qmm
833 2483 1196 2556 dedissem
1243 2480 1334 2553 ad
1390 2496 1459 2553 te
1509 2481 1749 2555 literas
1769 2539 1789 2570 ,
1841 2499 1924 2555 ut
1970 2486 2187 2559 scires
2232 2491 2583 2559 Caesarem

449 2601 714 2694 Capuae
749 2620 851 2663 vn
891 2592 1178 2663 kalend.
1213 2590 1372 2663 fore
1392 2644 1412 2675 ‚
1450 2590 1677 2663 allatoe
1712 2594 1889 2665 mihi
1918 2611 2089 2666 sunt
2122 2596 2379 2686 literae3
2416 2622 2581 2669 eum

447 2710 524 2779 in
555 2704 839 2777 Albano
877 2703 1070 2801 apud
1107 2704 1500 2773 Curionem
1528 2728 1573 2772 v
1603 2702 1875 2796 kalend.
1914 2704 2091 2777 fore.
2134 2710 2321 2778 Eum
2354 2733 2581 2806 quum

449 2817 736 2899 vider-0,
787 2814 1146 2910 Arpinum
1183 2810 1525 2909 pergam.
1580 2814 1681 2883 Si.
1712 2814 1889 2884 mihi
1950 2819 2237 2887 veniam
2260 2828 2308 2905 ¹,
2364 2841 2583 2914 quam

450 2940 623 3024 peto
647 2979 666 3012 ,
709 2921 1026 3010 dederit,
1088 2935 1250 2991 utar
1305 2919 1821 3011 conditione23
1865 2925 1978 2994 sin
2018 2926 2300 3015 minus,
2352 2928 2585 3026 impe-

451 3030 713 3108 trabo³
777 3031 1049 3131 aliquid
1104 3057 1143 3102 a
1211 3055 1328 3101 me
1378 3032 1559 3127 ipso,
1621 3032 1785 3120 Ille,
1828 3048 1908 3105 ut
1961 3034 2052 3105 ad
2103 3059 2219 3107 me
2264 3037 2583 3135 scripsit,

448 3146 768 3243 legiones
818 3140 1134 3239 singulas
1169 3140 1415 3239 posuit
1449 3141 1849 3233 Brundisii,
1900 3148 2186 3216 Tarenti
2209 3200 2228 3233 ,
2278 3147 2581 3244 Sipunti.

449 3254 803 3328 Claudere
868 3252 1046 3323 mihi
1101 3249 1389 3321 videtur
1445 3254 1848 3324 maritimos
1902 3256 2166 3343 exitus;
2218 3271 2292 3327 et
2344 3272 2583 3327 tamen

445 3369 600 3465 ipse
638 3369 980 3437 Graeciam
1019 3376 1342 3460 spectare
1381 3364 1627 3459 potius
1646 3416 1666 3450 ,
1708 3388 1931 3461 quam
1966 3366 2339 3463 Hispanias
2358 3364 2412 3437 4.
2444 3365 2586 3439 Sed

523 3558 572 3591 ι.
597 3541 821 3589 Veniam.
842 3543 916 3589 Ut
935 3537 1088 3587 absim
1108 3536 1170 3583 ab
1197 3536 1362 3599 Urbe,
1377 3552 1472 3585 nec
1562 3540 1700 3605 quod
1728 3539 1892 3589 adhuc
1924 3557 2027 3589 non
2062 3542 2269 3593 sustinui
2294 3543 2466 3593 samm.
2492 3548 2583 3594 En.

451 3620 572 3669 mihi
605 3636 800 3668 necesse
843 3620 906 3666 sit
945 3616 1234 3666 sententiam
1275 3616 1435 3665 dicere
1457 3649 1472 3674 ,
1633 3617 1686 3681 4.
1714 3624 1875 3685 Quam
1892 3619 2178 3685 Hispanias.
2200 3622 2366 3669 Primo
2384 3623 2583 3687 quidam

453 3716 606 3765 quum
635 3697 821 3761 aliquid
842 3699 900 3745 in
923 3706 1093 3745 senatu
1120 3706 1294 3743 contra
1325 3698 1474 3744 Pom·
1562 3699 1617 3746 in
1636 3702 1877 3751 Graeciam
1900 3700 2041 3763 nequi
2058 3702 2349 3765 Pompeium
2374 3702 2583 3753 volebat.

448 3781 615 3844 peium
632 3788 818 3842 agetur.
840 3776 1056 3841 Epistola
1085 3774 1137 3824 6.
1165 3777 1306 3823 ΜΔΝ.
1563 3779 1660 3827 sed
1686 3780 1799 3843 quia
1828 3778 2035 3827 navibus
2066 3779 2286 3837 cni-ebat,
2324 3780 2497 3828 maluit
2531 3782 2585 3829 in

523 3876 572 3909 2.
593 3858 676 3906 Al.
701 3878 724 3897 ·=
743 3867 851 3904 utar
867 3854 996 3902 illius
1011 3854 1350 3902 conditione».
1376 3852 1472 3901 Sed
1563 3859 1849 3923 Hispaniam
1912 3859 1983 3907 ire
2002 3894 2017 3919 ,
2066 3874 2129 3906 ne
2173 3870 2343 3908 contra
2400 3860 2585 3923 legato·

449 3940 585 3987 abest
607 3936 736 3984 illius
759 3933 820 3982 ab
846 3933 959 3982 edd.
987 3950 1065 3999 pr.
1095 3938 1144 3985 J.
1165 3935 1230 3982 V.
1257 3936 1310 3980 L.
1562 3936 1815 4001 Pompeii,
1858 3937 1945 4001 qui
1970 3938 2023 3985 in
2048 3936 2257 3987 Galliam
2282 3947 2331 3985 et
2376 3954 2497 3985 mox
2528 3938 2581 3985 in

520 4019 570 4065 3.
619 4014 894 4079 Impetrabo
914 4046 929 4071 ,
976 4022 1072 4060 etc.
1113 4014 1336 4060 Venuste
1379 4026 1474 4075 pro
1564 4012 1749 4061 lulium
1796 4013 2029 4077 impetum
2082 4014 2238 4063 fucere
2281 4016 2581 4079 potuiuent,

446 4096 592 4147 abibo
610 4094 674 4143 ad
691 4092 974 4157 Pompeium
995 4102 1044 4139 et
1063 4092 1168 4153 cius
1185 4089 1475 4145 exercitum,
1564 4102 1819 4155 pugnaret.
1858 4096 1949 4143 En.
