3019 4681
508 285 699 397 6186·
798 294 1343 368 EPISToLAE
1392 298 1586 389 clc.
1641 298 1768 367 ET
1817 294 2181 387 BRUTI,
2234 294 2345 367 ιθ.

508 422 841 520 puerint,
878 444 1097 518 quam
1135 418 1313 491 illud
1342 419 1735 514 judicium,
1768 442 1920 515 quo
1951 442 2106 491 non
2137 420 2368 492 modo
2397 419 2652 494 heredi

510 532 665 627 ejus
686 584 706 621 ,
734 556 956 629 quem
984 529 1217 602 occidi
1238 554 1440 619 ,non
1468 533 1984 619 concesserim,
2007 531 2211 629 quod
2236 534 2317 603 in
2339 530 2472 603 illo
2499 558 2648 604 non

506 642 679 730 tuli,
717 642 841 713 sed
880 666 973 713 ne
1008 640 1193 739 patri
1228 639 1526 736 quidem
1569 662 1771 729 meo,
1813 641 1875 711 si
1917 641 2330 731 reviviscat,
2358 656 2446 713 ut
2465 696 2485 731 ,
2521 666 2648 740 pa·

506 754 731 823 tiente
760 776 916 839 me,
952 750 1113 847 plus
1159 746 1439 847 legibus
1476 772 1559 820 ac
1597 762 1853 820 senatu
1886 748 2131 846 possit.

600 868 715 934 An
759 863 903 933 hoc
946 860 1082 932 tibi
1128 882 1552 959 persuasum
1585 874 1693 931 est
1717 912 1738 947 ,
1777 857 2256 930 fore.ceteros
2299 856 2394 929 ab
2433 882 2526 929 eo
2559 858 2648 929 li·-

510 969 766 1056 beros,
813 995 965 1067 quo
992 971 1221 1041 invito
1256 968 1468 1041 nobis
1494 972 1574 1040 in
1602 971 1738 1041 ista
1771 968 2060 1041 civitate
2096 967 2303 1039 locus
2331 994 2486 1039 non
2519 968 2647 1040 sit?

510 1083 657 1171 Qui
694 1105 915 1179 porro
948 1079 1061 1169 id,
1105 1080 1306 1176 quod
1350 1082 1574 1178 petiS,
1615 1078 1773 1151 fieri
1811 1094 2052 1178 potest
2077 1134 2098 1167 ,
2133 1094 2218 1150 ut
2253 1080 2648 1177 impetres?

504 1193 742 1285 Rogas
774 1190 999 1277 enim,
1040 1190 1211 1261 velit
1246 1214 1381 1261 nos
1426 1191 1660 1261 salvos
1691 1212 1866 1261 esse.
1913 1189 2266 1261 videmur
2295 1212 2473 1286 ergo
2515 1188 2646 1260 tibi

508 1298 812 1371 salutem
844 1301 1246 1397 accepturi,
1289 1322 1520 1396 quum
1557 1299 1776 1369 vitam
1812 1299 2352 1397 acceperimus?
2392 1322 2644 1395 quam,

508 1410 567 1479 si
594 1408 795 1506 prius
826 1408 1255 1479 dimittimus
1288 1408 1718 1505 dignitatem
1745 1423 1818 1479 et
1847 1408 2286 1493 libertatem,
2319 1410 2454 1505 qui
2487 1432 2646 1506 pos-

508 1544 757 1591 sumus
802 1518 1169 1617 accipere?
1205 1524 1315 1590 An
1354 1534 1435 1590 tu
1471 1524 1719 1589 Romae
1755 1518 2116 1604 habitare,
2160 1517 2234 1587 id
2285 1532 2502 1616 putas
2537 1520 2644 1588 in·

510 1628 870 1701 columem
920 1628 1115 1700 esse?
1146 1634 1319 1718 Res,
1360 1652 1509 1699 non
1557 1628 1761 1701 locus
1801 1642 2097 1729 oportet
2132 1641 2428 1725 praestet
2463 1632 2644 1699 istuc

505 1738 704 1809 mihi.
726 1742 979 1836 Neque
1012 1740 1394 1811 incolumis
1423 1738 1528 1809 fui
1558 1744 1828 1811 Caesare
1853 1740 2016 1809 vivo
2033 1792 2052 1826 ,
2089 1741 2226 1809 nisi
2255 1753 2642 1836 postquam

501 1849 683 1921 illud
718 1852 1028 1921 conscivi
1060 1849 1376 1937 facium-33
1416 1872 1662 1948 neque
1689 1872 1998 1947 usquam
2042 1848 2245 1920 exs'ul
2279 1872 2440 1921 esse
2477 1860 2641 1946 pos·-

508 1982 707 2047 sum,
752 1959 929 2030 dum
977 1964 1279 2049 servire,
1316 1975 1389 2032 et
1430 1962 1578 2057 pati
1612 1960 2127 2049 contumeliam,
2171 1959 2385 2058 pejus
2421 1960 2642 2031 odero

504 2070 711 2140 malis
746 2068 1089 2141 omnibus
1126 2070 1299 2141 aliis.
1341 2074 1604 2141 Nonne
1648 2070 1790 2141 hoc
1833 2071 2052 2141 estin
2095 2070 2388 2141 easdem
2439 2086 2640 2141 tene·

500 2179 668 2251 bras
704 2180 1079 2267 recidisse,
1120 2189 1399 2278 quum⁹
1434 2180 1530 2251 ab
1565 2204 1692 2268 eo,
1721 2182 1848 2277 qui
1886 2182 2175 2277 tyranni
2211 2204 2488 2252 nomen
2525 2180 2642 2251 ad-

503 2292 706 2362 scivit
749 2290 882 2362 sibi
944 2291 1213 2388 (quum
1259 2294 1335 2363 in
1386 2294 1631 2389 graecis
1671 2288 2080 2362 civitatibus
2125 2288 2336 2360 liberi
2395 2305 2640 2388 tyran·-

500 2423 806 2489 norum,
843 2403 1205 2497 oppressis
1238 2399 1413 2490 illis,
1444 2399 1700 2472 eodem
1747 2400 2104 2499 supplicio
2143 2397 2635 2497 afficiantur),

498 2510 805 2607 petitur,
863 2523 946 2579 ut
979 2511 1301 2583 vindices
1338 2526 1560 2609 atque
1609 2535 2080 2608 oppressores
2125 2509 2640 2583 dominationis

498 2617 669 2690 salvi
700 2618 888 2689 sint?
905 2625 1105 2690 Hanc
1126 2645 1264 2717 ego
1292 2623 1652 2694 civitatem
1679 2619 1924 2697 videre
1949 2620 2164 2691 velim
2183 2675 2202 2709 ,
2231 2637 2358 2692 aut
2387 2638 2636 2720 putem

500 2729 719 2798 ullam
748 2782 767 2814 ,
818 2751 977 2824 quae
1034 2754 1126 2801 ne
1184 2733 1516 2802 traditam
1571 2729 1874 2827 quidem
1927 2745 2147 2828 atque
2201 2731 2636 2803 inculcatam

498 2837 899 2910 libertatem
946 2841 1270 2939 recipere
1326 2840 1602 2938 possit?
1642 2839 1954 2938 plusque
1999 2844 2250 2911 timeat
2293 2842 2370 2910 in
2409 2865 2637 2940 puero

498 2971 765 3020 nomen
802 2945 1064 3020 sublati
1096 2952 1279 3046 regis
1301 3002 1319 3039 ,
1352 2973 1572 3048 quam
1608 2947 1925 3020 confidat
1947 2948 2086 3020 sibi
2107 3003 2125 3038 ,
2165 2973 2396 3046 quum
2431 2951 2636 3022 illum

500 3062 775 3158 ipsum,
836 3063 963 3156 qui
1015 3061 1359 3131 maximas
1402 3085 1581 3158 opes
1625 3057 2000 3148 habuerit,
2043 3083 2450 3157 paucorum
2479 3049 2636 3132 =vir-

494 3185 651 3242 tute
688 3169 1049 3241 sublatum
1088 3169 1371 3243 videat?

594 3283 713 3351 Me
740 3302 914 3351 vero
942 3279 1247 3378 posthac
1272 3305 1365 3352 ne
1391 3278 2014 3353 commendaveris
2049 3281 2308 3350 Caesari
2339 3294 2475 3350 tuo
2497 3306 2518 3369 3
2543 3307 2632 3351 ne

497 3379 569 3463 te
616 3388 913 3487 quidem
955 3390 1229 3489 ipsum,
1281 3392 1339 3464 si
1384 3417 1498 3462 me
1541 3391 1802 3462 audies.
1849 3389 2076 3461 Valde
2127 3414 2290 3460 care
2331 3393 2632 3461 aestimas

496 3511 690 3573 tot¹⁰
736 3525 1006 3588 annos»,
1068 3517 1250 3599 quot
1289 3504 1423 3573 ista
1466 3515 1635 3572 aetas
1677 3500 1976 3598 recipit,
2023 3503 2084 3570 si
2129 3513 2434 3598 propter
2477 3524 2626 3571 eam

497 3633 781 3680 causam
814 3633 1043 3708 puero
1077 3613 1192 3682 isti
1228 3610 1757 3709 supplicaturus
1787 3634 1884 3680 es.
1921 3607 2204 3679 Deinde
2241 3605 2447 3704 quod
2475 3607 2630 3706 pul-

498 3719 852 3790 cherrime
890 3717 1156 3808 fecisti,
1196 3747 1277 3794 ac
1304 3720 1477 3791 facis
1506 3721 1582 3790 in
1621 3717 1979 3806 Antonio,
2013 3714 2174 3786 vide
2213 3741 2305 3786 ne
2330 3740 2625 3787 conver-

496 3841 687 3900 tatur
713 3851 755 3895 a
782 3827 991 3900 laude
1023 3833 1315 3902 maximi
1348 3831 1570 3901 animi
1607 3829 1697 3900 ad
1727 3829 2156 3926 opinionem
2193 3821 2620 3896 formidinis.

567 3981 615 4026 9.
638 3959 736 4008 Alii
772 3959 935 4009 delent
970 3979 1135 4026 quum.
1152 3968 1186 4014 J
1190 4003 1200 4012 .
1227 3967 1289 4012 V.
1308 3967 1362 4013 L.
1597 3967 1784 4012 Ernest.
1805 3961 1901 4012 Sed
1915 3963 2076 4008 minus
2093 3957 2290 4023 elegans
2303 3959 2464 4008 oratio
2481 3971 2617 4014 unet.

570 4058 645 4089 ιο.
670 4038 938 4085 Deleverim
962 4051 1056 4100 tot,
1078 4053 1125 4090 et
1145 4045 1342 4107 legerim
1365 4061 1505 4108 qnos.
1597 4055 1762 4092 nostra
1791 4041 1986 4105 quidem
2019 4039 2275 4088 sententia.
2300 4041 2351 4088 J.
2371 4041 2436 4089 V.
2467 4041 2522 4088 1..
2553 4063 2620 4076 -·
