3019 4681
670 299 1179 372 EPISTOLAE
1227 302 1363 370 AD
1410 301 1898 387 ATTICUM,
1947 305 2106 390 XI,
2158 326 2271 371 21.
2425 304 2566 378 215

432 447 521 496 ex
558 447 678 508 ec,
712 422 804 498 de
839 447 991 519 quo
1016 420 1287 494 scribis.
1334 422 1461 494 Ille
1482 420 1516 466 ⁶
1553 422 1645 494 ad
1673 421 1808 494 kal.
1841 437 2023 520 sept.
2073 423 2376 499 Athenis
2413 452 2565 500 non

428 533 717 606 videtur
778 531 959 607 fore.
1020 531 1251 604 Multa
1305 557 1473 604 eum
1518 535 1596 604 in
1650 534 1814 606 Asia
1867 530 2209 604 dicuntur
2260 539 2562 634 morari,

430 643 739 716 maxime
787 641 1256 714 Pharnaces4.
1314 645 1536 740 Legio
1584 667 1688 714 111
1718 697 1738 731 ‚
1799 641 1890 713 ad
1959 669 2176 739 quam
2247 647 2564 742 primum

430 753 624 824 Sulla
648 749 914 840 venit⁵‚
933 751 1291 850 lapidibus
1320 754 1545 848 egisse
1569 750 1944 827 hominem
1967 753 2252 826 dicitur.
2273 755 2558 827 Nullam

427 875 685 959 putant
735 885 810 934 se
854 877 1404 933 commoturam.
1460 861 1679 932 Illum
1735 860 2177 934 arbitrantur
2227 866 2560 962 protinus

423 973 651 1043 Patris
688 972 763 1042 in
794 972 1127 1044 Siciliam.
1154 970 1331 1058 Sed,
1371 971 1431 1042 si
1466 970 1610 1041 hoc
1639 973 1736 1042 ita
1766 986 1907 1060 est,
1946 971 2092 1044 huc
2122 971 2400 1044 veniat⁶
2428 999 2559 1045 ne-

426 1107 625 1155 cesse
675 1098 803 1154 est.
852 1091 953 1155 Ac
986 1082 1277 1154 mallem
1321 1083 1592 1153 illum⁷.
1629 1082 1893 1180 Aliquo
1941 1087 2133 1153 enim
2181 1083 2356 1154 hinc
2393 1109 2559 1155 eva-

422 1193 671 1264 sissem
688 1190 740 1263 ⁸.
784 1199 849 1267 N
855 1219 995 1266 unc
1035 1208 1321 1280 metue,
1368 1219 1460 1264 ne
1505 1195 1597 1264 sit
1635 1193 2242 1291 exspectandum3
2282 1209 2354 1266 et
2390 1219 2558 1266 cum

418 1303 718 1400 reliquis
754 1306 969 1379 etiam
1004 1305 1145 1377 loci
1169 1305 1473 1404 gravitas
1511 1303 1629 1374 hic
1665 1305 2061 1382 miserrime
2103 1302 2554 1403 perferenda.

420 1415 639 1506 Quod
708 1440 825 1489 me
882 1440 1169 1503 mones,
1224 1429 1307 1486 ut
1376 1439 1459 1486 ca
1517 1412 1835 1502 videam,
1896 1439 2058 1510 quae
2122 1414 2214 1488 ad
2271 1430 2556 1514 tempus

417 1523 996 1614 accommodem,
1036 1526 1343 1596 facerem
1367 1577 1388 1612 ‚
1434 1527 1495 1594 si
1541 1550 1658 1596 res
1710 1537 2080 1622 pateretur
2103 1581 2122 1612 ‚
2175 1541 2248 1598 et
2291 1527 2350 1598 si
2403 1526 2554 1599 ullo

416 1634 640 1706 modo
676 1634 832 1707 fieri
859 1650 1123 1734 posset.
1162 1635 1304 1706 Sed
1344 1637 1420 1705 in
1452 1637 1669 1706 tantis
1706 1636 1971 1705 nostris
2002 1636 2312 1732 peccatis
2334 1691 2353 1722 ‚
2392 1651 2551 1707 tan-

414 1745 653 1841 tisquc
693 1760 1111 1816 nostrorum
1132 1755 1165 1803 9
1195 1745 1511 1838 injuriiS,
1555 1745 1736 1829 nihil
1763 1757 1905 1832 est,
1935 1743 2136 1841 quod
2166 1760 2288 1815 aut
2315 1743 2551 1818 facere

415 1851 712 1952 dignum
753 1852 1002 1942 nobis,
1040 1868 1165 1924 aut
1202 1852 1536 1924 simulare
1565 1855 1856 1952 possim.
1902 1853 2188 1925 Sullana
2220 1853 2554 1942 confers;

412 1965 489 2034 in
527 1962 797 2064 quibus
825 1965 1066 2042 omnia
1087 1987 1353 2060 genere
1390 1965 1548 2060 ipso
1576 1961 2107 2063 praeclarissima
2129 1973 2191 2006 ¹⁰
2218 1961 2549 2052 fuerunt,

412 2075 915 2149 moderatione
976 2063 1223 2176 paullo
1272 2075 1519 2176 minus
1581 2086 1997 2168 temperata.
2073 2077 2236 2144 Haec
2305 2061 2548 2145 autem

412 2183 763 2284 ejusmodi
806 2199 979 2256 sunt
997 2238 1017 2271 ‚
1042 2197 1127 2254 ut
1156 2181 1536 2254 obliviscar
1561 2185 1702 2253 mei
1720 2191 1776 2226 ¹¹
1804 2211 1825 2272 ς
1867 2182 2242 2279 multoque
2270 2178 2549 2275 malim‚'
2579 2279 2582 2282 ἡ

413 2285 614 2395 q'uod
673 2293 1017 2367 omnibus
1075 2297 1166 2365 sit
1220 2293 1478 2367 melius
1512 2349 1533 2381 ‚
1600 2317 1914 2396 quorum
1969 2290 2258 2365 utilitati
2311 2319 2545 2367 meam

404 2406 637 2501 junxi.
673 2410 783 2476 Tu
837 2405 925 2476 ad
964 2429 1081 2477 me
1129 2418 1372 2477 tamen
1419 2404 1632 2475 velim
1677 2430 1898 2503 quam
1952 2406 2335 2501 saepissime
2371 2407 2542 2478 scri·

406 2514 569 2607 bas,
607 2540 842 2614 eoque
876 2518 1134 2614 magiS,
1172 2514 1372 2614 quod
1410 2530 1757 2614 praeterea
1788 2540 2008 2585 nemo
2045 2514 2319 2587 scribit:
2363 2541 2443 2589 ac
2483 2518 2543 2588 si

478 2672 529 2720 3.
554 2670 667 2720 Ille.
696 2671 869 2719 Caesar.
896 2672 987 2719 En.

478 2758 531 2806 4.
572 2748 869 2799 Pharnaces.
898 2750 998 2813 Qui
1026 2751 1241 2797 Pontum
1274 2764 1425 2797 occu·

404 2842 628 2893 paveret,
652 2840 701 2877 et
732 2844 1022 2877 excussurus
1044 2828 1151 2877 siue
1166 2828 1299 2877 bello
1325 2844 1425 2877 non

402 2908 677 2959 videbatur.
704 2910 920 2960 Mutum.

476 2990 527 3037 5.
572 2986 725 3037 Venit.
764 2989 836 3036 Ut
876 2988 1091 3052 legiones
1120 2987 1173 3035 in
1210 2986 1420 3035 Siciliam

388 3066 673 3125 ‚traduceret
699 3082 712 3115 :
750 3082 851 3130 quo
888 3066 1046 3115 Caesar
1072 3065 1229 3115 Patris
1262 3065 1420 3112 iturus

402 3155 519 3194 erat.
546 3146 699 3193 Inna.

472 3224 526 3274 6.
562 3225 754 3273 Veniat.
786 3224 959 3283 (ἴων,
984 3222 1047 3272 ad
1072 3222 1315 3272 sedandos
1340 3235 1421 3271 tu-

400 3304 583 3353 multus
618 3304 855 3363 militum,
896 3306 983 3369 qui
1013 3304 1191 3352 nolunt
1222 3316 1335 3352 ante
1368 3304 1421 3351 iu

400 3383 611 3431 Siciliam
640 3382 859 3444 trajicere
876 3418 893 3444 ‚
924 3384 1017 3430 nisi
1044 3382 1255 3446 premiis
1279 3398 1420 3430 eece-

396 3464 513 3527 ptis.

474 3559 520 3605 7.
573 3542 773 3590 Mallem
828 3538 981 3589 illum.
1031 3539 1231 3587 Mallem
1282 3538 1419 3586 illum

401 3620 710 3683 (Cesar-em)
750 3620 886 3684 prius
924 3620 1125 3667 venisse.
1161 3620 1323 3667 Coun.
1349 3644 1420 3655 —-

396 3700 607 3749 Videtur
634 3701 836 3749 omniuo
859 3699 1156 3763 perspexisse
1174 3696 1419 3746 Corradus

396 3779 449 3827 id
466 3814 480 3838 ,
506 3770 641 3843 quod
668 3780 935 3844 exprimere
959 3776 1118 3825 uoluit
1142 3777 1315 3826 Cicero
1331 3810 1345 3833 ‚
1370 3786 1421 3823 et

397 3856 593 3907 volebat
622 3857 859 3922 intelligi:
890 3872 1047 3923 neque
1075 3856 1217 3904 aliam
1239 3854 1419 3904 admit-

397 3948 510 3987 tunt
530 3938 971 4003 interpretationem
1000 3953 1054 3984 ea
1076 3952 1185 3999 quae
1208 3951 1421 4001 sequun-

398 4026 495 4065 tur.
541 4018 653 4065 Hoc
697 4032 813 4081 ergo
851 4017 953 4065 ait:
996 4018 1045 4065 si
1086 4016 1223 4081 prins
1260 4016 1420 4067 Cesar

1514 2669 1754 2728 venisset«,
1789 2684 1903 2717 cum
1922 2684 1983 2719 eo
2002 2669 2315 2733 colloquutus
2336 2705 2351 2730 ‚
2389 2670 2539 2718 alium

1515 2748 1635 2796 mihi
1656 2760 1906 2813 receptum
1928 2749 2206 2812 quesissent
2221 2784 2236 2807 ‚
2266 2764 2322 2797 ac
2340 2750 2536 2811 jamdu-

1515 2827 1634 2875 dum
1657 2828 1878 2877 molestia
1905 2842 2114 2877 carerem
2142 2830 2291 2889 hujus
2318 2844 2535 2879 eommo-

1514 2908 1734 2957 rationis.
1751 2910 1900 2959 Omv.
1915 2907 2234 2971 -Mougalt.
2263 2920 2316 2955 et
2335 2910 2385 2958 J.
2395 2910 2459 2957 V.
2479 2912 2534 2957 L.

1506 2988 1888 3051 interpretantur
1911 3001 1924 3035 τ
1948 2987 2146 3035 Mallem
2167 2986 2306 3035 illum
2327 3004 2428 3035 non
2449 3004 2532 3036 ve·

1511 3068 1632 3114 nire.
1659 3067 1862 3115 Rectius
1880 3103 1895 3126 ‚
1927 3074 1982 3112 ut
2001 3066 2198 3129 opinor.
2225 3068 2318 3114 En.

1585 3146 1634 3194 8.
1674 3145 1754 3192 At.
1783 3166 1808 3187 α
1825 3144 1990 3207 aliquo
2016 3146 2148 3191 euim
2174 3144 2325 3192 modo
2351 3146 2404 3194 h.
2438 3160 2480 3192 e.
2509 3169 2533 3189 .-

1511 3224 1593 3271 Fr.
1616 3224 1792 3272 sanius
1815 3240 1842 3271 e
1859 3223 1996 3271 libris
2013 3222 2112 3269 suis
2130 3222 2200 3269 sic
2217 3222 2398 3279 edidit,
2419 3243 2446 3264 «r
2461 3226 2537 3271 Ao

1506 3302 1696 3350 mallem
1715 3303 1853 3351 illum
1870 3302 2054 3366 aliquo.
2073 3301 2198 3349 Nem
2216 3300 2334 3348 hine
2353 3301 2534 3349 evasis·

1507 3400 1608 3431 sem
1633 3404 1674 3429 n.
1711 3380 1908 3431 Sehfitz.
1946 3379 2086 3427 -nlio
2112 3394 2212 3444 quo
2235 3394 2290 3427 a:
2325 3380 2532 3431 subaud.

1492 3461 1600 3517 ,iret
1627 3462 1806 3510 Caesar.
1826 3462 1953 3507 Tum
1971 3459 2102 3506 enim
2130 3458 2236 3504 sine
2261 3458 2364 3517 ejus
2392 3456 2532 3507 venia

1508 3542 1770 3588 Brundisio
1787 3541 2058 3587 evasissem.
2083 3538 2135 3585 J.
2154 3540 2218 3583 V.
2239 3538 2294 3585 L.

1581 3634 1630 3681 9.
1675 3621 1982 3666 Nostrorum.
2031 3617 2096 3678 Q.
2141 3617 2204 3677 Q.
2247 3626 2296 3663 et
2331 3616 2533 3667 sonmo

1506 3698 1763 3747 Terentiae.

1584 3792 1664 3826 ro.
1715 3773 2112 3824 Praectmissema.
2157 3775 2286 3838 Quin
2335 3776 2388 3823 in
2427 3778 2534 3838 ejus

1508 3872 1650 3905 causa
1675 3854 1932 3918 optimates
1953 3864 2002 3901 et
2026 3854 2144 3901 boni
2167 3855 2300 3902 cives
2317 3856 2530 3905 fuerunt.

1585 3952 1666 3984 η.
1697 3936 1852 3984 Abest
1878 3936 1988 3983 mei.
2015 3934 2224 3984 Addidit
2251 3936 2536 3995 Munatium

1506 4014 1720 4081 probant
1739 4012 1984 4073 Gravius,
2007 4014 2197 4065 Ernest.
2217 4014 2317 4063 alii.
2333 4016 2454 4064 LV.
2472 4018 2531 4065 1..
