3019 4681
479 317 612 402 134
1105 319 1204 388 M.
1257 319 1335 386 Τ.
1389 317 1974 386 CICERONIS

471 440 884 512 Vestorium
925 442 1166 510 statim
1205 435 1298 508 de
1331 437 1603 520 Tullia;
1652 461 1733 509 ac
1779 436 1986 508 valde
2022 437 2390 565 requirere
2414 436 2443 482 ⁵
2478 463 2599 511 so-

471 548 682 622 lebat.

567 653 1046 730 Commodius
1093 670 1332 727 tecum
1382 659 1747 728 Vectenus
1796 669 1906 728 est
1954 655 2335 752 loquutus,
2377 681 2599 754 quam

469 769 558 840 ad
613 792 730 839 me
791 767 1188 863 scripserat.
1241 767 1381 838 Sed
1435 767 1681 838 mirari
1736 769 1905 838 satis
1960 763 2323 836 hominis⁶
2374 767 2601 863 negli-

471 881 784 973 gentiam
849 900 1000 945 non
1075 899 1288 972 quen.
1363 877 1612 965 Quum
1676 880 1871 948 enim
1936 876 2115 946 mihi
2176 875 2603 948 Philotimus

471 986 766 1056 dixisset
789 1039 808 1072 ,
849 987 1001 1053 H-S
1027 1009 1070 1052 1.
1111 1007 1346 1055 emere
1372 984 1460 1055 de
1501 987 1849 1057 Canuleio
1887 984 2377 1057 deversorium
2423 985 2604 1057 illud

473 1119 720 1194 posse,
761 1095 1062 1163 minoris
1101 1094 1314 1164 etiam
1354 1110 1768 1194 empturum
1791 1152 1812 1186 ,
1847 1097 1907 1168 si
1933 1101 2335 1168 Vectenum
2367 1120 2607 1194 rogas-
2650 1149 2655 1155 -

474 1231 662 1290 sem;
705 1207 988 1301 rogavi,
1027 1219 1140 1292 ut,
1185 1206 1246 1278 si
1281 1205 1458 1303 quid
1497 1221 1742 1305 posset
1764 1263 1784 1296 ,
1821 1234 1909 1280 ex
1944 1231 2028 1278 ea
2066 1231 2343 1279 summa
2378 1206 2609 1278 detra-

477 1314 718 1403 heret3
761 1315 1090 1412 promisit
1120 1343 1137 1384 ε
1178 1313 1268 1385 ad
1307 1339 1426 1387 me
1461 1340 1719 1414 nuper,
1753 1343 1827 1388 se
1852 1320 2000 1388 H-s
2036 1343 2179 1388 xxx
2215 1318 2501 1406 emisse3
2527 1331 2607 1387 ut

479 1424 866 1498 scriberem
887 1480 908 1513 ‚
951 1429 1068 1498 cui
1110 1425 1366 1498 vellem
1400 1425 1679 1515 addici;
1727 1425 1915 1500 diem
1969 1427 2289 1526 pecuniae
2328 1425 2425 1497 id.
2470 1451 2607 1496 no·

479 1533 748 1606 vembr.
781 1558 954 1606 esse.
1005 1536 1361 1633 Rescripsi
1393 1538 1457 1606 ei
1491 1536 2012 1609 stomachosius
2031 1547 2085 1622 ⁷,
2114 1561 2279 1607 cum
2302 1535 2471 1630 joco
2503 1548 2609 1605 ta-

481 1670 646 1717 men
683 1644 1029 1717 familiari.
1075 1649 1327 1733 Nunc,
1369 1651 1719 1744 quoniam
1763 1649 1910 1745 agit
1956 1645 2383 1730 liberaliter,
2429 1643 2609 1719 nihil

481 1779 740 1826 accuso
773 1754 1187 1841 hominem,
1225 1757 1625 1855 scripsique
1662 1757 1753 1829 ad
1791 1783 1997 1842 eum,
2031 1781 2149 1828 me
2180 1779 2221 1826 a
2256 1771 2326 1826 te
2360 1756 2615 1828 certio-

478 1890 634 1936 rem
679 1889 832 1938 esse
876 1851 1169 1936 factum.
1215 1869 1365 1954 Tu,
1403 1864 1494 1936 de
1534 1881 1663 1938 tuo
1699 1868 1956 1940 itinere
1990 1865 2167 1965 quid
2206 1881 2279 1937 et
2316 1854 2613 1963 quando

481 1976 790 2071 cogites,
829 1973 1040 2046 velim
1077 1999 1224 2048 me.
1231 1979 1614 2048 certiorem
1650 1975 1887 2050 facias.
1922 1983 2004 2050 Α.
2046 1977 2115 2050 d.
2147 2002 2240 2047 xv
2276 1974 2413 2046 kal.
2448 1976 2610 2046 mai.

1537 2079 1571 2120 l

481 2167 560 2213 tu,
586 2165 634 2202 et
659 2155 820 2218 patrui
843 2171 944 2202 este
964 2155 1168 2205 soleant.
1195 2157 1360 2207 Coun.
1589 2151 1888 2216 Longiorem
1922 2153 2052 2201 enim
2072 2153 2219 2200 fnisse
2244 2153 2615 2216 impetraturum

558 2236 604 2282 5.
625 2232 902 2298 Requirere.
921 2236 988 2282 Ut
1007 2234 1102 2281 sibi
1119 2236 1503 2286 commendam
1594 2232 1637 2280 si
1660 2233 2006 2284 contendisset.
2029 2233 2081 2282 J.
2096 2233 2159 2282 V.
2180 2234 2233 2280 1..
2259 2247 2378 2279 vero
2406 2231 2459 2278 in
2480 2229 2616 2279 notis

486 2311 696 2377 aliquem
719 2327 951 2363 meorum.
980 2313 1126 2362 Mur.
1594 2327 1696 2361 non
1709 2311 1935 2377 intelligit
1946 2311 2009 2360 de
2024 2309 2102 2360 die
2114 2309 2373 2359 solutionis
2386 2308 2618 2368 breviori,

558 2395 610 2442 6.
638 2394 872 2443 Hominis.
901 2396 1147 2457 Gravius,
1165 2394 1393 2446 nominis.
1411 2398 1507 2445 Ne-
1594 2392 1683 2439 ted
1700 2392 1837 2456 quod
1864 2392 2135 2456 praestituta
2156 2389 2343 2440 fuisset
2372 2388 2431 2437 ld
2454 2398 2615 2439 tutem

475 2473 788 2539 gligeneiam.
815 2476 915 2538 Qui
943 2485 1040 2523 tam
1065 2475 1366 2539 negligenter
1393 2494 1506 2525 eum
1594 2472 1893 2521 Ciceronem·
1903 2488 2027 2537 agre
2049 2471 2188 2517 serre.
2217 2471 2308 2517 En.

485 2552 718 2601 Canuleio
767 2553 828 2601 (le
881 2553 960 2602 die
1002 2554 1259 2603 solutionis
1309 2556 1503 2621 egisset.
1668 2558 1716 2603 7·
1735 2540 2107 2591 Smmasslwflm·
2129 2540 2277 2590 Conf-
2300 2538 2394 2587 inf·
2409 2553 2485 2603 ΟΡ·
2506 2552 2590 2586 ¹¹·

1143 2872 1744 2953 EPISTOLA
1814 2872 1966 2949 VI.

491 3056 578 3113 De
609 3052 817 3111 itinere
843 3071 950 3111 suo
979 3074 993 3108 :
1021 3051 1096 3111 de
1124 3056 1199 3124 Q.
1235 3052 1414 3115 fratre
1440 3050 1727 3128 regend03
1754 3049 1827 3109 de
1861 3048 2097 3120 nuntio,
2124 3067 2299 3125 quem
2324 3066 2434 3124 pro
2462 3058 2621 3103 certo

569 3147 811 3220 habeat,
863 3148 1204 3227 Pompeium
1245 3148 1306 3205 in
1357 3148 1601 3209 Galliam
1646 3146 1951 3225 proficisci.
1994 3145 2099 3223 (In
2136 3148 2422 3215 Cumano,
2466 3162 2619 3201 anno

569 3250 639 3305 U.
671 3250 732 3304 C.
764 3253 910 3317 704,
939 3263 1131 3302 mense
1157 3243 1342 3321 aprili.
1369 3242 1391 3321 )

1159 3408 1474 3473 CICERO
1519 3408 1845 3473 ATTICO
1890 3408 1955 3472 S.

589 3552 710 3619 Mn
779 3550 1013 3623 adhuc
1081 3548 1263 3619 nihil
1287 3604 1306 3638 ,
1364 3563 1623 3647 praeter
1684 3562 2183 3647 tempestatem
2206 3602 2226 3636 ‚
2268 3562 2616 3619 moratur.

493 3666 780 3730 Astute¹
823 3659 1002 3730 nihil
1037 3684 1196 3733 sum
1234 3672 1566 3746 acturus;
1598 3656 1721 3729 fiat
1757 3661 1834 3729 in
1862 3660 2204 3754 Hispania
2229 3655 2619 3757 quidlibetz

492 3784 568 3838 et
609 3782 850 3839 tamen
895 3770 1179 3845 retice².
1219 3773 1414 3841 Meas
1459 3772 1931 3865 cogitationes
1980 3793 2233 3841 omnes
2275 3767 2621 3866 explicavi

571 3956 613 3987 t.
651 3942 837 3989 Amne.
860 3942 1180 4005 Eumaeus,
1205 3939 1325 4005 quid
1353 3940 1405 3986 in
1422 3940 1511 3988 Hi·
1604 3940 1655 3999 8,
1678 3950 1726 3987 et
1746 3939 1929 3989 Coelius
1947 3956 2027 4005 ep.
2056 3956 2118 3988 xo
2134 3940 2281 4003 hujus
2302 3938 2433 3987 libri.
2458 3938 2623 3989 Con..

486 4020 651 4083 spania
671 4030 878 4084 geretur,
905 4031 958 4067 ut
981 4036 1056 4068 me
1078 4021 1234 4069 Tullia
1253 4027 1417 4067 monet
1434 4034 1513 4083 ep.
1677 4034 1727 4068 a.
1754 4020 1835 4069 Al.
1864 4019 2139 4069 πείσαιεν.
2162 4019 2211 4069 J.
2232 4018 2297 4067 V.
2322 4020 2377 4067 L.
