3019 4681
478 323 619 410 254
1113 326 1211 392 M.
1262 325 1337 391 T.
1400 323 1966 393 CICERONIS

468 498 2414 527 mssmmmmmmmmmmmmmm
2423 503 2512 524 m
2519 507 2608 524 w—

1092 669 1686 748 EPISTOLA
1739 671 1812 747 X
1834 671 1986 748 IX.

470 859 561 914 De
584 855 718 912 loco
744 850 820 910 ad
841 851 1033 907 fanum
1048 845 1254 906 Tulliae
1278 845 1692 904 exstruendum
1717 843 2016 922 eligendo;
2049 845 2123 904 de
2146 847 2359 905 Coccio
2384 846 2608 907 Libone

464 981 471 988 ·
552 965 611 1010 et
632 948 901 1029 judicatu
936 965 1041 1002 suo
1084 963 1212 1022 quae
1239 941 1465 1000 Atticus
1501 942 1686 1020 egerit
1715 939 1827 999 sibi
1858 940 2138 1021 probari;
2185 941 2258 1001 de
2295 945 2607 1022 sponsione

552 1068 656 1108 sua
682 1064 793 1126 pro
822 1042 1165 1111 Cornificio;
1192 1039 1266 1098 de
1288 1039 1530 1098 Antonii
1557 1039 1746 1099 reditu
1764 1061 1780 1112 ;
1799 1037 1874 1097 de
1897 1043 2096 1098 Pansae
2122 1040 2513 1119 profectione3
2534 1041 2606 1100 de

552 1141 935 1204 transactione
972 1157 1103 1198 cum
1140 1135 1428 1196 Terentia.
1466 1135 1489 1216 (
1506 1141 1769 1208 Asturae‚
1813 1155 1965 1195 anno
1999 1139 2074 1197 U.
2120 1141 2184 1196 C.
2223 1137 2369 1211 708,
2415 1157 2606 1197 mense

549 1242 776 1303 martio.
794 1241 818 1318 )

1148 1344 1463 1430 CICERO
1511 1341 1818 1408 ATTICO
1867 1344 1931 1408 S.

572 1505 710 1573 Es‘r
746 1499 866 1570 hic
893 1505 917 1540 ¹
968 1492 1266 1592 quidem
1309 1489 1514 1563 locus
1555 1517 1917 1582 amoenu5‚
1960 1509 2034 1565 et
2073 1494 2150 1563 in
2188 1497 2367 1565 mari
2411 1495 2605 1592 ipsc,

473 1613 600 1711 qui
652 1625 727 1682 et
764 1607 1018 1694 Antio,
1057 1619 1139 1692 et,
1167 1605 1449 1676 Circaeis
1488 1601 1761 1700 adspici
1799 1607 2027 1702 possit
2064 1631 2082 1674 :
2127 1605 2253 1676 sed
2290 1604 2606 1676 ineunda

475 1723 688 1796 nobis
726 1721 908 1792 ratio
947 1731 1101 1805 est,
1151 1707 1770 1811 quemadmodum
1818 1715 1893 1784 in
1953 1715 2154 1787 omni
2207 1715 2605 1787 mutatione

470 1835 972 1914 dominorum,
1012 1829 1141 1924 qui
1183 1822 1746 1895 innumerabiles
1782 1818 1938 1894 fleri
1979 1839 2284 1922 possunt
2323 1827 2400 1894 in
2440 1822 2603 1894 infi-
2653 1907 2660 1914 .

468 1949 621 2017 nita
664 1941 1079 2041 posteritate
1119 1932 1234 2032 (si
1273 1932 1496 2004 modo
1544 1932 1697 2004 haec
1750 1931 2117 2028 stabunt),
2178 1933 2358 2006 illud
2400 1939 2605 2032 quasi

470 2065 975 2127 consecratum
997 2068 1371 2117 remanere
1390 2047 1640 2142 possit.
1671 2041 2022 2141 Equidem
2041 2045 2191 2141 jam
2223 2043 2405 2116 nihil
2426 2071 2604 2144 egeo

466 2159 975 2260 vectigalibus²
993 2212 1013 2245 ‚
1044 2173 1117 2228 et
1141 2179 1363 2253 parvo
1402 2167 1789 2227 contentus
1817 2179 1972 2227 esse
1999 2181 2317 2254 possum.
2345 2156 2602 2253 Cogito

469 2273 836 2347 interdum
891 2284 1092 2340 trans
1138 2255 1453 2337 Tiberim
1516 2261 1767 2337 hortos
1843 2265 2128 2364 aliquos
2186 2291 2436 2365 parare
2463 2321 2482 2353 ‚
2533 2281 2603 2337 et

468 2384 765 2485 quidem
805 2379 903 2452 ob
940 2378 1125 2451 hanc
1165 2401 1450 2448 causam
1486 2380 1796 2450 maxime
1837 2408 1853 2449 :
1900 2377 2084 2449 nihil
2126 2380 2317 2450 enim
2351 2374 2602 2459 videm

462 2494 675 2595 ¹quod
711 2508 857 2564 tam
891 2487 1177 2562 celebre
1211 2510 1365 2559 esse
1398 2491 1672 2585 possit;
1706 2486 1831 2559 sed
1857 2510 2046 2587 quos
2068 2543 2086 2577 ,
2131 2510 2373 2560 coram
2408 2486 2601 2559 vide-

465 2606 711 2677 bimus
742 2632 757 2673 :
794 2602 890 2672 ita
919 2613 1195 2685 tamen,
1232 2610 1313 2668 ut
1340 2595 1477 2667 hac
1502 2609 1744 2669 aestate
1780 2593 2029 2670 fanum
2052 2597 2470 2670 absolutum
2488 2600 2598 2668 sit.

469 2723 579 2788 Tu
614 2730 857 2785 tamen
894 2735 1062 2782 cum
1090 2708 1338 2806 Apella
1372 2707 1555 2779 Chio
1593 2705 1872 2780 confice
1905 2707 1996 2780 de
2033 2710 2390 2780 columnis
2407 2706 2460 2778 3.
2490 2712 2600 2780 De

468 2827 772 2897 Cocceio
815 2834 886 2892 et
920 2818 1197 2891 Libone
1240 2841 1401 2915 quae
1455 2816 1706 2888 scribis
1733 2872 1753 2903 ‚
1800 2817 2133 2916 approbo
2167 2844 2187 2907 ;
2250 2821 2600 2905 maxime,

468 2934 673 3037 quod
720 2930 811 3005 de
862 2924 1241 3025 judicatu⁵
1282 2952 1470 3000 meo.
1531 2932 1642 3000 De
1691 2921 2046 3029 sponsu5,
2091 2931 2149 3001 si
2204 2926 2384 3027 quid
2433 2955 2594 3029 per-

1576 3126 1776 3172 maculis
1817 3136 1974 3173 essent
2025 3126 2403 3184 uersicoloribus
2430 3161 2445 3185 ,
2495 3142 2598 3185 non

1577 3205 1734 3251 solum
1769 3205 1833 3253 ad
1867 3205 2184 3269 elegantiam,
2235 3206 2320 3254 sed
2357 3206 2500 3254 etiam
2535 3206 2598 3254 ad

543 3150 588 3182 ι.
614 3129 721 3179 Ηίσ.
740 3133 922 3178 Astura
944 3126 1116 3174 insula.
1134 3126 1265 3173 Infra
1286 3160 1301 3181 ‚
1330 3141 1408 3189 ep.
1432 3133 1483 3181 4.

538 3232 566 3261 2
578 3250 588 3261 .
620 3216 669 3258 V
664 3208 965 3276 ectigale'bus.
988 3206 1255 3270 Vectigalia
1273 3206 1355 3253 hic
1374 3215 1487 3253 sunt

466 3294 649 3343 reditus
673 3304 721 3340 et
749 3288 1009 3354 pensiones
1033 3300 1142 3350 quae
1164 3300 1224 3333 ex
1246 3284 1411 3332 fundis
1439 3295 1489 3333 et

466 3368 854 3439 possessionibus
878 3366 1151 3431 capiuntur.
1182 3365 1380 3411 Portu.

538 3454 588 3499 3.
612 3447 871 3499 Columnis.
897 3444 1091 3508 Quibus
1112 3442 1176 3491 ad
1200 3444 1367 3491 fanum
1388 3454 1490 3491 ute-

470 3546 603 3591 mnr3
640 3546 701 3577 ne
730 3536 957 3591 exspecta
991 3522 1253 3572 adventum
1302 3539 1485 3579 meum,

468 3610 557 3657 sed
592 3608 781 3655 confice
815 3622 828 3656 :
864 3605 917 3653 id
964 3614 1037 3653 est
1053 3637 1069 3661 ‚
1120 3602 1330 3665 transige
1376 3618 1487 3649 cum

470 3686 642 3751 Apella
663 3686 813 3741 Chio,
834 3699 939 3731 eme
960 3696 1040 3731 eas
1062 3681 1127 3730 ab
1144 3680 1315 3744 Apella
1344 3680 1485 3730 Chio.

473 3768 577 3813 Nec
600 3764 774 3810 dubito
793 3796 807 3821 ,
829 3762 949 3825 quin
975 3762 1226 3811 columnas
1252 3758 1489 3824 intelligat

471 3862 498 3891 e
526 3842 654 3893 Chio
690 3856 925 3889 marmore
945 3876 960 3901 ‚
1005 3842 1091 3905 qui
1126 3849 1318 3887 moneat
1354 3840 1487 3886 Atti-

472 3939 583 3971 cum
605 3956 621 3981 ‚
647 3932 706 3969 ut
740 3936 793 3967 ea
824 3920 883 3967 de
908 3937 958 3968 ne
994 3936 1107 3967 cum
1132 3918 1331 3966 homine
1360 3918 1487 3967 Chio

472 3998 715 4047 conficiat.
752 3996 901 4059 Quod
932 4000 971 4044 si
1004 4014 1031 4045 e
1060 3996 1187 4047 chio
1213 4012 1451 4046 marmore
1472 4031 1487 4053 ‚

470 4078 689 4141 sequitur
710 4088 765 4124 nt
786 4092 863 4123 eas
881 4077 1085 4123 maxime
1110 4076 1348 4136 voluerit,
1377 4091 1485 4139 quae

1575 3281 1927 3332 firmitudinem
1945 3284 2064 3333 fani.
2091 3285 2218 3333 Nam
2237 3284 2384 3347 hujus
2412 3285 2598 3349 generis

1577 3364 1828 3411 columnas
1887 3364 2089 3428 reliquis
2146 3364 2295 3412 fnisse
2357 3362 2597 3413 firmiores

1576 3442 1748 3490 scribit
1765 3443 1951 3491 Plinius
1971 3442 2060 3491 lib.
2094 3444 2320 3491 XXXVI
2340 3478 2356 3501 ,
2399 3460 2505 3509 cap.
2537 3445 2590 3491 6.

1577 3522 1724 3571 Man.

1651 3610 1699 3658 4.
1751 3602 1826 3648 De
1846 3599 2094 3665 judicatu.
2139 3600 2197 3648 Id
2237 3611 2309 3648 est
2328 3635 2345 3660 ‚
2383 3601 2444 3649 de
2483 3617 2595 3650 meo

1576 3680 1744 3729 officio
1757 3680 2040 3743 judicandi,
2057 3696 2121 3728 ne
2136 3691 2343 3746 propter
2353 3680 2404 3729 id
2425 3683 2596 3729 Roma

1578 3777 1680 3808 esse
1703 3776 1781 3807 me
1807 3776 2000 3808 necesse
2035 3760 2114 3809 sit.
2141 3760 2382 3809 Nimirum
2410 3778 2473 3809 ne
2511 3776 2595 3808 au-

1579 3856 1718 3903 gut-es
1764 3838 1961 3902 quidem
1999 3839 2300 3887 vacationem
2335 3840 2591 3889 habehant.

1578 3920 1690 3965 Vox
1706 3918 1956 3984 judicatus
1981 3920 2032 3966 in
2059 3919 2184 3968 hanc
2203 3920 2487 3968 sententiam
2507 3938 2595 3968 ex·

1575 4008 1669 4046 stat
1687 3996 1810 4045 Phil.
1825 3999 1875 4058 1,
1894 4014 2000 4063 cap.
2027 4000 2073 4047 8.
2113 4000 2162 4048 J.
2183 4002 2236 4046 F.
2253 4000 2487 4051 Gnonov.

1649 4076 1698 4123 5.
1736 4078 1810 4123 De
1826 4092 2020 4139 sponsu.
2049 4076 2176 4125 Vide
2197 4094 2340 4142 snpra
2358 4114 2372 4139 ,
2398 4096 2476 4143 ep.
2512 4095 2587 4142 ¹7·
