3019 4681
455 385 1207 492 -EPISTOLAEAD
1258 387 2001 473 ATTlcUM‚X1v‚
2047 391 2154 472 ιι..
2257 391 2390 472 401
2449 331 2456 340 ⁸

263 505 485 580 num⁶
504 531 706 578 more
722 505 1144 591 PuteolanO,
1162 506 1401 578 risisse
1426 532 1546 578 me
1570 511 1738 578 satis
1767 507 1947 578 nihil
1975 524 2080 581 est
2106 534 2398 581 necesse

265 614 603 686 scribere.
632 616 1137 703 ΠολιτικώτεραῚ
1184 611 1305 682 illa
1336 611 1729 684 videamus,
1771 617 1880 684 Ita
1921 617 2180 686 Brutos
2223 620 2398 687 Cas·-

268 728 601 823 siumque
636 719 995 810 defendis,
1032 723 1241 818 quasi
1268 746 1394 792 eos
1432 746 1567 820 ego
1593 722 2122 821 reprehendam
2161 753 2178 794 z
2219 749 2404 821 quos

268 838 429 906 satis
478 831 779 906 laudare
838 857 991 901 non
1047 821 1363 928 possum.
1408 835 1680 902 Rerum
1717 855 1854 928 ego
1903 834 2074 903 vitia
2122 834 2408 930 collegi,

270 971 413 1016 non
487 943 899 1014 hominum.
972 940 1273 1012 Sublato
1342 943 1537 1012 enim
1608 957 1921 1038 tyranno
1949 998 1968 1032 ‚
2029 944 2410 1040 tyrannida

274 1079 561 1126 manere
608 1050 839 1122 video.
908 1053 1091 1122 Nam
1137 1076 1301 1148 quae
1336 1051 1457 1124 ille
1511 1049 1832 1124 facturus
1883 1079 2033 1125 non
2088 1052 2266 1142 fuit,
2327 1081 2412 1126 ea

272 1165 485 1254 fiunt,
530 1177 621 1234 ut
661 1163 751 1233 de
796 1157 1104 1232 Clodioss
1156 1188 1171 1229 ε
1215 1160 1305 1232 de
1343 1187 1495 1258 quo
1537 1161 1717 1232 mihi
1761 1164 2210 1261 exploratum
2265 1182 2408 1250 est,

273 1275 467 1346 illum
503 1298 659 1346 nou
698 1270 925 1342 modo
968 1296 1120 1342 non
1152 1267 1507 1342 facturum
1535 1327 1555 1358 ,
1594 1271 1721 1344 sed
1762 1275 1978 1344 etiam
2021 1300 2114 1346 ne
2169 1301 2413 1374 passu-

273 1411 431 1456 rum
496 1382 799 1481 quidem
865 1380 1103 1452 fuisse.
1180 1386 1538 1478 Sequetur
1613 1382 1827 1454 Rufio
1889 1388 2359 1458 Vester-ianus
2392 1443 2412 1474 ,

275 1497 560 1582 Victor,
612 1516 1015 1588 numquam
1068 1493 1379 1588 scriptus
1398 1501 1453 1579 ⁹,
1502 1494 1761 1581 ceteri,
1813 1497 1974 1592 quis
2024 1497 2219 1567 non?
2275 1499 2412 1568 Cui

276 1606 537 1678 servire
576 1603 711 1702 ipsi
748 1627 895 1674 non
926 1605 1336 1700 potuimus,
1362 1603 1519 1697 ejus
1555 1601 1816 1675 libellis
1841 1629 2193 1700 paremus.
2233 1609 2416 1676 Nam

278 1713 725 1788 Liberalibus
752 1717 915 1809 quis
952 1716 1193 1810 potuit
1227 1714 1303 1782 in
1336 1725 1668 1782 senatum
1703 1737 1858 1784 non
1881 1716 2126 1785 venire
2147 1715 2254 1784 ¹⁰?
2281 1718 2417 1786 Fac

280 1827 347 1897 id
370 1826 700 1926 potuisse
735 1824 980 1920 aliquo
1008 1820 1231 1893 modo
1274 1849 1293 1892 ε
1338 1846 1553 1910 num,
1594 1825 1810 1893 etiam
1843 1849 2069 1920 quum
2105 1825 2421 1896 venisse-

284 1963 437 2008 mus
456 1993 477 2027 ,
520 1934 749 2006 libere
781 1937 1147 2032 potuimus
1172 1934 1608 2004 sententiam
1636 1933 1876 2005 dicere
1896 1935 1925 2002 ?
1945 1959 2190 2006 nonne
2219 1937 2421 2006 omni

284 2049 557 2119 ratione
598 2045 952 2131 veterani,
984 2043 1114 2139 qui
1158 2045 1409 2114 armati
1456 2042 1792 2132 aderant,
1829 2069 2060 2142 quum
2110 2045 2421 2141 praesidii

286 2228 434 2276 euniae
449 2225 770 2275 studiosiores
789 2233 1115 2286 essent,quam
1139 2221 1315 2270 doetri—
1400 2223 1523 2272 lauis
1547 2225 1685 2288 loqui
1701 2259 1718 2286 ,
1744 2226 1830 2274 sed
1861 2243 1949 2274 eur
1973 2228 2271 2290 argentarios
2293 2226 2425 2275 Phe-

282 2321 378 2365 nae,
414 2303 641 2355 heresim
676 2303 1013 2351 Vester-ianam
1037 2300 1307 2367 appellati.
1398 2305 1556 2353 re'ones
1580 2305 1710 2355 dicat
1728 2340 1745 2368 ,
1773 2323 1898 2371 quos
1921 2319 1972 2357 et
1995 2308 2112 2357 alibi
2125 2307 2426 2367 Nicasioues,

286 2384 609 2435 Mum—Al.
635 2382 909 2431 Vester-ina.
932 2383 980 2430 J.
1003 2382 1071 2429 V.
1102 2384 1155 2429 L.

354 2467 405 2514 6.
452 2463 765 2512 Pherionum.
805 2460 930 2520 Alii,
971 2459 1275 2507 Phar-ionum
1293 2496 1309 2522 ,

288 2547 477 2593 Gruter.
500 2542 791 2591 Phariornm
808 2575 822 2598 ,
836 2539 981 2587 ceteri
1002 2538 1312 2587 Pher-ionum.

290 2628 527 2676 Neutrum
568 2626 635 2673 ita
672 2624 927 2687 quisquam
972 2620 1186 2684 explieat
1206 2655 1223 2680 ,
1260 2631 1316 2667 ut

292 2708 437 2769 pouit
454 2704 681 2767 intelligi.
712 2701 891 2749 Olivet.
916 2698 1217 2747 membrum
1233 2732 1249 2759 ,
1267 2709 1317 2747 et

292 2784 356 2831 sie
372 2784 613 2849 explieat:
635 2780 873 2828 Sodalitia
889 2777 1141 2825 hominum
1161 2794 1224 2825 ex
1241 2794 1319 2824 ea-

294 2864 395 2912 dem
418 2864 553 2912 trihu
573 2861 635 2910 ad
662 2876 795 2908 sacra
816 2870 867 2907 et
883 2856 1077 2921 epulas,
1094 2856 1323 2903 diceban-

296 2954 371 2991 tur
410 2940 627 2991 Phania
667 2950 719 2986 et
757 2936 987 2991 Phaet-ia,
1034 2945 1089 2983 nt
1132 2934 1321 2983 notavit

297 3024 571 3071 Manu-eus
590 3019 651 3067 ad
662 3015 1034 3081 Harpocration.
1046 3014 1196 3061 verbo
1207 3010 1322 3081 φρά·

295 3118 437 3170 τορις.
479 3098 726 3149 Posterior
766 3106 881 3143 aetas
924 3094 1050 3142 dixit
1086 3093 1281 3141 Frerias
1303 3127 1319 3152 ‚

298 3198 403 3246 quae
428 3195 525 3228 vox
560 3180 617 3225 in
642 3174 870 3241 populari
909 3188 1131 3221 sermone
1152 3184 1321 3221 nostro

300 3261 395 3308 vim
422 3258 641 3309 eumdem
672 3256 863 3303 retinet.
892 3251 1093 3310 strabo,
1122 3252 1211 3301 lib.
1236 3254 1283 3299 V
1305 3286 1323 3313 ,

302 3350 457 3387 namt
470 3372 487 3395 ,
506 3334 740 3399 Neapoli,
756 3348 813 3379 ac
832 3331 1005 3378 vicinis
1020 3332 1074 3377 in
1104 3330 1324 3389 urbibus,

304 3418 516 3481 adeoque
561 3412 778 3463 Puteolis
818 3411 964 3457 fuisse
986 3444 1001 3469 ,
1044 3410 1326 3459 Graecorum

305 3498 596 3552 imitatione,
617 3491 839 3541 Phaet-ia.
875 3492 1063 3537 Horum
1084 3492 1193 3553 quis
1230 3494 1327 3539 Pu-

309 3578 521 3623 teolanus
554 3589 661 3621 mos
700 3581 847 3627 esset,
875 3568 1049 3616 frustra
1076 3570 1329 3619 curiositas

307 3654 747 3719 inquiret.Tantum
760 3650 876 3697 hinc
901 3647 1227 3711 intelligimus,
1245 3650 1331 3697 ali.

310 3750 399 3797 qua
422 3735 561 3781 fuisse
590 3728 792 3778 ridicula
807 3762 821 3783 ,
842 3743 951 3791 quae
969 3728 1159 3773 Atticus
1179 3730 1331 3775 fuerat

314 3814 576 3861 cavillatus.
594 3812 667 3857 De
678 3806 937 3856 tribulibus
952 3808 1205 3866 conviviis,
1226 3826 1333 3871 quae

314 3892 539 3939 Romanis
562 3888 614 3937 id
641 3897 777 3935 eraut
793 3923 807 3947 ,
837 3884 973 3949 quod
1000 3886 1183 3933 Graeeis
1210 3888 1332 3935 Phe-

315 3972 435 4031 m‘a,
473 3973 667 4032 jocatur
693 3966 949 4021 Horatius,
988 3962 1057 4010 lib
1100 3968 1123 4013 1
1139 4003 1153 4028 ,
1192 3968 1333 4031 epist.

323 4046 409 4105 13,
440 4050 602 4098 15.-
620 4046 817 4095 Certum
838 4052 909 4089 est
929 4052 1115 4089 tantum
1142 4046 1335 4095 Cicero.

318 4142 425 4174 nem
444 4127 501 4175 de
524 4123 805 4189 argentariis
838 4119 1129 4184 quibusdem
1158 4126 1335 4175 Puteo.

508 4217 628 4284 Ill,
688 4227 775 4271 Cic.
802 4240 915 4287 pars
946 4234 1124 4286 quana.

1400 2395 1656 2449 utrumque
1692 2388 1872 2435 neseio.
1925 2389 2204 2437 Gronovius
2237 2388 2427 2452 legebat

1400 2462 1495 2511 «de
1525 2464 1844 2525 Plani-ionum,
1862 2483 1998 2515 more
2019 2468 2346 2528 Puteolano-3
2371 2480 2431 2517 ut

1399 2543 1732 2607 intelligantur
1747 2548 1956 2596 fariones
1972 2550 2146 2612 pisces,
2163 2562 2430 2613 rigaturque

1404 2624 1466 2671 de
1490 2641 1627 2673 more
1667 2642 1834 2675 eorum
1869 2628 2184 2677 emendorum
2223 2640 2274 2676 et
2310 2646 2432 2678 ven·

1339 2756 1345 2763 ,
1406 2706 1707 2769 dendorum,
1739 2710 1818 2757 vel
1832 2710 2239 2773 appar-nudorum.
2261 2714 2428 2759 Graev.

1406 2798 1566 2833 nutem
1593 2787 1884 2847 conjiciebat
1923 2811 1948 2829 α
1963 2800 2012 2835 et
2032 2788 2092 2835 de
2110 2790 2427 2837 Vestoriauo-

1408 2863 1518 2911 rum
1539 2865 1808 2913 Puteolano
1821 2887 1847 2906 ι·
1861 2902 1875 2927 ,
1895 2866 2193 2931 putabntque
2213 2869 2432 2915 Atticum

1408 2943 1621 2992 allusisse
1664 2944 1979 2993 similitudine
2021 2947 2130 2993 soni
2175 2945 2238 2993 ad
2257 2948 2436 3008 puteal

1408 3024 1765 3071 foeueratorum.
1789 3026 1878 3071 En.
1893 3024 2171 3081 -Bosius,
2194 3045 2218 3065 u
2234 3024 2294 3071 de
2310 3024 2438 3073 1³11·-

1409 3104 1484 3149 rio
1527 3118 1728 3149 nummo
1751 3136 1767 3158 ,
1814 3118 1866 3149 re
1904 3103 2170 3150 Puteolano
2191 3124 2234 3149 u.
2275 3104 2436 3150 Locus

1411 3180 1674 3237 obscurus,
1701 3197 1791 3229 nec
1808 3182 1911 3229 sine
1923 3182 2202 3229 melioribus
2215 3181 2352 3228 libris
2367 3181 2439 3228 fn-

1411 3260 1503 3308 cile
1522 3259 1763 3309 sanandus
1776 3293 1791 3316 ‚
1812 3271 1895 3307 aut
1912 3260 2078 3324 potius
2098 3261 2202 3307 sine
2222 3261 2327 3323 ipsa
2344 3262 2436 3309 At-

1411 3338 1497 3387 tiei
1521 3338 1742 3403 epistola.
1768 3342 1816 3387 J.
1836 3341 1897 3387 V.
1923 3340 1976 3387 L.

1488 3435 1514 3479 7
1527 3454 1540 3466 .
1555 3416 1919 3485 Πολιτικώτερα.
1939 3420 2060 3480 Quae
2076 3416 2138 3465 ad
2160 3416 2440 3481 reipublice

1414 3498 1878 3546 administrationem
1905 3498 2054 3561 magis
2077 3498 2367 3561 pertineant.

1490 3578 1539 3623 8.
1570 3579 1642 3622 De
1667 3576 1835 3623 Clodio
1877 3578 2078 3633 Exsule,
2099 3594 2162 3624 ex
2189 3576 2320 3624 salsis
2337 3576 2442 3625 Cae-

1418 3657 1537 3703 saris
1561 3656 1919 3703 commentariis
1941 3657 2178 3705 restituto.
2205 3658 2296 3706 En.

1492 3752 1541 3797 9.
1571 3736 1843 3798 Numquam
1862 3735 2084 3799 scriptus.
2109 3737 2266 3798 Quem
2287 3736 2447 3785 Caesar

1422 3831 1684 3877 numquam
1711 3815 1760 3861 in
1792 3816 2146 3863 commentariis
2169 3817 2365 3880 sot-ipsit
2391 3834 2443 3863 se

1422 3895 1545 3942 velle
1565 3894 1762 3941 restitui.
1787 3896 1929 3942 Mne.

1500 3989 1581 4021 ιο.
1623 3976 1684 4019 ln
1724 3984 1946 4021 senatum
1990 3990 2087 4021 non
2125 3974 2310 4021 venire.
2341 3974 2444 4019 'Ve-

1424 4052 1585 4099 nimus
1622 4053 1748 4099 enim
1791 4054 1950 4101 eoacti
1988 4054 2048 4100 ab
2075 4055 2297 4101 Antonio
2322 4066 2445 4099 eou-

1425 4131 1549 4181 sule.
1577 4134 1794 4181 anr.

2126 4216 2219 4286 26
