3019 4681
656 401 1204 472 EPISTOLAE
1251 402 1390 470 AD
1438 400 1951 484 ATTICUM,
1995 404 2134 486 IX,
2186 406 2253 487 4.
2414 402 2499 473 6¹

373 538 566 595 recte
608 522 1079 595 ambulaverit
1102 520 1164 567 ¹⁵
1201 526 1296 609 is,
1354 523 1483 619 qui
1536 521 1725 595 hanc
1773 523 2149 621 epistolam
2188 523 2386 614 tulit,
2436 527 2511 595 in

373 635 614 733 ipsum
645 648 852 705 tuum
888 633 1078 705 diem
1104 629 1172 679 ¹⁶
1199 631 1474 705 incidit.

451 792 532 841 15.
556 792 686 841 Olim
696 801 719 854 ,“
741 792 1025 843 ambulavit.
1047 796 1101 842 J.
1119 788 1184 842 V.
1211 794 1266 841 1..
1568 791 1646 841 ιδ.
1679 792 1830 839 stum
1850 790 1996 841 diem.
2020 794 2301 857 Qum-nnm-

387 1012 2505 1039 mmm-§mmmmm

1063 1154 1825 1237 EPISTOLA'V.

374 1292 582 1353 Uteris
601 1294 780 1353 Attici
803 1315 838 1355 a
865 1294 1176 1355 Philotimo
1202 1295 1452 1373 acceptis
1495 1294 1844 1373 responden
1892 1298 2233 1356 Postumum
2260 1298 2417 1379 apud
2448 1319 2511 1359 se

456 1390 628 1449 fuisse
657 1404 883 1462 narrat,
911 1412 1088 1470 seque
1115 1392 1378 1472 quamvis
1405 1393 1687 1471 Pompeio
1712 1407 2047 1452 succenseat
2064 1436 2082 1465 ,
2113 1406 2304 1453 tamen
2322 1414 2506 1473 quum

456 1486 579 1564 ejus
609 1488 670 1547 in
710 1508 772 1547 se
809 1486 1094 1547 beneficia
1149 1510 1216 1547 ac
1272 1488 1610 1567 dignitatem
1659 1490 1905 1567 cogitet,
1952 1491 2118 1568 sequi
2166 1512 2299 1551 eum
2338 1495 2509 1556 malle

455 1604 630 1661 quam
670 1586 730 1642 in
763 1582 932 1644 Italia
981 1606 1248 1659 manere,
1282 1586 1581 1665 significat.
1606 1586 1907 1663 (Formiis,
1957 1606 2111 1645 anno
2144 1592 2219 1651 U.-
2265 1592 2332 1650 C.
2363 1599 2510 1663 704,

454 1696 650 1740 mense
684 1680 937 1761 martio.)
1802 1680 1805 1683 ’

1057 1788 1370 1853 CICERO
1410 1786 1726 1854 ATTICO
1766 1788 1832 1854 S.

475 1912 755 1989 Naum
816 1917 931 1988 die
995 1930 1126 1987 tuo
1171 1918 1515 2015 scripsisti
1553 1915 1925 2014 epistolam
1951 1914 2045 1986 ad
2070 1940 2188 1987 me
2224 1916 2513 2016 plenam

377 2026 708 2113 consilii,
759 2050 1204 2123 summaeque
1248 2050 1480 2124 quum
1524 2025 2068 2112 benivolentiae,
2108 2033 2261 2096 t'um
2298 2029 2514 2099 etiam

377 2134 798 2232 prudentiae.
825 2141 998 2207 Eam
1026 2135 1206 2207 mihi
1240 2136 1669 2207 Philotimus
1696 2128 2043 2232 postridie
2060 2190 2080 2223 ‚
2121 2161 2340 2232 quam
2371 2162 2413 2209 a
2440 2152 2512 2211 te

377 2260 786 2344 acceperat,
820 2244 1150 2318 reddidit.
1177 2250 1363 2317 Sunt
1396 2248 1531 2317 ista
1566 2244 1863 2344 quidem
1888 2300 1909 2331 ,
1956 2270 2116 2342 quae
2150 2246 2514 2346 disputas,

378 2353 828 2441 difficillima,
867 2360 1007 2427 iter
1054 2356 1144 2428 ad
1198 2364 1585 2455 superum¹
1614 2411 1635 2443 ,
1671 2356 2024 2452 navigatio
2060 2354 2331 2441 infero,
2374 2358 2515 2429 dis-.-

378 2490 623 2538 cessus
655 2468 1044 2567 Arpinum,
1069 2491 1164 2538 ne
1192 2466 1386 2538 hunc
1424 2465 1721 2564 fugisse,
1752 2467 2034 2538 mansio
2061 2469 2389 2554 Formiis,
2415 2494 2512 2540 ne
2602 2475 2605 2480 ’

377 2576 725 2650 obtulisse
792 2601 928 2650 nos
979 2578 1491 2676 gratulationi²
1532 2578 1905 2649 videamur
1944 2604 1960 2647 :
2008 2575 2135 2648 sed
2186 2580 2511 2654 miserius

379 2686 599 2776 nihil,
645 2712 868 2785 quam
899 2713 980 2759 ea
1006 2687 1284 2774 videre,
1318 2713 1478 2784 quae
1515 2703 1757 2758 tamen
1790 2686 1937 2780 jam
1964 2687 2147 2782 jam,
2182 2691 2511 2786 inquam,

376 2796 688 2878 videnda
723 2812 960 2869 erunt.
1004 2801 1168 2869 Fuit
1211 2797 1409 2895 apud
1447 2821 1567 2868 me
1597 2803 1995 2868 Postumus
2047 2823 2063 2867 :
2129 2800 2382 2896 scripsi
2417 2799 2503 2872 ad

381 2922 493 2993 te,
526 2932 744 3003 quam
788 2899 1082 3004 gravis3.
1117 2910 1338 2979 Venit
1369 2905 1461 2978 ad
1491 2930 1608 2977 me
1646 2910 1855 2977 etiam
1893 2906 1980 2994 Q.
2010 2904 2255 2976 Fufius
2271 2908 2325 2996 4,
2359 2933 2508 3004 quo

379 3015 615 3088 vultu!
657 3043 807 3114 quo
844 3015 1137 3115 spiritu!
1167 3041 1569 3116 properans
1599 3015 2067 3087 Brundisium
2087 3069 2110 3104 ,
2132 3017 2363 3088 scelus
2391 3043 2509 3090 ac-

381 3151 638 3198 cusans
681 3128 1038 3226 Pompeii,
1079 3126 1441 3200 levitatem
1475 3125 1548 3197 et
1580 3126 1953 3197 stultitiam
1994 3141 2302 3198 senatus.
2344 3133 2509 3200 Haec

380 3235 613 3332 quiin
642 3261 802 3307 mea
833 3236 998 3308 villa
1025 3261 1178 3308 non
1205 3233 1428 3311 feram
1446 3291 1466 3326 ,
1505 3239 1837 3308 Curtium
1856 3231 1886 3277 ⁵
1923 3236 1999 3305 in
2030 3237 2227 3306 curia
2253 3251 2510 3333 potero

457 3421 502 3456 1.
535 3407 787 3468 Superum.
817 3407 893 3456 Se.
921 3423 1053 3456 mare
1077 3407 1400 3458 Adriaticum.
1487 3407 1570 3457 Al.
1590 3407 1762 3454 Fusius
1777 3439 1793 3466 ,
1813 3405 1935 3454 male
1953 3439 1968 3464 ‚
1993 3416 2049 3453 ut
2068 3407 2258 3469 passim.
2283 3409 2333 3455 J.
2349 3410 2415 3458 V.
2440 3411 2499 3460 1..

451 3500 502 3530 α.
543 3485 896 3534 Gratulatt'oni.
925 3486 1126 3536 Cnemis
1153 3486 1220 3535 ob
1248 3487 1401 3536 vieto·
1564 3486 1613 3536 5.
1638 3485 1873 3536 Cur-tium.
1899 3487 1976 3534 Μ.
2002 3486 2223 3534 Curtium
2248 3485 2476 3552 intelligit
2493 3522 2511 3550 ,

385 3565 505 3612 riam
523 3564 882 3612 Brundisinam.
910 3565 1076 3616 Coun.
1491 3565 1555 3614 de
1588 3581 1689 3629 quo
1724 3565 1795 3612 sic
1827 3564 1958 3612 idem
1992 3561 2163 3612 scribit
2196 3565 2401 3629 epistola
2434 3585 2514 3618 se-

454 3645 502 3690 3.
541 3645 698 3708 Quam
719 3643 904 3708 gravis.
941 3645 1044 3690 Aut
1067 3643 1262 3709 gravis,
1289 3659 1402 3692 mo·
1491 3645 1692 3708 quenti,
1720 3666 1745 3686 α
1760 3644 1936 3707 quovis
1957 3643 2123 3707 potius
2138 3657 2267 3694 certe
2290 3662 2435 3711 quam
2456 3661 2511 3696 ut

379 3723 527 3770 lentus
553 3723 700 3780 mihi,
719 3722 804 3787 qui
826 3722 888 3770 do
910 3721 1096 3770 casare
1119 3724 1321 3784 jactaret
1348 3739 1404 3771 ea
1493 3723 1713 3772 Curtium
1744 3721 1939 3781 videat,
1972 3737 2117 3786 quem
2152 3739 2243 3787 ego
2276 3737 2515 3790 patronus

380 3818 492 3866 quae
519 3803 712 3850 minime
745 3801 938 3856 vellemz
975 3813 1060 3848 aut
1083 3801 1250 3868 gravis
1272 3837 1290 3864 ,
1317 3803 1404 3866 qui
1489 3801 1741 3866 adspicere
1757 3817 1861 3850 non
1874 3817 2071 3865 possum
2084 3825 2127 3850 ιο.
2143 3805 2217 3852 De
2227 3804 2327 3855 hoe
2342 3807 2516 3858 Curtio

382 3881 584 3930 nimium
625 3896 798 3944 magna
837 3880 1146 3944 loqueretur,
1193 3881 1398 3940 classes,
1492 3880 1579 3930 lib.
1606 3883 1737 3939 111,
1768 3897 1849 3944 ep.
1884 3889 1969 3942 47,
2000 3893 2047 3930 ot
2070 3883 2159 3935 lib.
2184 3885 2325 3947 XIV,
2350 3902 2431 3950 ep.
2459 3903 2513 3950 9,

383 3960 652 4018 exereitus,
676 3962 967 4024 provincias.
991 3963 1134 4010 ΜΔΕ.
1493 3963 1608 4010 Bos.
1642 3987 1709 3997 —-
1734 3959 1863 4008 Olim
1880 3995 1894 4018 ,
1927 3982 1953 4008 a
1972 3962 2059 4026 qui
2092 3973 2197 4010 tum
2224 3963 2275 4010 in
2313 3967 2444 4014 ouria
2462 3989 2522 4030 ι,

459 4048 505 4094 4.
535 4041 597 4103 Q.
629 4039 811 4106 Ftfius.
839 4041 1070 4090 calenus.
1104 4044 1282 4090 Postea
1303 4041 1408 4090 An·
1506 4039 1647 4103 quod
1666 4049 1824 4087 tamen
1842 4040 2047 4089 Ursinus
2062 4042 2131 4088 ait
2149 4041 2345 4092 defendi
2365 4061 2529 4110 pone.

383 4117 690 4168 touianarum
707 4119 914 4182 partium
929 4119 1324 4172 studiosissimus.
1350 4146 1422 4160 -
1508 4121 1573 4172 Et
1598 4135 1691 4170 uos
1714 4135 1818 4170 non
1838 4135 2079 4184 negamus.
2098 4125 2148 4176 J,
2164 4124 2229 4172 V.
2257 4123 2313 4176 1..
