3019 4681
623 391 1163 466 EP1sToLAE
1209 391 1353 461 An
1402 391 1898 476 ATTICUM‚
1933 393 2266 478 x11‚42.
2369 343 2506 494 287

377 599 1303 632 mmmmmmmm

1675 599 2234 624 mmmmm
2242 603 2515 624 mm

984 812 1581 918 EPISToLA
1633 813 1923 896 XLII.

388 993 481 1048 De
506 987 687 1046 literis
706 982 883 1044 Attici
910 982 1137 1041 nullum
1167 981 1321 1046 diem
1348 979 1720 1055 desideratis3
1751 982 1825 1042 de
1858 982 2066 1043 itinere
2089 1005 2231 1058 ωας
2255 986 2330 1045 de
2352 988 2518 1047 Attici

466 1085 528 1142 in
562 1081 783 1145 Urbem
814 1079 1027 1139 reditu.
1056 1079 1152 1156 (In
1184 1078 1449 1153 Antiati,
1476 1097 1632 1138 anno
1658 1084 1735 1139 U.
1764 1083 1830 1144 C.
1854 1081 1990 1156 708,
2015 1100 2210 1142 meuse
2224 1083 2442 1164 junio.)

975 1314 985 1330 .
1066 1271 1377 1338 CICERO
1423 1273 1739 1347 ATTICO
1785 1275 1850 1340 S.

487 1428 797 1497 Nurum
846 1447 887 1494 a
938 1436 1011 1493 te
1060 1419 1459 1494 desideravi
1508 1419 1704 1494 diem
1739 1423 2129 1500 literarum.
2173 1427 2524 1501 Videbam

396 1535 589 1606 enim
630 1559 791 1631 quae
833 1531 1083 1606 scribis
1112 1543 1173 1619 ¹3
1214 1546 1287 1604 et
1336 1545 1580 1604 tamen
1631 1534 2074 1632 suspicabar,
2119 1537 2235 1608 vel
2281 1545 2526 1638 potius

394 1643 919 1740 intelligebam,
949 1642 1131 1713 nihil
1177 1639 1429 1730 fuisse,
1473 1641 1674 1740 quod
1706 1643 2073 1717 scriberes.
2111 1651 2193 1720 A.
2227 1646 2297 1718 d.
2329 1675 2399 1720 v1
2425 1651 2523 1723 id.

394 1779 571 1827 vero
609 1755 683 1828 e't
726 1754 979 1827 abesse
1025 1768 1101 1825 te
1150 1752 1499 1852 putabam
1521 1805 1542 1839 ‚
1587 1767 1662 1826 et
1709 1755 1926 1853 plane
1977 1756 2310 1830 videbam
2347 1761 2530 1833 nihil

397 1880 471 1938 te
506 1862 795 1938 habere.
849 1869 1004 1962 Ego
1054 1877 1303 1934 tamen
1360 1861 1454 1934 ad
1502 1877 1578 1934 te
1635 1861 1788 1936 fere
1842 1865 2172 1962 quotidie
2226 1869 2528 1941 mittam.

396 1975 592 2048 Malo
634 1976 831 2046 enim
872 1973 1139 2046 frustra
1164 2027 1183 2061 ,
1233 1987 1568 2078 quam-te
1605 1999 1758 2046 non
1791 1972 2064 2049 habere
2086 2032 2105 2066 ,
2131 1980 2250 2048 cui
2287 1979 2448 2069 des;
2477 1981 2539 2052 si

398 2088 581 2187 quid
626 2086 815 2160 forte
840 2087 935 2166 sit
956 2142 976 2176 ,
1020 2085 1226 2184 quod
1256 2099 1470 2186 putes
1506 2109 1622 2157 me
1661 2088 1845 2159 scire
1883 2103 2244 2186 oportere.
2282 2093 2538 2188 Itaque

400 2199 647 2297 accepi
687 2222 761 2268 vi
796 2196 895 2268 id.
940 2197 1183 2268 literas
1223 2210 1385 2268 tuas
1410 2197 1707 2268 inanes:
1745 2197 1926 2294 quid
1952 2201 2146 2270 enim
2169 2197 2536 2288 habebas,

402 2310 601 2409 quod
634 2305 1031 2382 scriberes?
1064 2306 1243 2381 Mihi
1281 2321 1526 2379 tamen
1561 2305 1762 2397 illud,
1780 2307 2139 2406 quidquid
2165 2322 2349 2397 erat,
2384 2335 2540 2383 non

402 2419 793 2492 molestum
823 2418 964 2491 suit
981 2472 1000 2503 ‚
1028 2404 1209 2489 nihil
1242 2416 1435 2488 aliud
1463 2419 1646 2489 scire
1674 2441 1826 2507 me,
1849 2420 2018 2489 novi
2050 2432 2120 2491 te
2149 2417 2376 2490 nihil²
2406 2419 2536 2491 ha·

402 2528 597 2603 bere.
636 2530 991 2627 Scripsisti
1020 2544 1259 2600 tamen
1287 2531 1530 2599 nescio
1553 2526 1730 2625 quid
1759 2526 1850 2599 de
1875 2528 2146 2601 Clodia.
2186 2528 2329 2601 Ubi
2363 2554 2536 2629 ergo

405 2665 488 2713 ea
524 2640 677 2711 est?
712 2655 837 2712 aut
879 2636 1177 2735 quando
1216 2636 1570 2709 ventura?
1611 2636 1850 2709 Placet
1895 2637 2074 2709 mibi
2121 2625 2238 2709 res
2273 2640 2410 2729 sic,
2455 2654 2541 2711 ut

405 2748 805 2823 secundum
839 2747 1208 2848 Othonem
1238 2746 1419 2817 nihil
1444 2746 1693 2844 magis.
1723 2744 1860 2818 Sed
1887 2770 2129 2845 neque
2151 2738 2342 2820 ha'nc
2369 2768 2544 2820 ven·

408 2860 719 2932 dituram
747 2872 949 2957 puto.
976 2857 1396 2929 Delectatur
1418 2858 1643 2945 enim,
1671 2870 1746 2928 et
1769 2860 2063 2956 copiosa
2091 2873 2230 2929 est:
2262 2872 2334 2929 et
2357 2858 2538 2930 illud

408 2968 715 3041 alterum
737 2990 959 3065 quam
993 2970 1084 3038 sit
1106 2962 1399 3038 difficile
1417 3021 1437 3052 ,
1464 2981 1536 3038 te
1563 2991 1714 3037 nou
1743 2964 1948 3065 fugit.
1987 2966 2126 3039 Sed
2144 3022 2164 3055 ‚
2191 2968 2498 3041 obsecro
2517 3023 2539 3056 ,

412 3080 794 3164 enitamur,
832 3091 916 3148 ut
948 3075 1222 3173 aliquid
1249 3076 1339 3148 ad
1365 3076 1468 3166 id,
1500 3075 1705 3175 quo‘d
1734 3078 1952 3175 cupio
1975 3131 1994 3165 ,
2030 3080 2538 3176 excogitemus

412 3192 561 3285 Ego
586 3213 703 3261 me
730 3187 901 3259 binc
926 3186 1273 3285 postridie
1302 3188 1666 3259 exiturum
1694 3201 1876 3285 puto
1895 3242 1915 3277 ,
1958 3185 2082 3259 sed
2130 3202 2259 3259 aut
2291 3190 2368 3259 in
2390 3192 2537 3259 Tu-

415 3297 788 3369 sculanum
804 3350 823 3382 ‚
849 3312 976 3368 aut
1001 3297 1339 3383 domum3
1368 3296 1537 3368 inde
1563 3295 1866 3370 sortasse
1885 3298 2260 3396 Arpinum.
2289 3301 2540 3390 Quum

416 3422 693 3479 certum
748 3410 1014 3495 sciere,
1058 3398 1363 3479 sc'ribam
1409 3408 1500 3479 ad
1539 3422 1632 3479 te.
1671 3412 1984 3479 Venerat
2011 3406 2192 3478 mihi
2220 3410 2296 3479 in
2333 3433 2541 3481 men-

417 3531 589 3608 tem,
620 3542 918 3591 monere
943 3533 1016 3590 te
1030 3572 1051 3606 ,
1077 3533 1161 3590 ut
1182 3516 1259 3590 id
1282 3517 1520 3616 ipsum
1538 3515 1595 3608 ³,
1616 3516 1820 3615 quod
1841 3515 2014 3589 facis
2033 3572 2053 3605 ,
2083 3517 2384 3591 faceres:
2413 3544 2544 3617 pu·

498 3744 519 3775 ι
532 3763 546 3775 .
573 3728 695 3791 Quae
713 3726 899 3777 scribis.
916 3728 988 3776 Te
1017 3726 1204 3777 scilicet
1234 3741 1337 3775 esse
1355 3742 1442 3774 oc·
1529 3726 1696 3775 multis
1733 3722 2070 3790 probantibus.
2113 3725 2216 3775 Alii
2249 3724 2557 3792 distinguunt

422 3808 800 3872 cupatissimum.
816 3806 1055 3856 «Nullum
1066 3823 1094 3854 ι
1112 3817 1160 3855 te
1176 3805 1445 3855 desideravi
1531 3806 1602 3854 sic
1614 3840 1629 3865 ,
1644 3825 1667 3848 ι
1679 3802 1804 3853 nibil
1821 3800 1977 3853 aliud:
1989 3803 2110 3852 seire
2125 3820 2226 3866 me,
2239 3808 2357 3855 novi
2371 3816 2418 3855 te
2431 3806 2556 3855 nihil

424 3886 549 3935 diem
584 3885 899 3947 litem-uni»,
922 3886 1022 3935 boc
1046 3896 1144 3946 est,
1184 3888 1446 3949 numquam
1533 3884 1655 3933 scire
1675 3904 1722 3931 ι.
1737 3883 1788 3932 J.
1807 3881 1870 3931 V.
1897 3884 1954 3931 L.

426 3974 723 4033 desideravi,
750 3988 1015 4037 numquam
1041 3973 1315 4037 exspectavi
1340 3982 1448 4020 tun
1609 3968 1654 4014 3.
1681 3966 1744 4011 Ue
1763 3960 1822 4010 id
1833 3962 2004 4027 ipsum.
2025 3965 2096 4012 Ut
2114 3962 2250 4012 domi
2276 3974 2322 4013 te
2337 3964 2555 4014 include-

426 4052 601 4100 literas.
620 4054 767 4101 Mn«,
1537 4060 1613 4093 res
1639 4044 1882 4091 rationum
1918 4058 2074 4092 causa.
2114 4042 2401 4092 contulerat
2430 4043 2558 4090 enim

499 4148 545 4183 a.
565 4136 595 4183 J
598 4166 611 4179 .
626 4134 681 4183 F.
698 4132 977 4181 Gronovius
996 4129 1189 4191 ,volebat
1206 4130 1303 4179 nisi
1320 4125 1446 4188 novi,
1535 4142 1587 4175 se
1608 4113 1802 4174 Atticus
1825 4123 1881 4171 iu
1898 4120 2254 4185 suburbanum,
2271 4132 2324 4171 ut
2345 4118 2558 4168 rationes
