3019 4681
686 326 1231 399 EPISTOLAE
1278 330 1480 401 CIC.
1531 330 1656 403 ET
1703 330 2058 418 BRUTI,
2113 330 2219 405 18.
2367 331 2508 433 695

382 447 565 521 tioni
596 460 739 523 tuae
772 449 1083 523 maxime
1124 448 1532 525 conducere
1559 504 1582 540 ,
1621 466 1694 527 te
1725 455 1964 550 primo
2001 478 2298 551 quoque
2339 470 2514 533 tem·

247 657 259 668 ·
380 582 563 656 pore
600 555 790 631 ferre
832 558 1243 657 praesidium
1280 559 1555 635 labenti
1590 575 1664 633 et
1699 562 2052 639 inclinatae
2085 564 2514 663 reipublicae.

382 667 579 757 Quid
616 671 815 743 enim
870 667 1121 746 abesse
1174 694 1423 747 censes
1476 672 1646 747 mali
1696 674 1774 745 in
1825 698 1914 749 eo
1960 673 2193 763 bello,
2231 679 2314 750 in
2365 702 2516 778 quo

378 778 687 853 victores
720 782 1075 857 exercitus
1112 779 1512 879 fugientem
1557 782 1840 863 hostem
1879 789 2222 884 persequi
2258 788 2515 865 nolue-

380 902 557 963 runt
590 890 621 961 ἱ)
664 903 743 965 ct
790 890 869 963 in
910 914 1063 988 quo
1137 891 1520 967 incolumis
1577 894 1968 991 imperator
1989 906 2014 974 ,¹
2043 948 2063 983 ,
2113 894 2526 973 honoribus·

382 1000 873 1097 amplissimis,
920 999 1380 1099 fortunisque
1414 1004 1786 1093 maximis,
1821 1006 2130 1101 conjuge
2153 1058 2176 1091 ‚
2238 1003 2517 1091 liberis,

383 1108 591 1187 vobis
626 1110 971 1189 affinibus
1005 1128 1343 1201 ornatUS,
1382 1110 1658 1197 bellum
1695 1114 2112 1213 reipublicae
2139 1112 2524 1193 indixerit?

384 1218 563 1315 quid
607 1220 841 1292 dicam
875 1275 896 1309 ,
935 1222 1015 1292 in
1054 1236 1257 1298 tanto
1324 1236 1616 1299 senatus
1665 1225 2070 1323 populique
2121 1232 2478 1306 consensu
2505 1294 2524 1328 ‚

384 1353 617 1425 quum
643 1344 929 1407 tantum
951 1331 1259 1407 resideat
1292 1333 1483 1409 intra
1513 1359 1765 1415 muros
1799 1334 2021 1411 mali}>
2055 1336 2371 1409 Maximo
2395 1363 2523 1407 au·

382 1454 565 1529 tem,
601 1465 833 1537 quum
860 1441 1013 1515 haec
1053 1440 1498 1531 scribebam,
1531 1442 1899 1521 afficiebar
1935 1444 2186 1521 dolore
2225 1474 2242 1515 ε
2291 1447 2524 1544 quod,

382 1575 615 1648 quum
660 1575 779 1625 me
816 1576 953 1649 pro
990 1550 1533 1627 adolescentulo
1589 1578 1678 1629 ac
1724 1553 1929 1652 paene
1986 1580 2220 1652 puero
2269 1580 2525 1655 respu—

382 1659 573 1737 blica
606 1664 1000 1760 accepisset
1030 1660 1291 1737 vadem
1311 1715 1333 1748 ,
1386 1664 1505 1733 vix
1545 1659 1842 1737 videbar
1867 1717 1889 1749 ,
1948 1664 2152 1759 quod
2185 1667 2527 1759 promise-

382 1796 538 1847 ram
558 1826 579 1862 ,
632 1786 971 1871 praestare
1006 1796 1243 1871 posse.
1278 1776 1407 1847 Est
1442 1786 1688 1847 autem
1730 1772 2012 1868 gravior
2057 1787 2134 1847 et
2169 1770 2526 1853 difficilior

382 1884 606 1957 animi
634 1897 707 1957 et
742 1888 1151 1969 sententiae,
1184 1886 1514 1958 maximis
1544 1886 1942 1981 praesertim
1983 1885 2058 1957 in
2089 1882 2312 1961 rebus
2334 1938 2354 1971 ‚
2391 1910 2526 1983 pro

382 1992 646 2083 altero,
686 2018 911 2093 quam
954 1995 1281 2093 pecuniae
1327 1992 1696 2093 obligatio.
1742 2000 1906 2069 Haec
1943 1996 2140 2071 enim
2171 1995 2352 2073 solvi
2389 2022 2522 2094 po·-

386 2120 568 2194 test,
616 2120 687 2179 et
734 2119 843 2180 est
878 2108 987 2181 rei
1032 2104 1395 2179 familiaris
1446 2108 1728 2201 jactura
1777 2104 2168 2183 tolerabilis
2220 2133 2236 2176 :
2279 2109 2526 2205 reipu-

384 2209 591 2287 blicae
628 2214 829 2313 quod
865 2214 1383 2314 spoponderis»,
1422 2214 2042 2313 quemadmodum
2067 2214 2304 2291 solvas
2325 2270 2346 2303 ‚
2385 2217 2522 2287 nisi

385 2328 447 2398 is
475 2324 793 2430 dependi
808 2323 1014 2399 facile
1036 2327 1341 2425 patitur,
1361 2350 1497 2424 pro
1523 2351 1675 2426 quo
1707 2325 2237 2430 spoponderis?
2263 2328 2528 2424 Quam·

385 2463 609 2536 quam
652 2452 727 2512 et
762 2435 962 2512 hunc
1004 2436 1142 2533 (ut
1176 2436 1444 2534 spero)
1480 2433 1786 2524 tenebo,
1835 2435 2086 2513 multis
2121 2460 2525 2534 repugnan-

384 2546 582 2620 tibus
622 2574 643 2617 t
674 2545 962 2620 videtur
994 2549 1187 2618 enim
1227 2547 1303 2618 in
1345 2571 1435 2619 eo
1476 2571 1631 2620 esse
1667 2545 1984 2632 indolem
2035 2545 2162 2618 sed
2195 2545 2528 2618 flexibilis

386 2671 588 2743 aetaS,
624 2657 979 2756 multique
1031 2657 1125 2730 ad
1163 2656 1704 2761 depravandum
1743 2660 2017 2760 parati,
2061 2658 2233 2755 qui,
2281 2656 2524 2760 splen-

386 2767 567 2840 dore
602 2765 761 2841 falsi
790 2766 1135 2842 honoris²
1182 2769 1516 2866 objectO,
1540 2771 1784 2844 'aciem
1823 2768 2005 2842 boni
2041 2770 2314 2866 ingenii
2356 2793 2528 2866 prae-

366 2895 369 2898 ’
388 2881 641 2976 stringi
656 2876 684 2922 ³
714 2903 926 2978 posse
942 2879 1347 2952 confidunt.
1367 2884 1626 2976 Itaque
1645 2879 1735 2951 ad
1752 2879 2072 2976 reliquos
2091 2877 2210 2948 hic
2226 2901 2523 2974 quoquc

389 2989 598 3062 labor
622 2989 804 3060 mihi
836 2992 1131 3062 accessit
1152 3045 1171 3078 ,
1209 3003 1293 3060 ut
1325 3013 1581 3060 omnes
1612 2986 1993 3059 adhibeam
2023 2984 2389 3056 machinas
2433 2985 2524 3055 ad

388 3098 790 3171 tenendum
826 3097 1360 3170 adolescentem
1382 3153 1402 3187 ,
1452 3121 1549 3168 ne
1593 3096 1856 3168 famam
1899 3093 2199 3166 subeam
2233 3096 2522 3164 temeri-

387 3213 574 3282 tatis.
597 3212 1052 3307 Quamquam
1084 3234 1243 3305 quae
1268 3211 1632 3282 temeritas
1652 3221 1759 3278 est
1775 3206 1805 3273 Ρ
1820 3207 2042 3299 magis
2063 3205 2256 3274 enim
2285 3203 2486 3274 illum
2507 3256 2524 3289 ,

390 3345 527 3419 pro
592 3345 743 3418 quo
805 3318 1168 3418 spopondi
1203 3373 1223 3408 ‚
1296 3341 1517 3416 quam
1570 3341 1688 3387 me
1744 3314 2076 3412 obligavi.
2147 3317 2302 3385 Nec'
2348 3337 2524 3385 vero

387 3431 747 3529 poenitere
781 3444 1021 3528 potest
1065 3427 1588 3527 rempublicam
1619 3479 1640 3514 ,
1701 3450 1818 3498 me
1881 3449 2017 3523 pro
2062 3447 2151 3494 eo
2197 3446 2520 3521 spopon-

392 3541 614 3628 disse,
645 3543 773 3637 qui
807 3537 947 3611 fuit
994 3541 1067 3609 in
1114 3537 1334 3610 rebus
1374 3534 1710 3634 gerendis
1752 3556 1984 3633 quum
2020 3557 2152 3604 suo
2192 3532 2483 3640 ingenio
2505 3588 2524 3618 ‚
2567 3575 2575 3583 „

391 3661 547 3718 tum
602 3673 766 3720 mea
819 3649 1298 3747 promissione
1353 3647 1822 3717 constantior.
1878 3647 2234 3715 Maximus
2281 3657 2523 3715 autem

394 3758 581 3853 (nisi
614 3783 731 3829 me
763 3757 950 3830 forte
979 3756 1209 3853 fallit)
1236 3759 1311 3828 in
1346 3754 1722 3855 republica
1749 3755 1986 3826 nodus
2010 3768 2119 3826 est
2144 3756 2390 3853 inopia
2419 3757 2526 3826 rei

470 4026 515 4058 1.
542 4013 827 4074 Imperator.
842 4009 915 4056 M.
929 4006 1149 4056 AEmilius
1160 4007 1387 4072 Lepidus.
1577 4009 1626 4054 3.
1663 4003 1962 4070 Proestringc'.
1987 3989 2170 4052 'Edidit
2197 4005 2390 4058 Manat.
2406 4020 2522 4068 per-

469 4104 515 4137 2.
538 4087 675 4138 Falsa·
693 4086 745 4136 h.
770 4086 1076 4136 Consulatus.
1094 4085 1211 4135 vid.
1232 4103 1311 4152 ep.
1340 4095 1415 4143 ιι..
1503 4084 1706 4150 stringi5
1729 4085 1894 4135 lamb.
1903 4083 2201 4150 prestingm'.
