3019 4681
516 434 660 517 644
1169 432 1268 501 Μ.
1311 434 1384 501 Τ.
1437 434 1988 503 CICERONIS

512 555 810 627 dolore⁶
841 554 1286 627 adhibuisset
1307 609 1326 641 ‚
1383 576 1716 651 magnam
1766 581 1854 625 ex
1890 554 2189 656 epistola
2234 570 2358 628 tua
2400 551 2651 655 accepi

509 668 978 765 voluptatem.
1007 663 1224 757 Quod
1249 686 1366 735 me
1381 668 1788 737 institutum
1815 665 1906 737 ad
1934 666 2139 739 illum
2160 690 2420 765 poema
2429 668 2650 763 jubes

509 777 898 875 perficere3
934 778 1066 847 etsi
1097 776 1449 847 distentus
1483 802 1713 874 quum
1740 801 1995 874 opera,
2030 792 2185 848 tum
2221 777 2647 847 animosum

508 886 740 958 multo
771 889 988 983 magis
1010 940 1029 973 ,
1059 889 1404 983 quoniam
1441 900 1681 957 tamen
1720 912 1807 957 ex
1839 887 2138 983 epistola
2158 940 2178 975 ‚
2209 910 2427 984 quam
2450 885 2541 956 ad
2570 900 2647 957 te

506 1001 840 1068 miseram
863 1051 884 1083 ,
928 997 1264 1092 cognovit
1299 999 1531 1066 Caesar
1548 1050 1568 1081 ‚
1605 1020 1723 1067 me
1764 996 2038 1092 aliquid
2074 1020 2229 1069 esse
2264 1020 2602 1069 exorsum
2621 1050 2645 1083 ,

506 1121 826 1177 revertar
861 1103 950 1175 ad
995 1106 1443 1193 institutum3
1482 1104 1703 1202 idque
1748 1104 2110 1204 perficiam
2146 1104 2259 1177 his
2290 1105 2647 1204 supplica-

509 1217 792 1286 tionum
851 1216 1098 1286 otiosis
1142 1212 1438 1302 diebus;
1500 1212 1774 1312 quibus
1840 1215 2243 1287 Messallam
2289 1216 2437 1311 jam
2502 1239 2643 1287 no·

510 1340 772 1414 strum,
793 1325 1258 1422 reliquosque
1279 1323 1609 1395 molestia
1634 1326 1904 1397 levatos
1923 1379 1943 1412 ‚
1970 1324 2443 1397 vehementer
2468 1348 2647 1421 gau-

508 1433 648 1506 deo
689 1462 706 1504 :
751 1456 1066 1530 eumque
1125 1432 1325 1531 quod
1375 1448 1651 1505 certum
1691 1434 2065 1507 consulem
2102 1459 2271 1506 cum
2310 1436 2643 1506 Domitio

506 1548 937 1633 numeratis,
993 1543 1178 1614 nihil
1226 1569 1269 1615 a
1317 1558 1563 1615 nostra
1617 1545 1965 1643 opinione
2014 1546 2423 1647 dissentitis,
2486 1549 2644 1643 Ego

502 1656 901 1727 Messallam
923 1655 1178 1725 Caesari
1206 1652 1765 1753 praestabo⁵.Sed
1780 1659 2163 1727 Memmius
2189 1658 2267 1727 in
2288 1654 2643 1728 adventu⁶

503 1768 797 1837 Caesaris
840 1763 1061 1834 habet
1105 1788 1356 1859 spem3
1409 1766 1484 1833 in
1529 1789 1679 1861 quo
1724 1766 1929 1837 illum
1968 1780 2145 1863 puto
2183 1790 2419 1839 errare
2462 1791 2478 1834 ε
2518 1766 2641 1837 hic

505 1874 803 1972 quidem
837 1871 1068 1971 friget.
1106 1874 1452 1942 Scaurum
1487 1887 1729 1943 autem
1758 1873 1905 1969 jam
1945 1873 2223 1971 pridem
2250 1878 2643 1972 Pompeius

505 1984 789 2080 abjecit.
827 1988 965 2054 Res
991 1980 1305 2079 prolatae.
1343 1980 1450 2052 Ad
1477 1983 1973 2079 interregnum
2002 1986 2289 2055 comitia
2310 1982 2643 2056 adducta.

505 2098 782 2164 Rumor
799 2092 1166 2163 dictatoris
1191 2091 1633 2185 injucundus
1660 2091 1913 2183 bonis3
1942 2094 2119 2164 mihi
2139 2096 2351 2165 etiam
2378 2096 2639 2193 magis»,

505 2229 666 2300 quae
698 2203 1126 2300 loquuntur.
1166 2200 1305 2272 Sed
1337 2215 1488 2289 tota
1509 2226 1627 2272 res
1650 2214 1725 2272 et
1750 2203 2085 2305 timetur,
2116 2218 2191 2275 et
2218 2202 2639 2303 refrigescit.

503 2312 888 2410 Pompeius
929 2310 1143 2410 plane
1185 2336 1260 2383 se
1297 2324 1509 2409 negat
1545 2310 1732 2384 velle
1772 2339 1789 2382 ε
1833 2326 2045 2386 antea
2082 2314 2237 2412 ipse
2264 2313 2447 2385 mihi
2486 2340 2645 2389 non

503 2421 833 2519 negabat.
881 2426 1138 2494 Hirrus
1193 2436 1444 2494 auctor
1470 2433 1495 2477 ⁷
1560 2421 1715 2494 fore
1752 2421 2059 2495 videtui-4
2102 2429 2167 2495 Ο
2212 2425 2357 2508 dii,
2419 2451 2641 2523 quam

497 2528 816 2628 ineptus!
853 2554 1070 2626 quam
1103 2554 1178 2601 se
1205 2532 1358 2628 ipse
1385 2555 1633 2602 amans
1656 2535 1815 2612 ‚sine
1841 2528 2116 2606 rivalissl
2152 2538 2483 2606 Crassum
2518 2543 2645 2608 Ju-

497 2643 836 2725 nianum‚
873 2637 1244 2710 hominem
1279 2640 1458 2709 mihi
1499 2639 1823 2712 deditum
1844 2697 1865 2731 ,
1891 2667 2023 2740 per
2058 2668 2175 2715 me
2216 2643 2640 2718 deteri-uita

495 2749 726 2834 Velit,
757 2748 972 2836 nolit,
1017 2749 1199 2818 scire
1253 2746 1547 2822 difficile
1596 2765 1727 2822 est.
1784 2753 1998 2822 Hirro
2052 2768 2293 2824 tamen
2340 2771 2639 2852 agente,

497 2857 696 2928 nolle
737 2881 812 2929 se
851 2883 998 2928 non
1046 2857 1386 2953 probabit
1409 2869 1491 2929 ¹⁰.
1534 2858 1743 2931 Aliud
1766 2861 1907 2932 hoc
1944 2877 2267 2960 tempore
2296 2863 2387 2936 de
2412 2887 2639 2961 repu-

497 2969 688 3042 blica
715 2968 894 3040 nihil
922 2966 1413 3065 loquebantur
1450 2997 1466 3039 :
1512 2968 1861 3066 agebatur
1887 2971 2183 3068 quidem
2212 2988 2405 3045 certe
2432 2973 2637 3045 nihil.

571 3215 622 3272 4.
648 3211 843 3259 Dolon.
867 3209 948 3258 Ob
972 3211 1155 3274 legatos
1188 3224 1300 3258 cnm
1325 3210 1517 3274 legione
1604 3210 1739 3258 solus
1770 3225 1926 3272 amen
1969 3226 2048 3258 me
2086 3209 2317 3262 emulum
2350 3223 2452 3258 non.
2476 3209 2637 3259 lnbe-

497 3302 548 3339 et
575 3291 860 3339 cohortibus
885 3305 1055 3339 casos.
1069 3289 1228 3339 (ἕως
1242 3290 1514 3340 Comment-
1602 3289 1679 3337 his
1698 3313 1740 3338 υ,
1778 3291 1869 3338 En.

498 3371 588 3420 lib.
600 3373 665 3420 V.
691 3373 841 3418 Mn«.
1673 3384 1721 3430 9.
1760 3373 1858 3416 Per
1898 3385 1974 3417 me
2018 3367 2266 3417 deterruit.
2318 3369 2431 3416 Mea
2477 3383 2637 3431 opera

570 3448 619 3499 5.
638 3449 902 3498 Fra-stabo.
935 3446 1152 3497 Efficiam
1168 3484 1184 3509 ,
1209 3447 1250 3495 si
1277 3449 1370 3495 erit
1395 3460 1515 3494 con·
1600 3447 1863 3512 Pompeius
1878 3449 2067 3508 effecit,
2097 3459 2153 3496 ut
2176 3457 2374 3512 captum
2396 3447 2459 3495 de
2476 3446 2639 3496 dicu-

497 3529 602 3586 ωῙ,
635 3547 698 3578 ne
721 3530 841 3592 quid
875 3541 986 3592 agat
1011 3529 1064 3574 in
1093 3529 1376 3590 magistratu
1395 3541 1515 3573 con-
1610 3537 1717 3575 ωτι
1744 3526 2001 3574 consilinm
2028 3527 2229 3578 Crassus
2246 3525 2497 3586 abjecerit.
2520 3526 2635 3572 Hoc

495 3620 569 3654 tra
593 3608 795 3656 Cenat-is
818 3607 1134 3655 voluntatem.
1155 3609 1305 3653 Inzn.
1608 3608 1767 3664 enim,
1807 3617 1858 3654 et
1892 3620 2003 3669 quo
2044 3615 2340 3669 sequuntur,
2380 3603 2445 3652 ad
2482 3605 2633 3651 Pom·

565 3687 618 3734 6.
651 3687 886 3734 Adventu.
907 3686 1033 3733 Vide
1049 3685 1160 3733 libri
1176 3685 1283 3744 huj.
1304 3700 1384 3748 epz
1397 3699 1446 3732 α.
1584 3684 1771 3748 ·peium
1786 3717 1803 3742 ,
1822 3693 1921 3731 non
1947 3683 2011 3731 nd
2040 3685 2239 3732 Hirrum
2259 3717 2276 3742 ,
2302 3681 2537 3732 convenit
2554 3697 2637 3728 te-

569 3781 616 3824 7.
639 3767 841 3813 Auctor.
855 3764 982 3826 Quin
1003 3749 1278 3829 designatus
1296 3761 1409 3809 trib.
1427 3760 1496 3825 pl.
1604 3762 1750 3810 ferri:
1785 3763 1825 3809 si
1850 3773 2013 3810 tamen
2031 3763 2075 3810 ie
2096 3772 2191 3821 est,
2221 3761 2283 3808 de
2308 3775 2409 3824 quo
2438 3759 2631 3808 Plutar-

567 3839 616 3891 8.
655 3842 770 3890 sine
806 3843 966 3890 rivali.
1006 3847 1180 3892 Hom.
1226 3845 1334 3892 Art.
1373 3843 1508 3890 Poet.
1604 3839 1754 3899 chun
1792 3841 1906 3904 qui,
1940 3841 2064 3888 inito
2112 3840 2395 3900 tribunatu,
2434 3839 2535 3902 egit
2571 3838 2634 3887 de

494 3937 570 3970 vs.
599 3923 729 3980 444:
769 3941 790 3962 ι
807 3922 956 3982 Quod
984 3925 1087 3969 sine
1121 3921 1262 3969 rivali
1291 3930 1435 3984 teque
1463 3929 1514 3966 et
1600 3918 1842 3967 dictatore
1868 3919 2123 3984 Pompeio.
2162 3921 2325 3972 Mut-

493 4013 576 4048 ωε
611 3999 746 4048 nolus
779 4014 960 4048 amam
971 4021 1014 4048 ιι.
1030 4001 1238 4048 Accedit
1267 3999 1332 4046 ad
1354 3998 1508 4046 Attic.
1679 4014 1761 4046 ιο.
1776 3998 1891 4046 Non
1906 3997 2154 4061 probabit.
2178 3997 2295 4046 Non
2314 3995 2631 4061 persuadebit

493 4081 592 4138 VI,
631 4079 690 4126 3:
726 4079 923 4138 «Hujus
947 4078 1208 4126 nebulonis
1234 4077 1508 4126 obit-tione
1598 4075 1883 4125 bominibus
1902 4110 1916 4134 ,
1949 4093 2102 4140 quum
2138 4093 2228 4140 per
2268 4076 2373 4136 eim
2417 4075 2629 4124 amicum

487 4163 524 4206 si
555 4161 726 4207 Brutus
756 4160 938 4206 moveri
967 4169 1158 4222 potent,
1195 4156 1365 4205 licebit
1397 4171 1506 4206 enm
1596 4169 1784 4220 agatur.
1804 4158 1954 4204 Imm.
