3019 4681
614 399 1141 481 EPISTOLAE
1190 412 1390 483 CIC.
1434 415 1562 482 ET
1608 418 1962 503 BRUTI,
2009 444 2126 489 21.
2305 446 2433 519 701
2485 364 2490 369 ⁸

310 556 389 603 se
421 531 687 630 probat
722 531 1129 621 industria,¹
1173 535 1557 629 patientia,
1591 535 1874 628 labore,
1911 542 2134 611 animi
2165 550 2447 643 magni-

312 642 597 731 tudine,
663 646 863 713 omni
917 641 1235 739 denique
1271 642 1554 736 officio,
1589 662 1675 717 ut
1705 672 2004 773 prorsus
2045 678 2448 752 numquam

311 752 673 825 dimittere
750 752 1077 824 videatur
1155 756 1664 851 cogitationem
1692 812 1712 843 ‚
1785 760 1901 855 cuj
1912 784 1996 832 us
2063 762 2154 833 sit
2229 763 2444 839 filius.

313 866 555 954 Quare
577 917 598 950 ‚
627 866 974 960 quoniam
1000 861 1287 935 efficere
1319 891 1469 937 non
1502 892 1799 965 possum
1821 923 1842 953 ‚
1873 885 1955 940 ut
1980 872 2208 969 pluris
2235 873 2449 949 facias

314 998 483 1044 eum
503 1028 523 1061 ,
561 974 691 1070 qui
720 974 857 1045 tibi
885 988 991 1045 est
1024 976 1461 1065 carissimus;
1483 975 1666 1049 illud
1685 976 1924 1050 tribue
1943 980 2220 1075 judicio
2240 1009 2406 1057 meo
2428 1040 2448 1075 ‚

314 1098 398 1153 ut
424 1082 559 1153 tibi
580 1082 1042 1182 persuadeas,
1071 1109 1225 1155 non
1254 1083 1411 1157 fore
1430 1085 1533 1158 illi
1559 1085 2010 1160 abutendum
2034 1092 2262 1189 gloria
2291 1110 2450 1187 tua,

315 1208 405 1373 οὲ
438 1192 871 1374 {iipiscatur
901 1194 1213 1267 honores
1255 1209 1620 1292 paternos.
1674 1199 1980 1271 Kalend.
2015 1202 2218 1347 april.
2265 1210 2450 1303 Dyr-

314 1329 349 1373 r
406 1328 449 1373 a
543 1328 615 1375 ιο
637 1314 667 1346 ²

384 1471 435 1502 2.
462 1454 559 1503 Alii
586 1454 766 1503 habent
793 1454 1067 1517 Carachio,
1095 1454 1175 1503 vel
1205 1454 1509 1515 Char-achia,
1535 1474 1716 1507 nome·
1737 1460 1981 1525 ignotum.
2006 1464 2040 1511 J
2047 1466 2138 1514 .V.
2161 1466 2216 1514 L.

306 1637 583 1665 mut-:um

952 1638 1226 1659 mmm

1599 1641 1784 1661 m

2061 1645 2432 1668 mm

909 1816 1508 1897 EPISTOLA
1564 1820 1847 1899 XXII.

754 1969 957 2023 Romae
976 2006 994 2036 ,
1023 1982 1176 2022 anno
1204 1968 1279 2023 U.
1312 1966 1374 2024 C.
1414 1984 1563 2038 710,
1595 1986 1790 2025 mense
1825 1968 2013 2046 aprili.

985 2120 1294 2183 CICERO
1341 2119 1634 2186 BRUTO
1679 2122 1743 2186 S.

410 2276 633 2344 DA‘ris
673 2293 886 2340 mane
924 2294 987 2340 a.
1034 2268 1105 2339 d.
1148 2280 1265 2339 v1¹
1314 2270 1411 2342 id.
1450 2272 1654 2370 april.
1693 2274 1980 2370 Scaptio
2019 2272 2277 2365 literis,
2322 2300 2446 2350 eo-

314 2384 481 2455 dem
525 2382 642 2453 die
686 2395 847 2451 tuas
883 2383 1126 2478 accepi
1164 2379 1305 2452 kal.
1343 2381 1552 2479 april.
1593 2382 2044 2479 Dyrrhachio
2089 2384 2286 2456 datas
2321 2412 2448 2459 ve-

237 2474 242 2479 *
314 2494 573 2592 speri2.
604 2495 861 2590 Itaque
895 2515 1107 2562 mane
1126 2490 1313 2590 prid.
1346 2491 1438 2562 id.
1475 2516 1628 2590 apr.
1655 2517 1886 2591 quum
1919 2518 1962 2564 a
1983 2498 2267 2595 Scaptio
2296 2523 2448 2570 cer-

318 2605 457 2674 tior
495 2601 724 2673 factus
775 2625 999 2672 essem
1019 2655 1038 2688 ‚
1092 2625 1243 2671 non
1302 2627 1453 2674 esse
1515 2627 1639 2674 eos
1699 2601 2064 2700 profectos
2098 2659 2118 2694 ‚
2178 2607 2448 2703 quibus

314 2714 545 2811 pridie
585 2711 923 2783 dederam
951 2766 971 2800 ‚
1022 2727 1097 2783 et
1134 2717 1369 2783 statim
1408 2716 1550 2802 ire,
1604 2713 1748 2784 hoc
1790 2713 2119 2810 paullum
2166 2719 2444 2788 exaravi

316 2828 472 2923 ipsa
505 2825 581 2893 in
626 2821 841 2894 turba
876 2825 1245 2893 matutinae
1283 2823 1750 2895 salutationis.
1783 2827 1892 2896 De
1922 2827 2163 2896 Cassio
2205 2825 2451 2917 laetor,

316 2950 387 3005 et
424 2932 834 3031 reipublicae
872 2933 1236 3030 gratulor;
1283 2933 1461 3003 mihi
1504 2935 1758 3017 etiam,
1795 2937 1922 3030 qui
1944 2988 1964 3022 ‚
1996 2952 2451 3032 repugnante

316 3060 389 3116 et
425 3047 777 3115 irascente
816 3048 1074 3130 Pansa,
1116 3044 1544 3135 sententiam
1593 3043 1899 3146 dixerim
1929 3097 1947 3129 ‚
1986 3059 2071 3114 ut
2110 3045 2450 3119 Dolabel-

194 3167 202 3173 '
313 3157 459 3226 lam
496 3153 687 3226 bello
730 3154 1014 3226 Cassius
1041 3167 1620 3250 persequeretur.
1654 3157 1746 3222 Et
1781 3152 2076 3248 quidem
2111 3154 2450 3228 audacter

314 3265 681 3354 dicebam,
722 3267 877 3336 sine
914 3279 1167 3334 nostro
1189 3258 1863 3334 senatusconsulto³
1893 3263 2042 3358 jam
2069 3263 2248 3335 illud
2281 3291 2450 3338 eum

392 3471 437 3502 1.
488 3455 637 3502 Mane
674 3469 723 3502 a.
770 3452 821 3501 d.
859 3453 932 3498 VI
966 3450 1031 3498 id.
1076 3466 1186 3514 apr.
1216 3451 1335 3498 Haec
1422 3449 1505 3496 Ad
1523 3464 1578 3496 ea
1598 3447 1744 3496 verba
1761 3449 1898 3496 Bruti
1917 3448 2280 3498 lanuto-Hoc
2298 3453 2450 3516 magis

314 3534 521 3600 epistola
540 3534 651 3582 data
669 3543 743 3580 est
762 3531 832 3582 id.
852 3531 995 3596 april.
1018 3533 1183 3594 Quare
1198 3529 1338 3594 quod
1426 3527 1573 3575 doleo
1587 3561 1603 3586 ,
1625 3527 1790 3574 Asiam
1815 3529 1884 3576 sic
1905 3527 2070 3576 vexari
2086 3543 2114 3575 a
2131 3529 2384 3578 Dolabelln
2397 3553 2422 3572 a
2435 3568 2452 3594 ‚

314 3615 551 3680 scriptum
584 3623 658 3660 est
684 3626 699 3660 ε
736 3633 763 3653 ιι
789 3611 913 3660 datis
942 3627 1081 3658 mane
1111 3626 1157 3658 a.
1191 3609 1241 3658 d.
1266 3611 1338 3656 VI
1424 3607 1493 3654 ita
1515 3605 1764 3655 rescribit:
1788 3629 1812 3649 α
1827 3609 1902 3655 Ex
1920 3607 1982 3654 iis
1999 3606 2174 3665 literis,
2194 3624 2314 3671 quas
2329 3611 2453 3660 mihi

315 3693 384 3740 id.
404 3715 427 3734 ›-
446 3691 704 3755 legendum
720 3701 793 3738 est
818 3707 869 3738 a.
897 3689 947 3736 d.
982 3691 1068 3738 ΙΙΙ
1079 3724 1092 3748 ,
1117 3687 1252 3753 quod
1278 3702 1339 3734 ex
1426 3685 1598 3734 misisti
1612 3720 1627 3744 ‚
1648 3683 1904 3734 Dolabella
1929 3684 2092 3734 Asiam
2115 3701 2289 3735 vexate
2310 3689 2450 3739 vide-

312 3771 517 3836 epistola
544 3771 649 3833 ipsa
685 3778 851 3832 aperte
883 3778 1031 3832 patet.
1064 3767 1145 3815 Ad
1170 3781 1339 3814 ornnes
1430 3777 1576 3813 tur».
1598 3767 1774 3813 Smoxt.

310 3849 578 3915 superioris
611 3849 749 3896 Bruti
785 3847 1001 3911 epistolae
1034 3857 1193 3910 partes
1222 3845 1332 3894 dili·
1492 3861 1543 3894 2.
1573 3840 1799 3908 Vesperi·
1825 3843 1942 3892 Non
1965 3842 2102 3892 datas
2124 3846 2311 3910 vesperi
2326 3881 2341 3906 ,
2364 3849 2452 3898 sed

314 3928 589 3993 gentissime
633 3924 914 3990 respondet.
964 3927 1203 3972 Praeterea
1246 3942 1297 3973 se
1317 3958 1335 3986 ,
1421 3922 1590 3989 accepi
1630 3925 1834 3987 vesperi.
1881 3922 2075 3970 Idcirco
2111 3923 2410 3976 subdistinxi
2433 3963 2449 3988 ‚

314 4019 612 4073 repugnante
641 4011 793 4054 Pansa
808 4037 823 4061 ,
845 4005 1133 4052 sententiam
1158 4005 1338 4052 dixisse
1430 4003 1604 4063 datas,
1623 4003 1832 4067 vesperi,
1863 4005 2167 4052 Pla-nctus.

310 4088 403 4145 ait,
426 4097 482 4135 ut
510 4083 813 4134 Dolabellam
842 4083 1037 4132 Caosim
1064 4083 1195 4132 bello
1224 4099 1341 4148 per·
1502 4083 1552 4130 3.
1580 4081 1692 4130 Sine
1712 4093 1876 4131 nostro
1897 4083 1990 4132 SC.
2021 4084 2100 4132 Sic
2128 4083 2188 4132 ad
2210 4084 2455 4143 Cassium,

310 4175 612 4230 sequeretur,
640 4179 785 4226 quam
812 4161 935 4210 dixit
962 4163 1011 4210 in
1034 4165 1107 4210 XI
1128 4162 1343 4227 Philipp.
1434 4163 1485 4209 in
1501 4163 1645 4228 epist.
1665 4179 1713 4224 7,
1730 4163 1816 4211 lib.
1831 4166 1961 4224 111,
1975 4163 2040 4213 ad
2056 4163 2167 4211 Div.
2186 4164 2459 4232 «Ji-omisi,
