3019 4681
652 344 1171 414 EPISTOLAE
1220 344 1355 412 AD
1406 344 1926 432 ATTICUM,
1961 346 2169 431 XIV,
2208 370 2324 415 aa.
2427 349 2562 431 421

425 488 630 561 reor,
666 490 761 537 ne
790 463 971 536 nihil
998 466 1419 562 conjectura
1452 465 1808 539 aberrem.
1845 468 2148 539 Minime
2179 468 2374 539 enim
2401 466 2574 541 obs·

430 600 684 651 curum
714 590 859 665 est,
876 575 1057 674 quid
1085 578 1201 647 isti
1228 576 1622 649 moliantur
1639 578 1882 673 (meus
1907 602 2083 650 vero
2101 576 2501 676 discipulus
2518 588 2578 664 ¹,

430 688 559 786 qui
592 685 817 757 hodie
851 684 1047 784 apud
1084 712 1201 758 me
1244 702 1518 776 coenat,
1559 686 1768 759 valde
1808 701 1998 759 amat
2044 687 2249 757 illum
2278 742 2299 775 ,
2351 711 2572 785 quem

428 801 695 869 Brutus
724 811 975 869 noster
1002 800 1415 891 sauciavit),
1444 812 1550 887 et,
1575 800 1634 870 si
1662 799 1924 896 quaeris
1953 796 2346 896 (perspexi
2381 798 2576 869 enim

429 903 725 1002 plane),
767 904 1029 975 timent
1060 907 1327 991 otium3
1356 906 1636 976 ὑπόθεσιν
1656 916 1685 947 ²
1724 919 1965 977 autem
2021 903 2231 993 hanc
2251 903 2529 977 habent
2557 958 2578 993 ,

431 1038 739 1112 eamque
760 1039 905 1113 prae
924 1040 999 1087 se
1025 1012 1271 1087 ferunt
1286 1070 1307 1106 ‚
1327 1017 1566 1089 virum
1589 1016 2066 1089 clarissimum
2087 1012 2582 1101 interfectum,

314 1136 321 1149 ‘
430 1138 655 1195 totam
694 1123 1216 1223 rempublicam
1248 1125 1437 1199 illius
1474 1128 1776 1199 interitu
1804 1125 2339 1225 perturbatam3
2379 1126 2580 1197 irrita

358 3237 366 3249 '
444 3229 529 3281 Ad
552 3229 666 3278 niv.
683 3229 778 3288 IV,
802 3229 883 3278 16.

430 1232 626 1323 fore,
663 1259 827 1332 quae
879 1234 998 1307 ille
1040 1238 1297 1333 egisset
1319 1291 1340 1326 ,
1384 1235 1603 1310 simul
1641 1260 1722 1308 ac
1765 1234 2190 1308 desistemus
2209 1232 2238 1279 ³
2267 1236 2525 1307 timere
2558 1260 2580 1321 3

432 1346 887 1418 clementiam
930 1346 1036 1416 illi
1078 1346 1269 1418 malo
1307 1344 1528 1419 fuisse
1551 1402 1570 1436 ,
1611 1371 1756 1445 qua
1794 1348 1853 1417 si
1889 1371 2065 1418 usus
2113 1371 2266 1416 non
2305 1350 2579 1431 esset4,

432 1454 615 1525 nihil
656 1456 723 1526 ei
774 1455 918 1526 tale
960 1455 1287 1527 accidere
1332 1458 1680 1555 potuisse.
1745 1456 1925 1526 Mihi
1971 1470 2210 1526 autem
2257 1457 2458 1527 venit
2499 1456 2580 1526 in

433 1578 790 1650 mentem,
846 1567 904 1635 si
964 1568 1351 1665 Pompeius
1407 1591 1576 1637 cum
1645 1568 1967 1639 exercitu
2015 1565 2228 1635 firmo
2285 1568 2530 1637 veniat
2560 1619 2582 1651 ,

436 1669 639 1768 quod
675 1685 781 1740 est
808 1676 1055 1771 εὔλογον
1075 1668 1134 1756 ⁵,
1178 1686 1379 1745 certo
1423 1670 1582 1744 fore
1620 1670 1922 1744 bellurn.
1961 1676 2129 1743 Haec
2162 1695 2280 1741 me
2307 1672 2581 1768 species

437 1781 923 1879 cogitatioque
962 1779 1359 1882 perturbat.
1403 1784 1658 1881 Neque
1694 1784 1888 1855 enirn
1909 1778 1976 1873 ⁶,
2012 1780 2217 1879 quod
2247 1780 2382 1852 tibi
2421 1794 2582 1851 tum

436 1889 718 1978 licuit7,
746 1889 963 1962 nobis
998 1916 1197 1965 nunc
1242 1892 1505 1965 licebit.
1541 1896 1724 1965 Nam
1767 1908 2015 1991 aperte
2055 1892 2269 1962 laetati
2305 1914 2576 1961 sumus.

436 1997 719 2071 Deinde
756 1998 1033 2073 habent
1081 2002 1155 2073 in
1209 2026 1336 2075 ore
1360 2057 1379 2089 ,
1426 2028 1562 2074 nos
1603 1988 1943 2101 ingratos.
1985 2000 2206 2075 Nullo
2241 2000 2464 2071 modo
2496 1998 2580 2069 li-

438 2105 633 2177 cebit
655 2158 675 2191 ,
710 2107 913 2203 quod
950 2123 1106 2179 tum
1150 2123 1227 2181 et
1270 2107 1405 2179 tibi
1436 2108 1676 2195 licuit,
1735 2121 1810 2179 et
1847 2106 2116 2178 multis.
2144 2110 2580 2202 Φαινοπροσω-

438 2220 664 2290 πητέον
690 2206 722 2257 ⁸
762 2239 971 2312 erg0,
1013 2230 1086 2287 et
1118 2218 1274 2286 ἰτέον
1295 2225 1329 2273 9
1368 2216 1445 2285 in
1483 2228 1714 2285 castra
1734 2214 1764 2284 Ξ)
1786 2212 2042 2285 Millies
2069 2214 2256 2284 mori
2288 2204 2581 2298 melius,

439 2323 611 2399 huic
646 2327 1035 2426 praesertim
1072 2328 1279 2398 aetati.
1332 2330 1587 2423 ltaque
1624 2349 1742 2396 me
1797 2324 1960 2397 idus
1997 2337 2207 2396 mart.
2245 2349 2396 2396 non
2431 2337 2578 2396 tam

441 2439 951 2526 consolantur,
1013 2463 1232 2536 quam
1296 2451 1528 2508 antea.
1577 2439 1923 2534 Magnum
1983 2438 2178 2507 enim
2229 2433 2578 2506 mendum

440 2552 840 2623 continent.
878 2550 1028 2622 Etsi
1064 2549 1166 2620 illi
1190 2549 1496 2645 juvenes
1522 2555 1584 2589 ¹⁰

718 2721 939 2793 Ᾰλλοις“
964 2733 1011 2784 ἐν
1042 2731 1225 2790 ἃσθλοῖς
1250 2724 1389 2782 τόνδ’
1416 2729 1726 2781 ἀπωθοῦνται
1755 2727 1919 2796 ψόγον.
2009 2726 2025 2743 “

444 2876 585 2950 Sed
611 2929 631 2962 ,
673 2878 735 2948 si
780 2891 863 2949 tu
928 2876 1185 2948 melius
1235 2875 1612 2973 quippiam
1662 2895 1947 2971 speram,
2006 2869 2208 2969 quod
2257 2885 2332 2942 et
2371 2871 2582 2968 plura

522 3087 567 3118 ι.
592 3068 879 3135 Βίεσῲιιὶω.
904 3069 1109 3118 Hirtius.
1138 3090 1159 3113 ι
1176 3069 1390 3117 Hirtium
1418 3079 1469 3116 et

444 3148 749 3198 Dolabellam
775 3149 969 3197 dicendi
988 3147 1256 3214 discipulos
1272 3147 1465 3197 habes».

1629 3067 1678 3114 8.
1705 3063 2202 3132 Φαινοπροσωπητίον.
2232 3065 2414 3110 Levato
2441 3063 2581 3124 velo,

1557 3145 1722 3212 posita
1747 3144 2156 3202 dissimulatione,
2177 3141 2436 3207 agendum.

1629 3239 1679 3286 9.
1705 3211 1851 3274 irim.
1879 3221 2122 3270 Eundum.

1633 3318 1713 3353 so.
1754 3302 1841 3352 1111·
1866 3302 2087 3366 juvenes.
2119 3301 2161 3348 E
2201 3297 2468 3360 conjuratis
2501 3299 2585 3347 vix

1559 3397 1684 3431 unus
1710 3392 1795 3428 ant
1813 3381 1934 3429 alter
1958 3377 2376 3444 quadragesimum
2403 3393 2582 3426 aunum

1558 3470 1849 3519 excesserat3
1867 3459 2010 3507 multi
2029 3473 2132 3506 uon
2151 3457 2434 3520 attigerant3
2457 3473 2586 3505 unus

1561 3539 1850 3597 consularis,
1877 3536 2172 3586 Trebonius.
2208 3537 2304 3586 En.

1637 3637 1660 3668 ι
1675 3633 1719 3669 1.
1747 3604 1910 3673 Ᾰλλοις
1931 3615 1976 3665 ἐν
2000 3615 2192 3672 {officit-
2223 3615 2383 3664 «Aliis
2407 3615 2460 3662 in
2495 3616 2587 3664 bo-

1560 3701 1637 3748 uis
1660 3699 1788 3747 hanc
1825 3697 2065 3762 effugiunt
2109 3696 2516 3761 vituperationem
2538 3716 2584 3745 a.

519 3325 548 3356 a
556 3346 569 3359 .
582 3296 819 3357 indo-ew.
829 3307 1465 3378 Proetextum,occesionem.

512 3391 570 3439 3.
594 3391 805 3436 Faernus
818 3389 949 3449 coni.
974 3387 1320 3446 desisteremus,
1333 3384 1471 3450 quod

447 3469 631 3519 Ursino
654 3469 810 3533 magis
833 3469 1009 3532 placet.
1027 3470 1060 3518 J
1063 3505 1076 3516 .
1096 3470 1161 3516 V.
1178 3469 1231 3515 1..

522 3556 575 3607 k.
598 3547 885 3611 A1.fm·sset.
908 3549 941 3597 J
946 3585 959 3598 .
981 3550 1048 3598 V.
1066 3551 1119 3596 1..

522 3627 571 3680 5.
592 3627 818 3698 Εὕλογον.
843 3629 1249 3677 Consentaneum.

520 3707 573 3756 6.
613 3707 888 3766 Victorius,
920 3729 943 3752 ι
966 3707 1142 3771 Neque
1168 3705 1297 3754 euim
1335 3705 1435 3766 jam
1455 3737 1473 3764 ,

449 3785 588 3852 quod
610 3797 647 3836 t.
670 3798 713 3836 t.
739 3785 813 3835 l.»
850 3785 949 3835 Sed
988 3803 1141 3851 quum
1170 3789 1283 3858 sam
1308 3785 1473 3833 locum

446 3881 553 3914 nou
572 3865 746 3914 habeat
759 3901 775 3926 ,
800 3867 916 3930 quia
934 3883 1053 3914 mox
1079 3883 1211 3916 nunc
1234 3875 1331 3926 est,
1352 3863 1476 3912 illud

450 3945 699 3996 Ernestiu·
726 3944 926 3994 delevit.
944 3947 977 3995 J
1006 3947 1071 3994 V.
1089 3948 1145 3995 1..

528 4033 575 4078 7.
628 4017 778 4081 Quod
813 4016 905 4065 tibi
946 4027 1048 4065 tum
1088 4016 1237 4066 licuit.
1275 4017 1475 4066 Cas-ri·

452 4093 609 4157 bello,
635 4108 693 4146 ut
727 4106 945 4147 neutram
972 4107 1159 4162 partem
1188 4097 1472 4163 sequereris.

1561 3783 1676 3830 Hoc
1692 3778 1836 3828 dicit:
1858 3779 1922 3826 ita
1937 3777 1998 3825 de
2013 3775 2261 3842 republica
2281 3774 2438 3823 meriti
2456 3786 2589 3834 suut,

1563 3871 1622 3908 ut
1641 3858 1705 3906 ad
1725 3873 1809 3906 eos
1833 3857 1930 3905 hoc
1967 3856 2178 3904 dedecus
2201 3871 2304 3904 non
2329 3855 2586 3919 pertineat.

1564 3941 1746 3987 versus
1787 3947 1861 3986 eat
1907 3937 2084 3985 veteris
2126 3934 2378 3998 cajani-m
2419 3935 2596 3999 tragici

1566 4016 2038 4084 grechwalkenaer,
2059 4011 2271 4064 Dian-ib.
2291 4013 2354 4062 ad
2369 4012 2592 4079 Euripid.

1565 4111 1678 4162 pag.
1713 4112 1836 4160 192,
1864 4095 2122 4162 Sophoclis
2147 4111 2250 4143 esse
2276 4102 2430 4158 putat.
2463 4093 2553 4142 Bu.
