3019 4681
572 357 710 430 580
814 431 823 439 κ
1127 347 1167 364 “’
1214 345 1311 426 M.
1361 357 1441 425 T.
1494 349 2053 430 CICERONIS

566 481 719 554 dias
744 482 903 551 vitae
940 503 1085 551 suae
1122 477 1325 566 fieri3
1378 481 1459 549 C.
1498 483 1852 550 Catonem
1891 505 1932 552 a
1969 483 2224 553 Crasso
2267 489 2694 574 sustentari3

560 591 813 664 Clodio
850 590 1231 690 pecuniam
1256 587 1732 686 suppeditari3
1762 603 2156 688 utrumque
2181 606 2254 663 et
2289 591 2382 664 ab
2405 619 2526 683 eo,
2553 609 2630 668 et
2655 621 2695 668 a

558 705 907 788 Curione,
948 698 1248 786 Bibulo,
1274 698 1676 794 ceterisque
1701 698 1846 769 suis
1881 696 2494 774 obtrectatoribus
2523 729 2696 776 con-

559 813 831 886 firmari
858 839 878 898 ;
920 809 1389 880 vehementer
1412 831 1567 878 esse
1591 805 2128 904 providendum
2149 864 2171 896 ‚
2201 833 2296 882 ne
2321 815 2690 910 opprima-

469 1007 481 1016 ,
558 939 715 1011 tur,
762 919 1224 992 concionario
1249 926 1315 975 ¹⁹
1353 916 1479 986 illo
1529 917 1807 1014 populo
1849 941 1892 987 a
1939 941 2016 989 se
2065 943 2298 1018 prope
2333 922 2644 996 alienato
2671 977 2692 1012 ‚

554 1031 927 1103 nobilitate
968 1029 1259 1098 inimica
1279 1080 1300 1113 ‚
1354 1049 1506 1096 non
1545 1049 1758 1122 aequo
1793 1042 2086 1116 senatu,
2119 1030 2504 1124 juventute
2555 1038 2688 1105 im·

550 1141 801 1242 proba.
829 1145 1082 1235 ltaque
1114 1161 1189 1208 se
1219 1151 1588 1233 comparat
1607 1189 1628 1224 ‚
1677 1135 2012 1210 homines
2038 1163 2130 1210 ex
2167 1143 2354 1238 agris
2377 1148 2690 1217 arcessit.
2743 1127 2759 1136 ’

550 1258 823 1350 Operas
849 1262 1090 1320 autem
1124 1271 1286 1318 suas
1314 1246 1611 1318 Clodius
1639 1245 2062 1338 confirm'at3
2090 1273 2350 1324 manus
2388 1253 2482 1324 ad
2515 1258 2690 1346 Qui-

542 1362 794 1436 rinalia
837 1372 1152 1458 paratur.
1200 1363 1286 1428 In
1328 1381 1417 1428 eo
1456 1356 1690 1428 multo
1721 1381 1974 1431 sumus
2015 1363 2426 1458 superiores
2459 1366 2686 1463 ipsius

540 1472 787 1569 copiis.
821 1467 964 1540 Sed
992 1489 1250 1562 magna
1286 1489 1544 1537 manus
1561 1475 1628 1510 ²⁰
1659 1489 1747 1536 ex
1777 1469 2046 1541 Piceno
2071 1485 2144 1542 et
2177 1472 2407 1544 Gallia
2437 1499 2686 1574 exspe-

538 1597 801 1668 ctatur,
847 1593 928 1649 ut
972 1578 1261 1648 etiam²1
1300 1577 1593 1646 Catonis
1632 1578 2134 1672 rogationibus
2173 1581 2264 1652 de
2299 1582 2574 1655 Milone
2613 1599 2688 1658 et

537 1690 849 1763 Lentulo
886 1689 1325 1758 resistamus.
2315 1717 2324 1728 ·

630 1807 712 1872 A.
751 1798 820 1871 d.
862 1823 971 1868 im
1006 1795 1100 1867 id.
1140 1797 1501 1865 Sextius²²
1541 1793 1632 1865 ab
1665 1793 1903 1868 indice
1928 1795 1993 1842 ²³
2044 1803 2173 1872 Cn.
2219 1802 2484 1891 Nerio,
2531 1807 2672 1891 PU&

540 1914 735 2012 pinia
756 1909 849 1998 2⁴,
905 1906 995 1979 de
1052 1904 1329 1977 ambitu
1390 1917 1499 1975 est
1551 1904 2002 2000 postulatus3
2049 1923 2122 1980 et
2171 1909 2426 1982 eodem
2475 1912 2594 1984 die
2639 1937 2682 1984 a

536 2021 855 2122 quodam
891 2022 989 2089 M.
1030 2016 1267 2088 Tullio
1289 2011 1357 2057 ²⁵
1395 2012 1484 2086 de
1524 2015 1614 2084 vi.
1654 2019 1724 2086 Is
1763 2031 1917 2088 erat
1948 2043 2154 2116 aeger.
2194 2025 2516 2093 Domum
2555 2024 2680 2117 (ut

536 2127 969 2224 debuimus)
1016 2125 1107 2198 ad
1148 2151 1317 2198 eum
1370 2125 1608 2196 statim
1653 2128 2018 2218 venimus,
2063 2133 2276 2229 eique
2313 2157 2450 2206 nos
2486 2148 2678 2206 totos

536 2239 1006 2324 tradidi-mu53
1046 2235 1271 2332 idque
1320 2232 1623 2306 fecimus
1671 2250 1932 2332 praeter
1969 2237 2351 2312 hominum
2385 2245 2678 2343 opinio-

539 2378 706 2425 nem
730 2405 750 2438 ‚
786 2352 917 2447 qui
952 2372 1087 2420 nos
1124 2350 1191 2418 ei
1217 2346 1379 2441 jure
1415 2368 1842 2419 succensere
1877 2348 2268 2445 putabant,
2311 2367 2396 2424 ut
2423 2353 2678 2426 huma·

536 2461 849 2541 nissimi,
882 2456 1409 2555 gratissimique
1439 2468 1513 2524 et
1541 2454 1715 2552 ipsi,
1743 2470 1820 2527 et
1851 2459 2192 2532 omnibus
2225 2460 2669 2537 videremur:

538 2575 791 2665 itaque
820 2565 1180 2638 faciemus.
1220 2562 1361 2635 Sed
1404 2561 1596 2634 idem
1631 2566 1890 2638 Nerius
1925 2568 2144 2641 index
2177 2569 2404 2643 edidit
2439 2573 2533 2644 ad
2570 2575 2672 2646 al·

542 2681 811 2777 legatos
827 2673 918 2761 ²⁶,
976 2678 1107 2746 Cn.
1162 2670 1553 2743 Lentulum
1601 2677 1932 2747 Vacciam
1981 2694 2056 2749 et
2101 2682 2182 2751 C.
2229 2683 2670 2756 Cornelium.

536 2785 809 2858 Eodem
850 2784 968 2856 die
1008 2781 1716 2855 senatusconsultum
1752 2782 2023 2859 factum
2059 2803 2206 2880 est,
2242 2816 2338 2862 ιη·
2375 2818 2668 2866 sonam·

615 2934 695 3036 1⁴9·
742 2969 1086 3021 concionatio.
1128 2970 1207 3017 An
1240 2983 1340 3017 non
1379 2966 1552 3015 reneri·
1712 2970 1795 3018 23.
1842 2973 2028 3025 Indice.
2065 2977 2319 3026 Ciceronis
2360 2980 2667 3045 temporibus

534 3064 671 3117 ptum
720 3051 943 3117 oportuit
965 3085 979 3109 ,
1015 3046 1381 3098 concionator-io
1402 3054 1431 3096 P
1474 3048 1554 3097 Sic
1639 3049 1842 3098 verbum
1887 3052 2062 3102 indicis
2116 3057 2394 3105 convicium
2451 3060 2576 3119 suit,
2617 3072 2668 3111 et

534 3150 649 3182 sane
696 3142 841 3198 putat
882 3128 1185 3179 Gulielmius.
1236 3129 1305 3177 At
1346 3128 1469 3193 quid
1511 3130 1554 3176 ei
1637 3144 1818 3179 nomen
1852 3134 2034 3196 perditi
2075 3135 2320 3196 hominis,
2345 3148 2426 3197 ut,
2446 3139 2544 3189 aab
2573 3140 2665 3187 in-

532 3214 653 3273 fuit,
680 3208 956 3263 concionati
967 3215 993 3255 θ
1017 3211 1201 3285 Giurr.¹
1553 3244 1556 3247 -
1637 3210 1974 3273 potatoribus,
2015 3228 2196 3263 nomen
2235 3215 2472 3266 delatoris
2507 3229 2559 3267 et
2585 3236 2664 3268 eo·

606 3309 686 3341 20.
708 3294 905 3339 Manias.
933 3287 1175 3337 clientum
1198 3288 1443 3351 Pompeii,
1475 3288 1550 3337 Ci-
1631 3290 1854 3355 genitoris.
1881 3294 2050 3343 Geor.
2069 3296 2192 3345 Seet.
2211 3297 2300 3355 IV,
2331 3296 2381 3345 ³.

532 3372 752 3433 cei-onis,
779 3369 1000 3427 Lentuli,
1034 3367 1251 3417 Milonis.
1286 3370 1436 3417 Mur.
1707 3372 2034 3435 24.Ptepinia.
2051 3374 2126 3421 Ex
2145 3372 2280 3422 tribu
2299 3376 2524 3439 Pupinia.

600 3468 690 3501 υ.
729 3454 797 3499 Ue
832 3451 997 3498 etiam.
1025 3449 1096 3497 Ut
1128 3464 1233 3497 non
1258 3449 1409 3497 modo
1432 3448 1548 3498 Glo-
1706 3451 1788 3499 25.
1827 3453 1898 3500 M.
1935 3450 2110 3500 Tullio.
2140 3452 2232 3502 cni
2261 3468 2544 3516 cognomen
2569 3456 2664 3507 fuit

528 3533 639 3583 dius
664 3532 851 3596 aliquid
864 3531 921 3579 iu
940 3545 1029 3578 nee
1046 3546 1135 3595 per
1154 3530 1251 3577 vim
1274 3544 1414 3593 egere
1440 3546 1546 3579 nou
1634 3528 1964 3579 Albinovano.
1978 3530 2106 3579 Vide
2133 3541 2255 3580 oret.
2278 3532 2332 3578 in
2350 3532 2519 3583 Vatin-

526 3612 707 3673 pouit,
752 3610 838 3659 eed
872 3626 965 3657 nee
999 3610 1120 3659 Cato
1152 3610 1431 3673 rogationes
1464 3624 1546 3657 ees
1587 3644 1594 3653 .
1705 3609 1794 3659 26.
1825 3608 2094 3674 Allegmos.
2113 3610 2372 3675 Allegaeos
2399 3612 2528 3661 dicit
2543 3614 2662 3663 'rul-

528 3688 737 3751 petferre
760 3722 777 3745 ,
815 3704 935 3752 ques
962 3688 1025 3737 de
1054 3688 1245 3737 Milone
1266 3697 1319 3736 et
1337 3689 1546 3737 Lentulo
1631 3685 1726 3733 liu·
1757 3686 1844 3750 qui
1869 3687 2022 3750 vulgo
2045 3687 2261 3754 delegati
2285 3688 2364 3737 vel
2397 3688 2652 3754 deputati,

524 3767 869 3831 promulgavit.
898 3770 1049 3816 Inna.
1631 3780 1718 3813 eos
1762 3766 1848 3829 qui
1881 3765 2142 3815 audiendis
2177 3766 2334 3831 ipsius
2373 3768 2571 3819 indiciis
2609 3782 2656 3819 et

592 3846 905 3895 Ἅιδα-εἰπε.
921 3846 1149 3904 Publius,
1170 3845 1257 3911 qui
1272 3860 1406 3895 anno
1424 3860 1542 3910 pro·
1631 3845 2002 3909 probationibus
2047 3846 2148 3897 dati
2201 3858 2334 3897 sunt.
2387 3850 2542 3914 Apud
2575 3866 2656 3899 eo·

516 3924 652 3971 xiiiio
680 3924 906 3973 tribunus„
927 3926 1325 3989 p1.cum·eptem
1343 3926 1542 3989 collegis
1627 3926 1778 3991 igitur
1803 3948 1828 3969 α
1843 3924 2002 3975 edidit
2035 3927 2188 3989 istu,
2213 3942 2428 3993 quorum
2467 3946 2661 3978 necun-

520 4003 582 4051 de
620 4003 859 4051 Cicerone
898 4003 1201 4053 restituendo
1238 4005 1542 4069 rogationem
1629 4003 1712 4053 bet
1737 4004 1981 4065 Sextium,
2005 4017 2058 4055 et
2085 4006 2322 4071 produxit
2351 4005 2656 4057 firmamenta

510 4081 797 4143 pertulerat.
832 4084 983 4129 Inui.
1637 4085 1959 4135 accusationis
1985 4100 2102 4135 sue.
2125 4088 2162 4133 1⁴·
2165 4122 2178 4136 .
2203 4086 2403 4136 Junms.
2437 4112 2504 4123 -·
2527 4088 2652 4137 Alli-
