3019 4681
508 350 642 446 372
1134 354 1231 421 M.
1282 353 1361 419 T.
1417 353 2003 425 clcERoNis

498 488 583 545 ut
613 470 795 543 nihil
830 492 997 543 eum
1036 471 1439 545 existimem
1476 476 1834 547 lecturum
1867 474 2228 548 libentius.
2263 480 2376 550 De
2399 481 2632 553 Attica

496 610 697 657 nunc
736 585 1033 657 demum
1078 583 1259 655 mihi
1302 600 1415 657 est
1450 586 1924 684 exploratum.
1975 591 2228 685 Itaque
2269 592 2336 661 ei
2387 588 2478 661 de
2515 593 2629 661 in-

494 708 699 791 tegro
760 692 1135 791 gratulare.
1200 694 1581 791 Tigellium
1636 706 1870 768 totum
1927 696 2101 768 mihi
2129 752 2152 787 ,
2207 713 2280 770 et
2331 700 2630 797 quidem

491 826 713 899 quam
758 804 1125 900 primum3
1164 826 1333 873 nam
1357 805 1643 901 pendeo
1675 808 1913 877 animi.
1935 810 2167 880 Narro
2192 808 2359 899 tibi,
2389 812 2625 902 Quin.-

492 928 611 983 tus
642 917 867 983 cras⁴.
906 912 1045 984 Sed
1080 912 1169 985 ad
1207 938 1362 1001 me,
1400 940 1497 985 an
1535 916 1626 986 ad
1664 931 1776 1005 te,
1811 922 2075 989 nescio.
2117 920 2300 991 Mihi
2345 922 2626 1020 scripsit

486 1029 791 1095 Romam
810 1020 840 1067 ⁵
873 1048 1005 1095 vui
1045 1022 1183 1095 kal.
1224 1025 1363 1096 Sed
1390 1028 1592 1115 misi,
1627 1029 1756 1124 qui
1792 1030 2126 1100 invitaret
2161 1058 2176 1100 :
2218 1031 2353 1102 etsi
2379 1030 2624 1103 hercle

478 1134 631 1229 jam
666 1140 970 1205 Romam
997 1132 1438 1225 veniendum
1468 1149 1614 1225 est,
1645 1161 1740 1207 ne
1767 1134 1920 1209 ille⁶
1947 1153 2116 1209 ante
2143 1138 2451 1229 advolet.

550 1312 600 1361 4.
639 1304 846 1369 Quintus
870 1320 1000 1353 eras.
1036 1304 1211 1367 Quinti
1236 1302 1368 1353 filins
1393 1320 1500 1353 ens
1662 1306 1715 1356 ⁵.
1745 1308 1968 1357 Romam.
1995 1310 2056 1357 Se
2076 1321 2354 1361 venturum.
2376 1312 2524 1361 Inus.

474 1395 712 1432 venturus
733 1394 823 1431 est.
853 1386 1014 1434 Coun.
1659 1383 1712 1435 6.
1730 1386 1838 1435 Ille.
1860 1385 2039 1437 Caesar.

1310 1536 1493 1557 mm
1502 1533 1961 1559 mmmm

476 1537 545 1556 w
568 1536 936 1557 mmm

1097 1658 1713 1739 EPISTOLA
1785 1663 1990 1742 LII.

470 1808 685 1864 Narrat
711 1807 993 1862 Caesarem
1018 1822 1051 1860 a
1076 1820 1135 1860 se
1161 1800 1419 1879 hospitio
1450 1816 1754 1881 acceptum
1773 1846 1791 1876 ‚
1814 1803 2220 1885 hospitemque
2249 1821 2362 1867 tam
2381 1828 2614 1887 gravem

551 1900 664 1960 sibi
688 1915 878 1959 tamen
899 1900 1206 1958 molestum
1237 1918 1355 1957 non
1384 1898 1580 1958 fuisse.
1600 1902 1704 1972 (In
1732 1904 2080 1977 Puteolano,
2110 1924 2264 1963 anno
2281 1908 2357 1966 U.
2386 1909 2454 1965 C.
2473 1906 2613 1981 708,

548 2018 745 2057 mense
771 1994 1120 2075 decembri.)

1148 2134 1465 2201 CICERO
1516 2138 1827 2203 A'I'rlco
1871 2139 1936 2205 S.

566 2286 629 2356 O
674 2272 1037 2381 hospitem
1076 2268 1257 2350 mihi
1302 2293 1449 2352 tam
1496 2300 1781 2376 gravem
1800 2274 1860 2348 ¹!
1911 2278 2421 2376 ἀμεταμέλητον;
2466 2280 2605 2354 fuit

470 2399 666 2467 enim
714 2389 1187 2491 perjucunde.
1236 2387 1376 2460 Sed
1431 2410 1665 2486 quum
1722 2386 2064 2460 secu-ndis
2109 2391 2608 2466 Saturnalibus
2651 2383 2658 2389 ’

470 2504 561 2576 ad
605 2499 1021 2602 Philippum
1065 2503 1346 2599 vesperi
1392 2504 1739 2587 venisset,
1776 2498 1942 2569 villa
1969 2500 2068 2570 ita
2095 2502 2454 2600 completa
2478 2505 2608 2574 mi-

464 2612 714 2686 litibus
774 2627 881 2684 est
907 2666 926 2699 ,
974 2625 1063 2682 ut
1119 2613 1241 2681 vix
1304 2609 1736 2697 triclinium,
1797 2606 1924 2679 ubi
1981 2625 2398 2685 coenaturus
2451 2614 2606 2712 ipse

466 2731 698 2800 Caesar
726 2738 946 2811 esset,
980 2735 1305 2793 vacaret:
1340 2721 1614 2818 quippe
1641 2717 2025 2790 hominum
2057 2744 2170 2791 cio
2195 2745 2307 2793 cro
2327 2733 2384 2792 ².
2418 2727 2604 2796 Sane

467 2859 628 2906 sum
694 2823 1101 2904 commotus
1116 2827 1173 2919 3,
1226 2828 1409 2929 quid
1460 2827 1790 2899 futurum
1849 2844 2036 2901 esset
2081 2830 2480 2927 postridie:
2519 2858 2605 2906 ac

464 2942 646 3014 mihi
682 2940 907 3014 Barba
933 2942 1263 3012 Cassius‘*
1294 2935 1669 3023 subvenit3
1713 2937 2048 3010 custodes
2083 2939 2326 3012 dedit:
2355 2947 2604 3016 Castra

463 3057 538 3124 in
567 3077 778 3150 agr03
806 3050 973 3121 villa
996 3048 1295 3122 defensa
1311 3062 1437 3120 est.
1470 3048 1599 3119 Ille
1625 3049 1854 3120 tertiis
1882 3049 2380 3124 Saturnalibus
2404 3054 2602 3153 apud

462 3164 875 3263 Philippum
934 3161 1025 3232 ad
1074 3160 1325 3232 horam
1350 3157 1379 3203 ⁵
1427 3185 1562 3246 vn,
1612 3183 1749 3231 nec
1798 3184 2238 3259 quemquam
2287 3161 2592 3237 admisit.

464 3277 808 3346 Rationes
844 3275 1109 3371 opinor
1136 3295 1305 3344 cum
1348 3269 1593 3341 Balbo.
1633 3268 1812 3341 Inde
1845 3271 2234 3344 ambulavit
2259 3277 2334 3346 in
2366 3275 2595 3347 litore.

535 3479 580 3511 x.
638 3461 861 3510 Gravem.
908 3458 1131 3506 Timebat
1172 3457 1372 3515 Cicero,
1416 3473 1479 3505 ne
1565 3455 1784 3520 hospitio
1853 3457 1992 3506 illum
2062 3460 2323 3524 accepisse.
2391 3461 2594 3512 Bonus.

452 3543 635 3603 Cesar,
652 3557 799 3606 quem
814 3539 1029 3603 hospitio
1045 3547 1335 3602 excepturus
1350 3547 1479 3600 erat,
1498 3567 1514 3622 ,ψ
1636 3553 1684 3584 a.
1723 3537 1852 3584 Olim
1885 3536 2172 3601 vulgabatur
2205 3555 2382 3588 ccccn.
2411 3543 2593 3590 Emen-

453 3621 549 3668 sibi
584 3621 743 3685 gmvis
778 3632 829 3668 et
864 3617 1096 3667 molestus
1126 3617 1303 3680 hospes
1332 3627 1475 3664 esset.
1564 3616 1699 3665 davit
1715 3617 1982 3666 Victorius.
2005 3619 2056 3666 J.
2075 3622 2138 3667 V.
2165 3621 2222 3668 1..

450 3700 549 3750 Sed
564 3700 785 3764 periculo
810 3699 967 3757 facto,
988 3713 1097 3746 eum
1116 3695 1305 3746 facilem
1322 3711 1473 3760 agno·
1635 3698 1684 3744 3.
1747 3699 1862 3744 Sum
1916 3709 2198 3747 commotus.
2252 3699 2380 3762 Quia
2432 3700 2594 3750 Caesar

448 3782 535 3829 vit.
557 3779 751 3828 Idcirco
768 3779 858 3836 ait,
878 3801 905 3822 οι
919 3780 965 3826 Ο
978 3777 1096 3826 mihi
1114 3777 1355 3840 hospitem
1376 3786 1471 3824 tam
1560 3775 1798 3841 postridie
1846 3777 1981 3841 apud
2021 3793 2100 3826 me
2147 3789 2423 3826 coenaturus
2469 3789 2588 3827 erat.

447 3859 861 3924 granni-quasi
876 3857 1025 3918 dieat,
1036 3873 1179 3921 quem
1196 3856 1315 3903 mihi
1328 3855 1470 3904 valde
1635 3864 1684 3910 4.
1737 3857 1906 3904 Barba
1949 3859 2156 3907 Cassius.
2208 3857 2386 3922 Philip.
2437 3860 2588 3906 1111.

446 3955 642 4003 gravem
662 3939 767 3986 sore
787 3939 1039 4003 putabam,
1062 3937 1105 3985 is
1128 3935 1247 3984 mihi
1271 3936 1469 3983 minime
1560 3935 1726 3982 Comi.

448 4019 680 4068 molestus
706 4019 815 4066 suit.
842 4021 1012 4080 ltaque
1039 4015 1313 4079 subjungit,
1350 4012 1465 4079 ἀμι·
1634 4017 1680 4063 5.
1705 4015 1836 4064 Vict.
1865 4033 1892 4064 e
1913 4017 2039 4065 MSS
2067 4017 2132 4063 in
2154 4019 2366 4064 correxit
2385 4031 2586 4081 pravam

437 4098 723 4164 τμμέλητον,
762 4096 897 4162 quod
936 4113 1045 4145 eum
1081 4113 1177 4144 uon
1204 4095 1466 4159 pst-niteret
1559 4093 1840 4154 lectionem,
1865 4095 1939 4144 ad
1961 4112 2038 4144 ux
2059 4111 2232 4144 nonas.
2257 4096 2313 4144 J.
2331 4097 2397 4144 V.
2423 4097 2476 4143 1..
2565 4145 2570 4150 ,
