3019 4681
543 339 638 421 44
881 369 907 408 ,·
1187 338 1304 406 Μ.’
1337 339 1414 406 Τ.
1470 339 2039 411 CICERONIS

542 482 696 554 quo
731 459 1046 530 Canusio
1093 481 1306 532 mane
1353 461 1807 559 Pompeium.
1854 467 1959 533 Eo
1998 458 2223 532 modo
2262 446 2507 532 autem
2548 483 2729 531 am-

542 565 747 638 bulat
768 573 1029 658 Caesar,
1050 582 1123 639 et
1150 570 1233 640 iis
1258 568 1500 642 diariis
1521 583 1550 614 ²
1585 572 1903 644 militum
1934 571 2369 644 celeritatem
2409 574 2676 644 incitat
2698 625 2725 658 ‚

544 691 632 747 ut
662 679 955 749 timeam
976 733 994 764 ‚
1029 702 1122 750 ne
1152 680 1362 751 citius
1383 680 1474 750 ad
1520 681 2027 786 Brundisium,
2083 707 2301 779 quam
2337 663 2525 781 opus
2572 684 2672 754 sit
2696 737 2727 770 ‚

543 786 940 860 accesserit.
989 789 1231 876 Dices,
1268 791 1461 882 Quid
1517 795 1738 890 igitur
1780 793 2120 894 proficiS,
2171 795 2298 891 qui
2347 794 2729 892 anticipes

545 902 704 998 ejus
739 903 846 975 rei
882 902 1328 991 molestiam,
1376 929 1597 1002 quam
1645 905 1893 977 triduo
1944 909 2256 978 sciturus
2301 905 2457 977 sis?
2506 905 2729 977 Nihil

545 1011 912 1109 equidem.
953 1011 1138 1102 Sed,
1186 1029 1270 1085 ut
1316 1039 1536 1114 supra
1590 1016 1774 1105 dixi,
1813 1030 2051 1088 tecum
2101 1014 2549 1114 perlibenter
2596 1013 2727 1086 lo-

548 1147 740 1221 quor
779 1150 795 1194 :
834 1138 907 1194 et
938 1123 1153 1195 simul
1183 1126 1402 1215 scit0,
1451 1125 1696 1198 labare
1732 1150 1979 1197 meum
2020 1121 2451 1198 consilium-³
2482 1123 2721 1212 illud,

549 1233 754 1331 quod
789 1237 958 1305 satis
990 1235 1133 1331 jam
1163 1234 1385 1307 fixum
1417 1236 1824 1309 videbatur.
1856 1241 2019 1308 Non
2049 1237 2231 1308 mihi
2261 1237 2431 1306 satis
2457 1233 2719 1307 idonei
2830 1221 2837 1226 ⁵

551 1360 726 1416 sunt
781 1361 1116 1417 auctores
1157 1348 1291 1430 ii4,
1331 1349 1457 1445 qui
1516 1373 1557 1418 a
1597 1363 1671 1419 te
1726 1348 2159 1446 probantur.
2229 1345 2449 1437 Quod
2509 1347 2718 1418 enim

549 1479 901 1552 umquam
925 1480 1181 1527 eorum
1207 1458 1281 1527 in
1309 1456 1685 1556 republica
1719 1457 1906 1531 forte
1933 1457 2203 1530 factum
2234 1457 2556 1528 exstitit?
2584 1471 2723 1526 aut

549 1566 714 1663 quis
751 1557 845 1636 ¹ab
878 1566 993 1638 his
1038 1567 1261 1638 ullam
1297 1592 1452 1640 rem
1493 1568 1709 1639 laude
1763 1565 2050 1664 dignam
2103 1563 2511 1637 desiderat?
2556 1567 2717 1637 Nec

553 1677 971 1750 mehercule
1013 1678 1414 1750 laudandos
1452 1680 1824 1766 existim0,
1870 1679 1998 1775 qui
2038 1691 2237 1748 trans
2289 1699 2485 1747 mare
2534 1675 2717 1747 belli

549 1787 852 1885 parandi
889 1813 1102 1860 causa
1132 1788 1444 1888 profecti
1479 1804 1652 1861 sunt
1682 1789 2153 1888 (quamquam
2185 1783 2381 1856 haec⁵
2408 1784 2721 1858 ferenda

551 1924 705 1971 non
731 1915 936 1971 erant
957 1900 1017 1997 );
1057 1900 1270 1972 video
1305 1903 1496 1973 enim
1515 1955 1535 1988 ,
1566 1915 1925 1997 quantum
1951 1897 2027 1969 id
2054 1897 2365 1984 bellum,
2393 1910 2464 1967 et
2486 1922 2714 1996 quam

551 2008 978 2106 pestiferum
1021 2010 1348 2083 futurum
1371 2012 1479 2082 'sit
1506 2039 1521 2080 ε
1551 2011 1677 2082 sed
1705 2036 1824 2081 me
1843 2024 2088 2080 movet
2109 2033 2298 2080 unus
2316 2011 2465 2095 vir;
2500 2010 2717 2104 cujus

554 2115 896 2216 fugientis
955 2145 1202 2192 comes
1234 2175 1254 2206 ,
1321 2121 1848 2220 rempublicam
1918 2120 2413 2218 recuperantis
2471 2121 2717 2190 socius

554 2228 806 2300 videor
827 2253 980 2301 esse
1017 2229 1305 2302 debere.
1339 2234 1682 2303 Totiesne
1719 2233 1943 2330 igitur
1965 2231 2401 2302 sententiam
2436 2233 2717 2301 mutas?

554 2343 706 2436 Ego
746 2354 992 2413 tecum
1018 2355 1391 2439 tamquam
1412 2336 1703 2415 mecum
1738 2344 2046 2441 loquor:
2084 2343 2247 2441 quis
2285 2355 2529 2412 autem
2565 2356 2716 2425 est,

557 2462 760 2522 tanta
798 2451 1096 2549 quidem
1139 2451 1230 2524 de
1267 2478 1378 2541 re,
1430 2458 1613 2551 quin
1645 2456 1839 2527 varie
1877 2478 2125 2525 secum
2164 2455 2317 2553 ipse
2344 2450 2720 2551 disputet?

557 2563 788 2634 Simul
818 2578 890 2633 et
922 2564 1182 2635 elicere
1211 2567 1428 2663 cupio
1454 2569 1887 2637 sententiam
1923 2579 2166 2655 tuam3
2212 2565 2271 2635 si
2305 2578 2591 2649 manet,
2634 2576 2717 2633 ut

553 2670 834 2745 firmior
869 2675 1052 2763 sim;
1103 2678 1161 2746 si
1198 2689 1470 2749 mutata
1507 2691 1650 2765 est,
1688 2692 1770 2747 ut
1814 2674 1948 2746 tibi
1981 2678 2349 2747 assentiar.
2384 2672 2712 2744 Omnino

555 2784 647 2857 ad
685 2783 793 2873 id,
829 2783 920 2857 de
949 2810 1097 2883 quo
1125 2786 1418 2873 dubim,
1451 2790 1801 2885 pertinet,
1846 2810 1963 2858 me
1994 2789 2215 2874 scire,
2254 2782 2436 2882 quid
2457 2786 2713 2856 Domi·

552 2893 701 2965 tius
747 2910 1041 2967 acturus
1095 2898 1224 2985 sit,
1280 2894 1460 2994 quid
1499 2912 1747 2969 noster
1796 2895 2177 2968 Lentulus.
2226 2898 2336 2966 De
2382 2896 2712 2965 Domitio

552 3010 750 3077 varia
786 3004 1149 3094 audimuS,
1185 3006 1409 3078 modo
1446 3030 1601 3078 esse
1642 3008 1719 3077 in
1768 3005 2048 3078 Tiburti
2070 3003 2103 3050 ⁶
2125 3060 2145 3095 ,
2186 3002 2383 3075 haud
2418 3002 2663 3102 lepide
2693 3032 2708 3073 :

557 3116 763 3215 quod
781 3142 1010 3215 quum
1057 3117 1366 3216 lepidius
1391 3118 1804 3189 accessisset
1836 3114 1927 3187 ad
1954 3116 2224 3188 Urbem
2256 3143 2271 3185 :
2300 3111 2503 3212 quod
2537 3115 2713 3187 item

555 3394 655 3443 lul.
693 3406 834 3442 mart.
879 3396 997 3441 Bos.
1029 3420 1100 3430 —-·
1132 3393 1220 3441 Isti
1250 3394 1374 3441 festo
1408 3410 1589 3441 nomen
1756 3394 1801 3441 3.
1834 3394 1997 3439 Meum
2042 3390 2312 3438 consilium.
2357 3388 2477 3436 Non
2501 3388 2715 3436 exeundi

555 3472 852 3539 suitfemlia
867 3506 882 3531 ,
909 3489 938 3519 a
965 3471 1167 3521 serendo
1183 3508 1198 3529 ,
1228 3483 1284 3520 ut
1312 3472 1380 3520 ait
1398 3474 1558 3520 Varro
1575 3507 1590 3531 ,
1678 3490 1742 3521 ex
1769 3472 1929 3521 Italia.
1960 3472 2078 3520 Sch.
2109 3486 2275 3519 errore
2316 3470 2483 3533 lapsus
2514 3481 2717 3518 contra-

558 3554 622 3603 de
639 3554 776 3617 Ling.
795 3554 966 3612 Lat-V,
986 3554 1098 3615 quia
1123 3551 1186 3599 ad
1205 3552 1461 3617 sepulchra
1488 3550 1589 3599 eibi
1678 3553 1805 3600 riiun
1832 3552 2043 3617 putavit.
2066 3552 2157 3599 En.

557 3632 838 3682 ferebantur
880 3628 1126 3695 (Muci-ob.
1160 3633 1354 3680 saturn.
1380 3634 1404 3679 1
1427 3668 1440 3691 ‚
1491 3633 1520 3679 3
1539 3632 1589 3695 );
1753 3640 1802 3687 4.
1826 3634 2066 3678 ductores
2090 3630 2142 3678 ii.
2180 3627 2378 3677 Manius
2412 3626 2631 3691 Lepidus
2669 3638 2719 3673 et

556 3713 646 3779 qui
669 3727 776 3760 mos
796 3721 844 3759 et
861 3711 994 3775 apud
1018 3711 1324 3761 Christianos
1345 3711 1588 3775 aliquam-
1678 3714 1735 3759 L.
1764 3710 2023 3759 Volcatius
2049 3718 2165 3757 sunt
2184 3743 2200 3767 ‚
2244 3706 2527 3755 consulares
2553 3705 2714 3754 ambo.

558 3792 647 3841 diu
671 3791 904 3857 perstitit.
928 3793 1021 3839 En.
1223 3804 1232 3825 ¹
1682 3790 1811 3837 Vide
1830 3806 1941 3854 sup.
1970 3805 2049 3853 ep.
2079 3804 2131 3852 9.
2148 3789 2246 3836 En.

630 3889 679 3921 α.
707 3871 908 3921 Dias-iis.
945 3872 1070 3920 Cum
1093 3870 1322 3919 Munatio
1345 3856 1593 3933 inter-pre·
1756 3871 1804 3919 5.
1823 3870 1962 3917 Hoec.
1992 3868 2117 3929 Quae
2144 3885 2169 3915 a
2201 3868 2395 3917 Caesare
2420 3862 2565 3913 fiunt.
2588 3864 2683 3912 En.

560 3950 764 4001 tandum
781 3984 796 4008 ,
831 3951 883 3996 in
909 3948 1130 4013 singulos
1159 3948 1262 3997 dies
1291 3950 1474 4009 maiore
1501 3949 1591 3995 sti-
1756 3950 1805 3995 6.
1830 3951 1889 3997 In
1914 3946 2115 3995 Tiburti.
2144 3946 2257 3993 seh.
2280 3961 2343 3993 ex
2366 3944 2515 3992 variis
2538 3943 2717 3990 lectio-

559 4030 743 4099 peudio
770 4040 818 4077 et
842 4028 1071 4094 premiis.
1100 4028 1276 4076 Giuzv.
1293 4028 1595 4075 —Malebat
1684 4044 1799 4077 num
1824 4030 1877 4076 in
1894 4026 2043 4075 codd.
2070 4025 2289 4089 vestigiis
2314 4026 2385 4072 sic
2404 4022 2669 4070 constituit
2694 4034 2709 4070 :

560 4108 702 4189 dictis
727 4108 903 4157 Rosius
927 4122 942 4156 ε
971 4108 1058 4157 ned
1087 4122 1188 4155 non
1213 4106 1485 4155 audiendus
1503 4118 1591 4156 est.
1684 4130 1709 4149 ‹-
1728 4106 1883 4155 modo
1906 4121 2011 4154 esse
2032 4105 2087 4153 in
2112 4103 2309 4153 Tiburti
2334 4102 2538 4167 Lepidi,
2574 4100 2708 4149 haud
