3019 4681
499 352 642 423 628
1141 354 1237 420 M.
1289 353 1366 419 T.
1421 352 1988 422 CICERONIS

503 471 958 547 sermonibus
980 527 999 561 ,
1039 474 1266 545 coenis
1317 472 1635 571 denique
1690 472 1833 543 tuis
1881 472 2243 544 delectari.
2295 477 2367 544 Is
2416 472 2653 545 homo

503 610 790 684 semper
825 609 942 655 me
980 582 1398 672 delectavit3
1427 580 1793 679 fraterque
1828 583 1981 679 ejus
2008 606 2293 654 mecum
2326 598 2440 654 est
2470 584 2653 655 mul-

508 715 688 771 tum.
721 702 964 790 Quare
983 754 1004 787 ,
1033 714 1116 771 ut
1141 699 1549 786 instituisti,
1578 698 2058 795 complectere
2084 696 2647 770 adolescentem.

604 810 826 901 Quod
877 809 1150 881 multos
1203 808 1359 880 dies
1417 808 1795 905 epistolam
1848 809 1925 878 iu
1979 806 2317 879 manibus
2378 806 2649 894 habui,

508 936 810 1021 propter
867 920 1521 993 commorationem
1570 916 2107 989 tabellariorum
2132 972 2153 1004 ,
2203 916 2367 989 ideo
2418 917 2649 988 multa

512 1032 838 1127 conjecta
880 1043 1053 1101 sunt
1075 1083 1096 1117 ‚
1137 1028 1332 1101 aliud
1371 1029 1513 1100 alio
1549 1043 1912 1127 tempore3
1947 1027 2146 1099 {velut
2172 1028 2334 1099 hoc.
2372 1033 2450 1099 T.
2474 1030 2647 1099 Ani-

511 1142 666 1210 cius
717 1136 899 1207 mihi
949 1162 1134 1235 saepe
1165 1139 1312 1233 jam
1357 1139 1579 1225 dixit,
1626 1163 1780 1210 sese
1822 1135 1993 1228 tibi,
2042 1137 2545 1209 suburbanum
2586 1140 2651 1209 si

479 1246 718 1347 ·quod
769 1248 1164 1320 invenisset
1193 1300 1213 1335 ,
1266 1272 1419 1319 non
1473 1246 1977 1320 dubitaturum
2032 1272 2188 1319 esse
2238 1272 2495 1320 emere.
2562 1250 2651 1318 Iu

511 1360 671 1453 ejus
709 1382 1045 1429 sermone
1085 1382 1221 1457 ego
1257 1373 1659 1457 utrumque
1692 1358 1891 1430 soleo
1920 1356 2252 1429 admirari
2284 1384 2300 1426 :
2341 1372 2413 1429 et
2445 1370 2519 1429 te
2554 1356 2653 1429 de

516 1467 943 1543 suburbano
961 1470 1278 1543 emendo
1296 1525 1316 1558 ,
1338 1494 1569 1569 quum
1596 1468 1686 1540 ad
1706 1470 1909 1541 illum
1932 1468 2203 1540 scribas
2219 1520 2239 1555 ,
2260 1493 2409 1539 non
2428 1466 2653 1537 modo

513 1580 602 1651 ad
652 1604 770 1651 me
821 1604 974 1651 non
1020 1579 1375 1671 scribere,
1417 1579 1548 1653 sed
1587 1580 1805 1651 etiam
1846 1580 2057 1651 aliam
2096 1580 2175 1649 iu
2219 1580 2651 1657 sententiam

515 1689 869 1779 scribere3
915 1705 1025 1779 et,
1067 1716 1299 1789 quum
1339 1690 1431 1763 ad
1479 1691 1687 1761 illum
1730 1688 2045 1775 scribas,
2084 1688 2267 1760 nihil
2312 1704 2385 1760 te
2422 1710 2663 1759 recor·

519 1802 674 1873 dari
710 1799 802 1871 de
835 1824 911 1872 se
929 1799 1022 1891 ⁶⁶,
1063 1802 1154 1873 de
1188 1802 1511 1898 epistolis
1545 1801 1723 1889 illis,
1758 1825 1939 1897 quas
1962 1802 2037 1870 in
2066 1799 2475 1871 Tusculano
2502 1797 2661 1891 ejus

511 1933 596 1989 tu
646 1909 826 1979 mihi
884 1911 1316 1997 ostendisti,
1389 1912 1571 1984 nihil
1634 1910 1727 1983 de
1778 1912 2152 2009 praeceptis
2207 1909 2657 2009 Epicharmi,

510 2032 694 2125 γνῶθι
710 2014 800 2075 67·
835 2028 968 2101 πῶς
1027 2018 1196 2110 ἄλλῳ
1267 2026 1602 2117 κέχρηται;
1659 2032 1893 2089 totum
1965 2016 2283 2114 denique
2332 2016 2656 2101 vultum,

515 2143 842 2209 animum
860 2190 880 2221 ,
911 2154 1322 2204 sermonem
1351 2130 1504 2225 ejus
1535 2154 1551 2197 τ
1580 2125 2203 2225 quemadmodum
2232 2126 2541 2222 conjicio
2562 2119 2659 2209 ⁶⁶,

514 2250 792 2346 quasi...
837 2241 977 2315 Sed
1023 2240 1178 2311 hoec
1217 2255 1301 2313 tu
1347 2237 1635 2311 videris.
1660 2243 1771 2309 De
1800 2233 2267 2324 suburbano,
2323 2260 2537 2319 cura,
2578 2250 2661 2306 ut

515 2359 732 2430 sciam
757 2410 776 2441 ,
810 2351 988 2450 quid
1018 2351 1236 2423 velis:
1265 2365 1341 2423 et
1367 2348 1623 2438 simul,
1663 2373 1759 2420 ne
1799 2348 1977 2445 quid
2008 2347 2131 2420 ille
2160 2347 2440 2432 turbet,
2468 2348 2653 2420 vide.

617 2461 813 2554 Quid
849 2459 1255 2558 praeterea?
1309 2458 1506 2548 Quid
1544 2461 1572 2530 Ξ)
1615 2459 1848 2529 etiam.
1907 2457 2260 2530 Gabinius
2308 2484 2371 2530 a.
2427 2458 2494 2530 d.
2546 2483 2659 2530 1111

514 2572 656 2645 kal.
684 2569 965 2644 octobr.
993 2583 1218 2642 noctu
1237 2571 1314 2640 in
1339 2568 1616 2641 Urbem
1644 2571 1967 2642 introivit
1990 2595 2010 2654 ς
2048 2583 2123 2640 et
2140 2567 2361 2640 hodie
2380 2575 2461 2640 H.
2490 2595 2617 2640 vm
2634 2623 2657 2657 ,

520 2667 750 2782 quum
795 2681 1039 2753 edicto
1081 2683 1161 2750 C.
1197 2677 1364 2751 Alfii
1399 2679 1492 2750 de
1534 2678 1903 2775 majestate
1947 2703 2113 2750 eum
2156 2680 2404 2752 adesse
2440 2705 2655 2778 opor-

516 2808 703 2868 teret
723 2848 744 2883 ,
777 2814 1142 2864 concursu
1176 2811 1478 2887 magno,
1509 2802 1585 2863 et
1611 2788 1783 2860 odio
1810 2791 2151 2860 un1verso
2177 2789 2433 2888 populi
2460 2813 2657 2888 paene

579 3042 673 3090 ⁶6.
703 3041 780 3088 De
802 3054 873 3088 se.
902 3039 956 3088 si
980 3039 1265 3102 loqueretur
1292 3053 1354 3086 ex
1377 3038 1545 3088 Anicii

517 3137 726 3187 persona
742 3155 760 3183 ‚
785 3121 884 3169 hoc
910 3120 1062 3169 modo
1083 3134 1098 3168 :
1144 3141 1168 3164 ι
1186 3119 1398 3168 Miratur
1425 3119 1542 3168 Ani.-

521 3203 626 3249 eius
653 3199 774 3249 nihil
808 3211 862 3248 te
885 3199 1132 3248 recordari
1157 3198 1218 3248 de
1239 3216 1328 3247 se·
1349 3213 1364 3248 :
1397 3198 1545 3246 usita-

521 3281 762 3329 tissimum
793 3291 936 3330 esset.
965 3273 1112 3332 Nune
1136 3294 1201 3326 ex
1225 3293 1435 3344 persona
1457 3293 1543 3326 sua

519 3375 672 3424 quum
695 3359 858 3408 dicat:
895 3380 919 3403 ι
943 3359 1092 3408 Soleo
1117 3357 1346 3414 admirari
1363 3391 1380 3416 ‚
1421 3355 1546 3404 nihil

522 3451 570 3487 te
605 3437 848 3486 recordari
887 3437 948 3486 de
987 3454 1039 3486 se
1059 3458 1084 3478 ι-
1109 3451 1125 3486 2
1166 3451 1314 3500 quam
1347 3435 1547 3500 proprie

520 3533 572 3565 se
611 3533 702 3581 pro
747 3533 806 3565 eo
855 3516 1072 3582 positum
1117 3516 1206 3576 sit,
1247 3516 1548 3580 grammatici

409 3597 417 3604 ”
523 3593 749 3642 viderint.
774 3589 917 3644 Mau.
940 3595 1269 3643 —Viderunt
1291 3611 1410 3660 sane
1435 3583 1551 3643 dili-

522 3683 690 3736 genter
709 3663 764 3720 F.
778 3674 1000 3722 Sanctius
1026 3686 1078 3723 et
1103 3675 1212 3724 Jac.
1235 3671 1547 3730 Perizonius,

524 3751 736 3817 Miner-y.
759 3751 836 3808 11,
869 3766 954 3800 ω.
982 3755 1131 3800 Ouv.
1158 3779 1229 3790 —
1257 3754 1333 3800 De
1364 3767 1440 3810 se,
1471 3750 1551 3800 vel

526 3843 617 3890 pro
651 3825 713 3874 de
749 3843 838 3886 ev,
867 3829 944 3876 vel
983 3831 1205 3896 ineptum
1241 3828 1550 3878 additamen-

529 3917 646 3953 tum.
673 3905 724 3953 J.
743 3907 806 3952 V.
833 3908 888 3955 L.

597 3985 687 4042 67.
717 3984 888 4034 Γνῶθι.
925 3985 985 4033 Id
1009 3996 1110 4034 est:
1139 3989 1252 4037 vide
1269 4004 1370 4053 quo
1396 3988 1550 4037 modo

529 4063 674 4110 alium
702 4071 1006 4140 tractaverat.
1036 4066 1334 4132 Priusquam
1357 4067 1551 4131 credas,

1631 3037 1788 3086 aiebat
1817 3038 2167 3104 Epicharmus,
2206 3057 2451 3106 cognosce
2485 3057 2657 3106 quem-

1630 3117 1901 3166 admodum
1916 3121 1960 3167 is
1988 3121 2069 3168 cui
2092 3121 2367 3170 crediturus
2388 3139 2441 3170 ee
2469 3123 2568 3171 alio
2595 3123 2659 3172 sit

1633 3210 1778 3244 usus:
1806 3209 1864 3245 ut
1890 3198 1933 3245 si
1960 3213 2013 3246 se
2032 3215 2145 3264 erga
2167 3200 2315 3248 alium
2345 3213 2477 3249 recte
2498 3217 2660 3266 gesse-

1631 3275 1724 3337 rit,
1746 3277 1791 3324 ei
1812 3287 1861 3323 te
1886 3286 1996 3324 tuto
2016 3281 2293 3328 committas
2318 3293 2331 3327 :
2364 3281 2441 3328 sin
2468 3281 2623 3328 miuus
2638 3313 2657 3340 ,

1632 3355 1857 3418 exemplo
1884 3355 2060 3404 doctus
2087 3373 2274 3407 caveas.
2293 3345 2523 3424 Apparet¹
2539 3359 2659 3408 Ani-

1634 3433 1765 3482 cium
1792 3449 1895 3482 non
1913 3434 2041 3484 bona
2060 3433 2159 3485 fide
2184 3437 2348 3487 fuisse.
2366 3441 2577 3487 Maur.

1706 3516 1793 3564 68.
1838 3516 2257 3578 Quemadmodum
2300 3518 2532 3582 conjicio.
2568 3521 2658 3566 Im·

1634 3596 1850 3658 perfecta
1877 3597 2149 3645 sententia:
2180 3597 2295 3657 sed,
2324 3599 2527 3662 opinor,
2561 3599 2659 3646 hoc

1636 3671 1875 3738 significat
1895 3688 1910 3722 :
1926 3711 1931 3718 .
1947 3675 2371 3736 Quemadmodum
2417 3678 2629 3740 conjicio
2640 3713 2655 3737 ,

1636 3754 1774 3815 quasi
1799 3754 1995 3802 minime
2022 3753 2163 3802 illum
2180 3756 2352 3818 noris,
2392 3757 2461 3805 ita
2484 3773 2563 3806 res
2586 3756 2659 3805 illi

1639 3841 1745 3898 tuas
1792 3833 2072 3882 committis.
2120 3834 2305 3898 Incipit
2335 3846 2529 3895 autem,
2564 3836 2660 3883 fra-

1638 3920 1781 3959 terno
1816 3927 1983 3960 amore
2016 3911 2285 3974 adductus,
2320 3914 2419 3961 hoe
2454 3915 2618 3962 dicere
2640 3929 2656 3961 ε

1638 4005 1777 4050 mox,
1794 4007 1857 4040 ne
1875 3991 2068 4039 fratrem
2090 3991 2313 4040 videatur
2328 3993 2474 4040 nimis
2494 3992 2661 4040 multis

1637 4069 1798 4119 verbis
1832 4081 1887 4119 ut
1929 4070 2288 4137 imprudentem
2322 4087 2547 4136 monere,
2572 4089 2663 4122 ex-
