3019 4681
736 380 1256 474 EPISTOLAE
1304 381 1498 450 CIC.
1540 383 1669 450 ET
1718 383 2068 468 BRUTI,
2129 405 2233 476 17.
2414 384 2556 479 693

439 502 562 573 illa
593 499 850 572 callere
897 499 1186 572 videtur
1229 499 1603 601 Philippus
1633 557 1653 592 ,
1707 504 1833 600 qui
1869 505 2199 601 privigno
2223 503 2285 559 ¹4
2320 506 2557 576 minus

431 610 806 700 tribuerit,
840 636 1060 708 quam
1086 611 1339 683 Cicero
1374 610 1609 684 alieno
1650 611 1963 684 tribuat?
2004 616 2302 684 Desinat
2341 615 2560 711 igitur

431 720 811 820 gloriando
833 732 856 764 ¹
871 718 899 764 ⁵
932 724 1152 804 etiam,
1166 723 1496 792 insectari
1519 721 1803 794 dolores
1825 736 2133 794 nostros.
2149 721 2345 813 Quid
2364 724 2555 796 enim

431 846 682 903 nostra
709 887 729 922 ‚
781 835 1054 904 victum
1089 855 1245 904 esse
1295 834 1689 904 Antonium
1716 887 1735 921 ,
1778 834 1839 904 si
1870 834 2097 904 victus
2135 848 2243 904 est
2267 886 2288 921 ‚
2324 847 2405 904 ut
2444 833 2563 903 alii

431 956 752 1030 vacaret,
779 942 980 1040 quod
1001 942 1121 1012 ille
1147 941 1508 1014 obtinuit?
1540 947 1819 1014 tametsi
1850 959 1991 1014 tuae
2014 943 2231 1014 literoe
2259 942 2479 1014 dubia
2498 941 2561 986 ¹⁶

329 1044 338 1057 ’
435 1053 650 1123 etiam
686 1077 884 1122 nunc
921 1049 1346 1148 significant.
1371 1053 1583 1124 Vivat
1620 1053 1913 1126 hercule
1946 1057 2233 1141 Cicer-0,
2266 1057 2395 1150 qui
2429 1077 2560 1151 po·

433 1175 610 1250 test,
642 1161 948 1260 supplex
988 1175 1060 1233 et
1096 1160 1460 1236 obnoxius
1483 1218 1504 1252 ‚
1528 1166 1591 1236 si
1614 1189 1855 1264 neque
1880 1166 2136 1253 aetatis,
2170 1189 2417 1262 neque
2436 1163 2564 1234 ho-

435 1297 700 1344 norum
730 1326 749 1360 ‚
803 1297 1046 1372 neque
1112 1298 1356 1344 rerum
1414 1289 1776 1372 gestarum
1832 1275 2081 1373 pudet.
2140 1279 2293 1372 Ego
2340 1289 2533 1345 certe
2551 1326 2570 1360 ,

436 1383 616 1478 quin
645 1406 813 1453 cum
852 1387 1003 1482 ipsa
1035 1407 1110 1453 re
1148 1382 1420 1455 bellum
1449 1400 1692 1482 geram'
1715 1439 1735 1474 ‚
1757 1386 1901 1456 hoe
1927 1399 2073 1474 est,
2110 1409 2275 1456 cum
2307 1409 2570 1482 regno,

435 1507 510 1564 et
543 1492 864 1592 imperiis
900 1493 1482 1565 extraordinariis
1503 1548 1525 1580 ‚
1564 1509 1637 1566 et
1662 1495 2192 1578 dominatione,
2217 1508 2289 1565 et
2322 1508 2575 1591 poten-

433 1604 566 1693 tia,
590 1627 752 1700 quae
780 1627 996 1701 supra
1032 1604 1228 1701 leges
1263 1627 1338 1674 se
1376 1628 1531 1674 esse
1559 1603 1731 1676 velit
1750 1659 1771 1693 ,
1816 1603 2015 1674 nulla
2042 1605 2172 1674 erit
2205 1618 2349 1672 tam
2376 1601 2572 1674 bona

436 1711 760 1783 conditio
824 1713 1178 1784 serviendi
1207 1768 1226 1802 ‚
1284 1736 1429 1810 qua
1485 1712 1848 1785 deterrear
1872 1768 1891 1802 ‚
1934 1714 2260 1810 quamvis
2316 1713 2408 1782 sit
2462 1713 2572 1781 vir

433 1819 714 1911 bonu5‚
751 1837 832 1894 ut
857 1821 1144 1912 scribis,
1173 1825 1570 1912 Antonius;
1607 1823 1803 1923 quod
1829 1848 1963 1922 ego
1983 1847 2382 1920 numquam
2422 1825 2565 1892 exi-

437 1935 720 2006 stimavi
758 1961 772 2002 :
817 1933 942 2007 sed
989 1934 1366 2007 dominum
1391 1990 1410 2021 ‚
1444 1961 1537 2006 ne
1571 1948 1944 2034 parentem
1978 1932 2307 2031 quidem,
2345 1930 2569 2025 majo·

437 2069 551 2116 res
592 2045 822 2115 nostri
866 2044 1257 2117 voluerunt
1307 2069 1479 2117 esse.
1528 2051 1627 2116 Te
1685 2046 1821 2115 nisi
1881 2059 2163 2114 tantum
2205 2064 2512 2112 amarem
2548 2093 2567 2120 ‚

439 2169 794 2254 quantum
835 2157 1168 2226 Ciceroni
1209 2179 1633 2253 persuasum
1697 2170 1804 2226 est
1854 2154 2045 2252 diligi
2094 2179 2168 2226 se
2215 2153 2306 2224 ab
2355 2156 2569 2221 Octa-

435 2269 555 2338 vio
581 2277 668 2351 ¹7,
741 2266 893 2337 haee
930 2265 1024 2337 ad
1061 2280 1129 2336 te
1171 2291 1322 2336 non
1367 2267 1830 2365 scripsissem.
1872 2265 2089 2337 Dolet
2124 2261 2339 2348 mihi,
2370 2259 2575 2360 quod

438 2390 521 2456 tu
553 2400 752 2447 nunc
781 2376 1244 2447 stomacharis
1264 2430 1284 2457 ‚
1326 2379 1853 2463 amantissimus
1897 2390 2051 2445 tum
2081 2390 2377 2445 tuorum
2410 2396 2572 2442 om-

439 2489 686 2574 nium,
741 2502 896 2559 tum
951 2489 1335 2559 Ciceronis.
1387 2488 1527 2559 Sed
1558 2484 1926 2586 'persuade
1972 2485 2141 2570 tibi,
2184 2484 2277 2555 de
2312 2482 2575 2554 volun-

440 2610 586 2669 tate
612 2592 672 2642 ¹⁸
711 2599 1004 2697 propria
1044 2594 1251 2695 [mea
1274 2596 1378 2695 ¹9]
1425 2598 1605 2669 nihil
1634 2622 1785 2669 esse
1817 2600 2230 2683 remissum,
2265 2595 2354 2667 de
2376 2594 2569 2690 judi·
2670 2618 2677 2625 ·

517 2849 602 2897 14.
627 2838 873 2904 Priuigno.
913 2843 1137 2891 Octavio.
1182 2844 1296 2905 Ejus
1337 2846 1466 2891 enim
1636 2843 1714 2890 18.
1764 2842 1840 2889 De
1884 2842 2154 2891 voluntate.
2200 2840 2450 2889 sumamus
2496 2838 2577 2885 hie

441 2927 642 2965 matrem
679 2918 874 2977 Atiam,
919 2930 1032 2983 post
1061 2920 1255 2968 obitum
1287 2908 1466 2984 prioris
1556 2920 1789 2985 quiddam
1824 2936 1851 2968 a
1880 2920 2217 2987 philosophis,
2252 2930 2311 2967 ut
2340 2918 2575 2965 sententia

440 2996 534 3043 viri
549 3028 568 3055 ‚
590 3010 795 3043 uxorem
815 2996 1018 3047 duxerat
1039 2996 1312 3063 Philippus.
1552 3011 1721 3065 pateat
1758 3000 2008 3050 illustrius.
2037 3003 2196 3049 Amor
2230 2999 2285 3045 iu
2319 2997 2569 3045 voluntate

519 3070 599 3123 15.
630 3074 929 3126 Gloriando.
966 3078 1130 3139 Quum
1159 3078 1460 3141 glotiaretur,
1555 3090 1659 3139 est,
1684 3077 1935 3141 opiniones
1961 3078 2013 3123 in
2032 3088 2206 3125 mente.
2228 3074 2393 3131 Velle,
2422 3072 2567 3129 nolle,

447 3150 557 3216 plus
579 3148 808 3200 beneficii
837 3170 863 3200 a
897 3170 946 3201 se
973 3154 1024 3201 in
1051 3172 1207 3220 remp.
1235 3172 1336 3203 esse
1363 3156 1464 3203 col·
1554 3158 1605 3204 iu
1634 3167 1798 3204 nostra
1818 3164 2055 3218 potestate
2082 3164 2155 3201 est
2178 3170 2191 3201 :
2216 3150 2435 3217 opinari,
2466 3166 2567 3197 nou

443 3232 620 3290 hfflms
642 3246 786 3296 ‘1¹¹⁸'m
813 3231 876 3279 ⁸1³
895 3232 957 3281 ἰῖ·
973 3266 987 3290 ,
1011 3236 1098 3297 qui
1122 3236 1359 3283 Caesarem
1381 3250 1464 3283 oe·
1552 3248 1640 3285 est.
1663 3232 1819 3299 Quale
1844 3232 1969 3280 enim
2000 3230 2217 3296 quidque
2244 3229 2459 3286 videtur,
2496 3240 2569 3275 ιι-

447 3312 706 3361 cidernut:
735 3313 968 3376 quoniam
993 3313 1065 3361 illi
1091 3314 1228 3379 quasi
1253 3314 1466 3363 radicem
1552 3316 1649 3363 lem
1694 3314 1754 3365 de
1800 3312 1889 3361 ino
1926 3328 2126 3377 neeesse
2176 3322 2249 3359 est
2295 3308 2576 3381 opinionem

447 3390 718 3457 tymuuidis
738 3392 1003 3439 Antonium
1023 3393 1348 3459 reliquissent,
1363 3394 1467 3457 ipse
1555 3394 1831 3442 habeamus.
1854 3396 1981 3457 Ergo
1996 3428 2010 3452 ‚
2030 3408 2183 3458 quum
2214 3390 2446 3438 voluntas
2471 3403 2576 3433 mea

447 3471 654 3520 Antonii
691 3470 869 3519 bellum
915 3480 1109 3534 togatus
1136 3474 1468 3530 sustinuisset,
1549 3473 1755 3538 propria
1775 3474 1865 3536 sit,
1881 3472 2120 3534 judicium
2140 3486 2242 3519 non
2261 3472 2324 3517 sit
2344 3482 2359 3516 :
2380 3465 2585 3514 laudan-

447 3560 594 3615 ·tque
618 3552 956 3615 oppressisset.
979 3549 1128 3601 Man.
1562 3552 1653 3601 dus
1690 3553 1887 3613 videor,
1929 3551 2041 3617 qui,
2078 3549 2216 3614 quod
2258 3560 2489 3611 possum,
2528 3558 2579 3621 ξπ

527 3626 608 3680 16.
650 3630 832 3679 Dubia.
877 3631 993 3679 Non
1036 3631 1102 3679 ita
1144 3633 1330 3681 victum
1371 3648 1473 3681 esse
1564 3633 1699 3697 quod
1726 3633 1779 3681 in
1804 3650 1879 3681 me
1903 3642 1973 3679 est
1990 3665 2005 3691 ,
2036 3630 2191 3689 facio,
2218 3637 2271 3676 ut
2298 3628 2585 3701 Ciceronem

449 3708 740 3769 Antonium,
757 3721 813 3758 ut
835 3708 894 3757 ab
915 3726 974 3757 eo
997 3710 1117 3757 nihil
1138 3712 1302 3759 timere
1321 3714 1476 3777 possit
1566 3728 1750 3771 amem3
1784 3710 2113 3770 excusandus,
2166 3708 2251 3773 qui
2266 3705 2351 3761 „de
2387 3722 2447 3752 eo
2482 3720 2583 3751 uon

447 3788 738 3852 respublica.
1568 3792 1751 3857 optime
1764 3792 2007 3853 judicum
2034 3804 2185 3853 quum
2207 3788 2259 3835 id
2282 3803 2310 3834 a
2328 3801 2407 3833 me
2422 3799 2589 3832 ueces-

527 3883 610 3929 ¹7·
633 3866 793 3933 Diligi
813 3869 879 3915 ab
899 3870 1115 3919 Octauio.
1137 3870 1306 3917 Faerui
1331 3870 1477 3931 liber,
1567 3872 1685 3921 sitas
1712 3871 1934 3936 quaedam
1978 3880 2029 3917 et
2065 3867 2204 3933 quasi
2228 3866 2402 3915 metuis
2428 3865 2592 3929 impe·
2652 3930 2655 3933 ἢ

451 3966 478 3989 α
497 3945 634 4011 diligi
660 3963 710 3994 se
736 3946 797 3995 ab
817 3948 1080 3997 Octavio».
1106 3950 1468 4015 MAr..—-Vulg.
1566 3951 1691 3998 rium
1718 3951 1971 4015 exprimat.
1999 3949 2142 3997 ΜΛΝ.

452 4024 587 4074 abest
635 4042 701 4075 se.
761 4026 1002 4075 Addimus
1055 4046 1080 4075 e
1133 4028 1259 4076 Mss
1311 4029 1470 4093 regiis.
1644 4044 1721 4092 19.
1742 4032 1853 4077 Mea
1881 4029 2075 4077 videtur
2101 4026 2343 4091 expliaetzrs
2360 4018 2583 4088 propria·

451 4104 502 4153 J.
529 4107 591 4153 v.
621 4108 672 4153 L.
1206 4104 1212 4109 ’
1566 4111 1693 4161 ιν,
1718 4113 1773 4159 L.
