3019 4681
544 411 1079 482 EPISTOLAE
1128 413 1263 483 AD
1314 415 1400 502 Q.
1450 415 1978 504 FRATREM,
2017 419 2127 503 II,
2187 417 2293 490 13.
2345 415 2488 490 605

348 536 503 632 ipse
534 547 644 605 est
669 535 864 605 enim
880 547 1243 605 veterator
1260 545 1325 593 ¹9
1340 556 1646 632 magnus
1663 588 1684 619 ,
1711 550 1784 606 et
1811 533 2311 634 perfamiliaris
2333 537 2492 609 Phi·

227 650 240 662 ‘
348 643 533 714 listo.
554 641 725 731 Sed,
739 642 944 740 quod
967 641 1313 717 adscribis
1329 698 1348 732 ,
1367 644 1972 744 aggrederisnead
1989 656 2058 690 ³⁰
2077 646 2492 721 historiam?

346 758 466 825 Me
512 767 807 824 auctore
842 767 1077 851 potes.
1105 757 1231 842 Et,
1272 757 1625 852 quoniam
1672 755 2084 828 tabellarios
2133 755 2486 828 submini-

350 877 566 947 stras,
627 861 967 934 hodierni
1006 861 1151 936 diei
1188 889 1301 937 res
1342 881 1576 964 gestas
1607 865 2122 964 Lupercalibus
2163 865 2483 952 habebis.

350 973 655 1047 Obiecta
687 989 761 1045 te
789 997 955 1046 cum
984 979 1333 1048 Cicerone
1362 991 1616 1048 nostro
1647 1001 1864 1073 quam
1901 975 2390 1048 bellissime²¹.

350 1176 561 1226 eorpus,
577 1161 634 1208 in
653 1176 755 1224 quo
785 1159 847 1209 de
871 1161 1101 1228 Dionysii
1126 1162 1271 1211 rebus
1295 1178 1373 1227 ge·
1537 1178 1625 1213 ao.
1673 1163 1762 1213 Aa
1812 1162 2078 1212 historiam.
2131 1163 2445 1212 scribendam
2471 1178 2486 1210 ε

349 1240 441 1287 etis
475 1251 653 1304 egerat.
674 1240 769 1288 Vin
783 1251 877 1289 tor.
898 1242 1016 1290 Ver.
1046 1243 1264 1291 Lection-
1287 1241 1373 1292 lib.
1464 1258 1618 1308 quum
1654 1254 1839 1292 veteres
1857 1244 1960 1305 jam
1983 1244 2180 1309 legisset
2201 1243 2482 1293 historicos.

349 1321 575 1379 xxxn,
601 1335 709 1385 etp.
730 1334 811 1383 ¹9·
1462 1323 1612 1371 lunt.

426 1413 511 1461 19.
526 1403 794 1448 Veterator.
811 1397 1035 1448 Delectat
1050 1415 1127 1448 me
1145 1398 1375 1448 Philistu-
1536 1416 1620 1448 πη.
1648 1399 1931 1450 Βοῖὶιὶςείιπο.
1960 1400 2079 1448 Non
2114 1400 2176 1449 ad
2214 1403 2491 1468 pulchritu-

350 1493 453 1526 non
478 1489 578 1526 tam
615 1479 731 1542 quia
758 1478 979 1543 capitalis
992 1512 1007 1538 ,
1035 1478 1227 1538 creber,
1252 1494 1370 1526 aeu-
1460 1477 1650 1538 dinem,
1677 1479 1765 1528 sed
1792 1479 1856 1527 ad
1881 1478 2237 1541 iucunditatem
2272 1493 2323 1530 et
2345 1499 2486 1531 com·

350 1569 455 1617 tun,
479 1573 626 1622 quam
662 1557 799 1621 quod
838 1560 944 1624 ipse
982 1557 1277 1624 Dionysius,
1311 1556 1373 1604 de
1458 1558 1745 1608 moditatem
1771 1557 2028 1622 quamdam
2054 1559 2262 1607 refertur
2279 1560 2486 1610 bellum.-

349 1653 453 1702 quo
478 1623 664 1696 scribit,
680 1648 869 1686 astutus
884 1639 937 1685 iu
960 1637 1131 1702 primis
1156 1653 1215 1684 ae
1243 1637 1375 1687 vafer
1458 1649 1518 1686 ut
1538 1637 1666 1684 bella
1689 1635 1849 1700 puella
1865 1670 1882 1695 ,
1917 1651 2020 1684 uon
2047 1652 2156 1700 quse
2175 1637 2330 1686 forma
2347 1674 2363 1700 ,
2398 1639 2486 1688 sed

350 1729 451 1766 ent:
480 1733 593 1781 quae
614 1726 717 1765 tum
740 1728 966 1766 narrante
992 1716 1197 1766 Philisto
1214 1751 1231 1774 ,
1268 1727 1372 1766 tum
1461 1731 1573 1779 quae
1601 1714 1861 1778 elegantia,
1897 1725 1948 1762 et
1971 1713 2183 1778 quadam
2210 1717 2346 1779 quasi
2373 1732 2488 1782 gra-

349 1795 456 1860 ipea
483 1811 574 1862 per
595 1811 697 1844 eene
725 1794 985 1844 delectant.
1007 1796 1158 1845 Min.
1464 1794 1530 1842 tia
1555 1794 1850 1842 intuentium
1876 1795 2054 1842 oculos
2079 1803 2232 1844 tenet.
2253 1797 2402 1844 Ibu.

350 1991 2008 2014 mmmmmmmmmmm
2017 1989 2467 2014 mmm
2555 1991 2568 2000 “

969 2180 1584 2261 EPISTOLA
1638 2181 1865 2258 XIV.

352 2339 507 2415 Quid
544 2354 674 2419 agat
689 2383 705 2409 ,
725 2354 1175 2413 commemorat3
1206 2339 1425 2415 Quinto
1458 2360 1698 2419 operam
1723 2360 1887 2400 suam
1911 2342 1973 2400 in
2005 2342 2178 2402 rebus
2203 2344 2328 2421 ejus
2352 2346 2486 2424 pol-

430 2438 672 2510 licetur3
719 2442 801 2498 M.
846 2438 1073 2497 Orfium
1124 2450 1182 2495 et
1223 2435 1563 2497 Trebatium
1607 2438 1990 2500 commendat.
2019 2440 2248 2521 (Cumis
2266 2484 2284 2509 ,
2331 2460 2484 2503 anno

432 2538 505 2593 U.
528 2539 595 2594 C.
623 2534 775 2611 699,
801 2552 997 2592 mense
1026 2532 1235 2611 maio.)

942 2709 1291 2775 MARCUS
1339 2710 1420 2793 Q.
1463 2710 1780 2775 FRATRI
1825 2712 1889 2777 s,

449 2855 654 2923 Duas
686 2849 923 2922 adhuc
967 2852 1021 2922 a‘
1038 2864 1111 2921 te
1144 2850 1392 2949 accepi
1435 2851 1776 2949 epistolas
1809 2879 1826 2922 :
1858 2878 2166 2949 quarum
2193 2856 2484 2929 alteram

354 2968 431 3034 in
460 2966 618 3061 ipso
659 2959 979 3033 discessu
1008 2976 1259 3039 nostro
1283 3016 1301 3046 ,
1366 2960 1662 3033 alteram
1687 2962 2007 3034 Arimino
2035 2964 2296 3050 datam.
2326 2967 2488 3040 Plu-

356 3097 507 3159 res,
545 3096 724 3168 quas
766 3068 1020 3141 scribis
1060 3085 1132 3141 te
1167 3068 1486 3159 dedisse,
1527 3094 1676 3141 non
1707 3094 2147 3168 acceperam.
2185 3080 2336 3172 Ego
2373 3100 2489 3149 me

353 3186 431 3253 in
470 3186 799 3255 Cumano
831 3194 905 3251 et
927 3184 1405 3278 Pompeiano,
1446 3194 1925 3279 praeterquam
1973 3184 2172 3281 quod
2197 3186 2350 3255 sine
2377 3200 2487 3272 te,

353 3308 679 3365 ceterum
742 3294 907 3364 satis
964 3289 1347 3363 commode
1409 3288 1888 3363 oblectabam.
1987 3298 2078 3363 Et
2139 3318 2334 3365 eram
2406 3298 2481 3363 in

354 3400 607 3473 iisdem
647 3402 823 3473 locis
869 3424 1097 3498 usque
1140 3398 1232 3471 ad
1282 3399 1417 3471 kal.
1467 3400 1625 3494 jun.
1685 3399 1994 3474 futurus.
2068 3402 2484 3475 Scribebam

354 3508 505 3596 ina,
539 3533 699 3606 quae
734 3506 1091 3593 dixeram,
1142 3508 1470 3577 πολιτικοίῐ
1519 3532 1536 3574 :
1585 3508 1896 3604 spissum
1933 3533 2104 3580 sane
2146 3533 2332 3606 opus
2357 3563 2376 3597 ,
2413 3522 2488 3581 et

354 3642 769 3717 operosum.
816 3615 956 3687 Sed
1004 3618 1062 3686 si
1104 3640 1191 3685 ex
1224 3616 1578 3687 sententia
1630 3619 2078 3705 successerit,
2123 3616 2316 3690 bene
2349 3622 2486 3691 erit

354 3752 574 3826 opera
617 3728 873 3825 posita.
918 3727 1042 3797 Sin
1083 3728 1363 3813 minuS,
1392 3726 1469 3802 in
1505 3724 1686 3796 illud
1710 3730 1949 3825 ipsum
1975 3751 2172 3801 mare
2198 3729 2483 3827 dejicie-
2579 3790 2584 3795 .

354 3863 558 3925 mus,
613 3838 817 3934 quod
854 3836 1249 3910 scribentes
1284 3832 1713 3933 spectamus.
1757 3836 2280 3934 Aggrediemur
2321 3841 2487 3930 alia,

354 3951 697 4045 quoniam
748 3948 1123 4045 quiescere
1158 3971 1308 4017 non
1341 3968 1748 4043 possumus.
1787 3952 1936 4017 Tua
1963 3948 2295 4021 mandata
2330 3975 2485 4048 per-

430 4154 472 4185 ι.
499 4134 759 4188 Bokanoi.
786 4134 959 4184 Libros
986 4133 1047 4182 de
1074 4132 1339 4199 republica.
