3019 4681
457 353 600 441 354
1118 354 1215 420 Μ.
1256 353 1330 420 Τ.
1372 351 1926 423 CICERONIS

455 475 811 580 probare:
850 473 991 546 hoc
1021 470 1425 570 quidquam
1464 469 1686 571 pote-²¹
1721 473 2127 572 impurius?
2169 480 2327 546 Jam
2361 490 2602 549 cetera

456 592 649 688 leges
690 585 901 684 (misi
942 584 1143 656 enim
1178 582 1271 654 ad
1306 582 1470 680 te),
1499 582 2005 682 judicabisque
2025 587 2077 656 ⁴.
2123 587 2326 658 Bruti
2371 588 2602 660 nostri

454 696 897 798 quotidianis
926 691 1378 791 assiduisque
1415 692 1787 778 laudibuS‚
1814 719 1996 792 quas
2021 693 2118 767 ab
2147 721 2237 768 eo
2263 695 2356 769 de
2383 697 2602 772 nobis

453 808 715 882 haberi
776 804 1124 904 permulti
1192 803 1373 876 mihi
1438 807 2040 880 renuntiaverunt
2059 863 2081 898 ,
2148 823 2602 882 commotum

456 922 679 992 istum
714 913 1109 1013 aliquando
1132 969 1154 1005 ‚
1194 913 1606 1014 scripsisse⁵
1637 915 1912 1015 aliquid
1955 916 2049 990 ad
2079 943 2236 1006 me,
2273 918 2493 993 credo
2529 935 2604 994 et

456 1031 551 1104 ad
591 1046 712 1116 te3
768 1025 993 1123 idque
1036 1039 1117 1096 ut
1158 1025 1417 1113 sciam,
1460 1023 1725 1098 facies:
1779 1051 1948 1098 nam
1971 1082 1990 1117 ‚
2037 1025 2131 1099 ad
2179 1043 2462 1128 patrem
2505 1029 2600 1102 de

456 1167 573 1214 me
632 1137 817 1237 quid
880 1138 1243 1232 scripserit
1267 1190 1288 1225 ,
1358 1137 1655 1226 nescio;
1717 1135 1824 1220 dex
1870 1152 2100 1210 matre
2161 1162 2382 1236 quam
2436 1140 2604 1240 pie-‘1‘

454 1281 491 1316 κ
519 1250 909 1323 Volueram
931 1299 951 1334 ,
1004 1247 1282 1342 inquit,
1337 1260 1422 1318 ut
1477 1271 1700 1344 quam
1752 1247 2156 1347 plurimum
2203 1263 2448 1322 tecum
2493 1273 2603 1323 es-

456 1387 611 1435 sem
634 1414 653 1449 ,
694 1355 1009 1431 conduci
1044 1356 1227 1428 mihi
1263 1357 1608 1446 domum;
1659 1371 1734 1430 et
1771 1357 1851 1429 id
1889 1357 1982 1430 ad
2029 1373 2102 1431 te
2135 1361 2598 1458 scripseram:

454 1471 860 1571 neglexisti.
912 1473 1017 1539 Ita
1060 1473 1307 1541 minus
1359 1468 1676 1541 multum
1715 1494 1864 1541 una
1903 1474 2197 1542 erimus.
2245 1471 2429 1544 Nam
2463 1492 2604 1570 ego

458 1587 669 1656 istam
724 1579 1028 1652 domum
1083 1579 1329 1651 videre
1388 1604 1546 1650 non
1605 1603 1948 1678 possum;
2009 1606 2156 1680 qua
2205 1578 2297 1652 de
2344 1605 2555 1654 causa
2580 1636 2602 1670 ‚

454 1697 594 1769 scis
618 1725 673 1762 ».
724 1693 935 1762 Hanc
988 1703 1232 1762 autem
1290 1705 1580 1762 causam
1617 1703 1825 1786 pater
1863 1688 2115 1761 odium
2156 1691 2403 1762 matris
2447 1714 2606 1764 esse

456 1798 765 1874 dicebat.
821 1798 1037 1868 Nunc
1084 1819 1201 1868 me
1239 1795 1445 1891 juva,
1492 1799 1594 1866 mi
1641 1796 1908 1880 Attice,
1955 1796 2303 1886 consilio,
2341 1801 2602 1894 πότερον

456 1904 631 1989 δίκας
681 1914 883 2000 τεῖχος
932 1901 1110 1996 ὕψιον
1133 1897 1189 1989 ⁶,
1244 1899 1318 1971 id
1374 1914 1486 1973 est
1506 1911 1561 1990 ⁷,
1620 1915 1870 1972 utrum
1924 1916 2172 1998 aperte
2227 1899 2602 1975 hominem

458 2035 842 2112 asperner,
892 2022 965 2079 et
1014 2031 1351 2106 respuam
1376 2061 1397 2097 ,
1452 2009 1490 2086 ἢ
1555 2015 1802 2090 σκολιᾶς
1861 2008 2109 2090 ἀπάτας
2135 2003 2193 2079 ⁸.
2252 2013 2351 2081 Ut
2409 2011 2603 2082 enim

458 2118 808 2206 PindarO,
868 2114 969 2187 sic
1027 2108 1177 2209 δίχα
1236 2143 1339 2210 μοι
1397 2117 1533 2196 νόος
1549 2123 1608 2203 9,
1670 2117 1984 2211 ἀτρέκειαν
2034 2115 2240 2186 εἰπεῖν.
2284 2117 2605 2188 Omnino

458 2226 788 2302 moribus
834 2227 1013 2296 meis
1049 2222 1230 2296 illud
1267 2225 1509 2322 aptius
1531 2278 1552 2312 ,
1599 2221 1726 2295 sed
1778 2223 1920 2296 hoc
1964 2221 2267 2296 sortasse
2316 2238 2605 2323 tempo-

459 2342 687 2414 ribus.
731 2340 841 2408 Tu
876 2350 1159 2423 autem,
1195 2333 1396 2432 quod
1434 2336 1590 2434 ipse
1629 2331 1762 2405 tibi
1807 2335 2155 2423 suaseriS,
2191 2334 2386 2407 idem
2425 2333 2605 2406 mihi

463 2470 892 2553 persuasum
944 2458 1227 2543 putato.
1282 2446 1646 2543 Equidem
1695 2470 1952 2519 vereor
1996 2450 2306 2519 maxime
2330 2497 2352 2534 ‚
2397 2472 2493 2519 ne
2527 2446 2606 2519 in

459 2559 869 2635 Tusculano
904 2555 1278 2654 opprimar
1306 2565 1385 2625 ¹⁰.
1424 2562 1514 2629 In
1549 2555 1768 2629 turba
1800 2555 1954 2629 haec
1993 2570 2238 2629 essent
2262 2554 2602 2629 faciliora.

538 2760 587 2811 3.
608 2762 744 2807 Poee.
764 2758 839 2805 Ita
854 2754 1104 2803 Victorius
1120 2766 1171 2803 et
1189 2756 1377 2809 Botion.
1392 2755 1489 2807 Sed

470 2840 657 2891 habent
671 2847 836 2904 potest
851 2850 979 2894 esse,
1006 2836 1145 2883 Mau.
1164 2846 1215 2884 et
1238 2835 1406 2885 Lamb.

1573 2756 1778 2818 justitie
1807 2754 1983 2805 alludit
2007 2758 2132 2806 Hor.
2166 2757 2310 2821 epist.
2334 2758 2384 2819 1,
2416 2772 2463 2815 x,
2494 2756 2557 2803 δι
2587 2770 2604 2803 :

1589 2859 1611 2881 ι
1629 2838 1724 2885 Hic
1761 2852 1927 2885 mums
1949 2834 2162 2885 aheneus
2200 2845 2306 2884 esto
2321 2868 2336 2894 ,
2365 2834 2450 2884 Nil
2486 2850 2608 2883 con-

540 2927 589 2977 4.
615 2922 761 2967 Forte
784 2912 1228 2979 interpungendum
1244 2915 1347 2975 sie,
1364 2916 1489 2979 «ju-

469 3001 779 3065 dicumque,
800 2995 941 3045 Bruti
972 2992 1129 3077 uoeffri
1156 3006 1301 3061 quot.
1330 3012 1426 3047 m.
1459 3020 1482 3040 -

468 3080 593 3133 LV.
621 3082 680 3130 L.

540 3162 595 3211 ὅ.
622 3158 772 3222 vulg.
800 3154 1046 3221 scripsisti.
1065 3156 1118 3204 J.
1138 3155 1206 3204 V.
1236 3156 1295 3203 1..

541 3242 596 3291 6.
622 3237 827 3306 Πότιρον
848 3231 991 3292 δίκας
1006 3233 1159 3299 τεῖχος
1183 3230 1331 3299 ὕψιον.
1361 3234 1493 3302 Sup-

471 3322 705 3389 plendum
732 3336 796 3369 ex
816 3317 1017 3366 Platone
1032 3351 1047 3377 ,
1070 3314 1156 3379 qui
1182 3312 1288 3363 haee
1323 3315 1494 3365 itidem

470 3402 614 3453 refert
631 3436 647 3463 ,
664 3392 843 3455 ἀναιδὲς
862 3434 877 3460 ,
911 3406 1106 3444 «utrum
1133 3407 1366 3444 exscenso
1392 3396 1493 3444 alto

470 3496 610 3531 muro
641 3478 839 3542 iustitiae
854 3496 903 3525 υ.
928 3472 1121 3523 Alludit
1144 3474 1321 3523 Cicero
1340 3475 1405 3523 ad
1420 3474 1494 3523 lo-

472 3579 585 3611 cum
611 3558 811 3608 Pindari
835 3570 895 3607 ex
920 3554 1051 3603 lihm
1081 3552 1363 3618 deperdito,
1392 3570 1494 3621 quo

462 3644 562 3704 jam
581 3656 697 3689 usus
722 3648 823 3687 erat
836 3673 853 3700 ,
870 3635 957 3685 sed
977 3634 1076 3683 alio
1088 3670 1103 3695 ‚
1122 3650 1269 3699 quam
1285 3636 1458 3685 Cicero
1475 3668 1494 3696 ‚

472 3738 616 3770 sensu
664 3720 805 3768 Plato
822 3751 839 3778 ,
874 3714 966 3765 lib.
1008 3716 1059 3763 11
1103 3712 1165 3762 de
1207 3714 1495 3779 Republica.

468 3799 633 3849 Verba
658 3796 859 3849 Pindari
875 3793 1011 3859 apud
1032 3794 1285 3843 Platonem
1304 3795 1497 3858 integra

469 3882 575 3929 haec
598 3888 711 3927 sunt
730 3892 744 3927 ε
766 3874 972 3942 Πότερον
1001 3868 1146 3930 δίκας
1162 3874 1315 3938 τεῖχος
1341 3870 1488 3939 ὕψιον,

468 3958 501 4015 ἦ
524 3958 712 4013 σκολιᾶς
742 3951 933 4009 ἀπάταις
960 3946 1142 4011 &mede
1164 3971 1176 3999 ε
1196 3972 1221 3997 «ι
1238 3962 1404 4003 utrum
1421 3970 1496 4001 re-

468 4040 563 4089 ctis
580 4048 631 4086 et
651 4036 795 4098 iusti·
820 4032 1036 4092 artibus,
1060 4048 1123 4081 ιιι
1146 4031 1276 4081 dolis
1306 4031 1495 4081 trandi-

468 4118 659 4182 busque
683 4125 851 4173 utens,
872 4122 972 4162 ete.
988 4134 1015 4153 ι·
1034 4110 1119 4161 Ad
1135 4110 1269 4167 huno
1296 4108 1489 4159 muium

1575 2917 1700 2965 sciro
1737 2914 1870 2976 sibi,
1917 2915 2052 2965 nulla
2085 2915 2350 2980 pallescere
2391 2913 2604 2978 culpan.

1577 2998 1673 3045 En.
1685 3023 1756 3032 —
1773 2997 1946 3048 ciem-0
1972 2994 2036 3044 ad
2053 2996 2195 3044 aliam
2221 3010 2322 3043 rem
2341 2992 2608 3043 transtulit.

1584 3074 1716 3123 Scire
1749 3074 1892 3139 eupit
1920 3090 1981 3123 ex
2010 3072 2210 3135 Attico,
2237 3071 2359 3139 quid
2389 3072 2484 3120 sibi
2500 3088 2608 3120 sua—

1585 3152 1729 3215 deat,
1757 3164 1924 3202 utrum
1957 3164 2102 3219 putet
2138 3168 2240 3219 Ρη
2272 3168 2324 3201 ιο
2358 3152 2606 3201 ferendam

1581 3234 1880 3295 eminatam
1907 3233 2031 3281 iram
2053 3234 2107 3281 in
2139 3233 2381 3297 Quintum
2415 3229 2609 3297 filium,

1583 3328 1732 3378 quam
1765 3312 2060 3361 insectando
2094 3322 2146 3361 et
2179 3311 2484 3361 criminando
2516 3326 2608 3375 pa-

1583 3402 1746 3441 truum
1785 3390 1918 3455 apud
1953 3392 2190 3442 Catium
2227 3400 2496 3451 meruerat,
2545 3404 2610 3439 an

1577 3470 1996 3520 dissimulandam.
2016 3470 2150 3519 Eun.

1653 3565 1707 3617 7.
1734 3552 1881 3611 Haeo,
1904 3549 1993 3597 «id
2011 3558 2108 3598 est.
2131 3582 2145 3597 .
2171 3564 2460 3612 κηρυκι,-
2485 3547 2612 3597 insi-

1584 3628 1692 3678 titia
1709 3627 1901 3690 judicat
1924 3626 2321 3689 Walckenarius,
2346 3627 2412 3675 ad
2435 3626 2610 3693 Eurip.

1583 3708 1751 3773 ἔνηφι.
1777 3708 1892 3772 pag.
1921 3716 2035 3771 194.
2057 3706 2111 3757 J.
2138 3709 2206 3755 V.
2235 3708 2290 3757 1..

1657 3789 1708 3836 8.
1728 3775 1770 3837 fi
1791 3787 1997 3845 σκολιᾶς.
2024 3786 2152 3837 Vide
2187 3796 2356 3835 notam
2379 3786 2607 3851 cupa-io·

1584 3884 1684 3916 rem
1713 3868 1778 3929 6,
1801 3878 1850 3915 et
1871 3868 1996 3916 infra
2023 3883 2103 3932 ep.
2128 3866 2216 3916 35.

1655 3962 1708 4010 9.
1732 3945 1858 4011 Δὶχα.
1872 3963 1956 4015 μοι
1980 3943 2098 4004 νόος.
2115 3968 2142 3989 «ι
2171 3944 2398 4011 Ambigit
2421 3944 2609 3995 animus

1581 4024 1643 4075 ad
1671 4042 1838 4074 verum
1853 4026 2116 4077 dioendum
2129 4046 2176 4075 υ.
2202 4024 2350 4076 vind.
2371 4024 2501 4074 ibid.

1659 4121 1738 4153 xo.
1758 4108 1814 4153 In
1841 4106 2115 4155 Tusculano
2141 4104 2410 4171 offn'mar.
2427 4106 2500 4167 Q.
2517 4100 2609 4151 mii
