3019 4681
643 314 1186 387 EPISTOLAE
1227 314 1362 388 AD
1411 318 1501 403 Q.
1554 318 2065 406 FRATREM,
2104 320 2171 406 1,
2224 348 2289 391 2.
2390 316 2537 419 559

397 452 572 509 sunt
605 434 975 509 nonnullae
997 430 1099 524 3³,
1139 435 1266 507 sed
1301 450 1544 513 tamen
1582 438 2019 528 mediocres,
2052 456 2127 514 et
2150 464 2381 541 parvae
2412 470 2540 544 po-

397 551 564 619 tiuS.
593 550 744 642 Ego
776 558 846 616 te
884 568 1290 641 numquam
1328 545 1476 623 ulla
1509 548 1590 619 in
1631 572 1712 620 re
1752 548 2058 646 dignum
2098 555 2395 628 minima
2428 581 2547 629 re-

399 656 886 755 prehensione
917 668 1280 751 putassem
1305 707 1324 742 ‚
1362 679 1593 753 quum
1633 672 1705 729 te
1738 660 2185 735 sanctissime
2218 686 2549 759 gereres,

400 769 539 838 nisi
613 766 944 841 inimicos
997 764 1268 839 multos
1306 764 1759 841 haberemus.
1808 772 1991 861 Quae
2040 770 2133 843 ad
2195 787 2265 845 te
2312 773 2551 870 aliqua

397 876 900 951 admonitione
933 888 1058 945 aut
1095 873 1603 972 objurgatione
1630 879 1921 976 scripsi,
1962 882 2215 979 scripsi
2252 899 2555 982 propter

401 987 848 1083 diligentiam
885 987 1239 1063 cautionis
1280 1010 1492 1074 meae,
1539 988 1617 1059 in
1652 1013 1801 1086 qua
1834 1004 1909 1061 et
1953 1014 2215 1068 maneo
2236 1047 2256 1079 ,
2288 1006 2365 1069 et
2396 1018 2553 1065 ma-

397 1096 624 1181 nebo,
661 1111 775 1181 et,
854 1093 1048 1167 idem
1093 1108 1176 1168 ut
1209 1092 1463 1181 facias,
1522 1122 1669 1172 non
1728 1097 2065 1172 desistam
2102 1126 2379 1197 rogare.
2426 1106 2549 1175 At-

403 1206 596 1279 talus
621 1206 1052 1304 Iphimenus
1077 1230 1368 1283 mecum
1400 1208 1581 1303 egit,
1612 1223 1691 1280 ut
1730 1232 1805 1283 se
1834 1235 1927 1283 ne
1954 1211 2375 1307 impedires,
2398 1238 2551 1311 quo

401 1320 684 1408 minus,
725 1315 926 1413 quod
965 1316 1054 1387 ad
1097 1320 1185 1408 Q.
1225 1315 1601 1390 Publiceni
1638 1334 1949 1395 statuam
1988 1319 2376 1401 decretum·
2410 1338 2551 1411 est,

401 1441 869 1526 erogaretur:
908 1426 1108 1523 quod
1161 1450 1295 1522 ego
1339 1441 1411 1497 te
1466 1441 1539 1499 et
1596 1452 1777 1525 rogo
1805 1483 1825 1516 ,
1878 1442 1955 1501 et
2006 1429 2403 1521 admoneo,
2454 1458 2551 1507 ne

402 1538 562 1609 talis
601 1537 783 1623 viri,
840 1551 1134 1632 tamque
1173 1537 1406 1613 nostri
1443 1540 1861 1625 necessarii,
1914 1537 2272 1613 honorem
2316 1546 2550 1621 minui

401 1670 536 1743 per
575 1661 682 1733 te,
727 1660 855 1723 aut
889 1644 1226 1743 impediri
1265 1644 1457 1720 velis».
1518 1648 1867 1720 Praeterea
1918 1651 2159 1748 AEsopi
2202 1652 2552 1749 tragoedi,

401 1757 636 1829 nostri
677 1753 1082 1840 familiaris,
1109 1754 1424 1831 Licinius
1459 1778 1747 1844 servus,
1785 1754 1923 1832 tibi
1948 1770 2204 1845 notus,
2248 1759 2547 1858 aufugit.

401 1872 475 1939 Is
536 1865 838 1939 Athenis
859 1863 1057 1963 apud
1081 1868 1464 1941 Patronem
1487 1866 1929 1962 Epicureum
1960 1888 2093 1962 pro
2120 1866 2352 1947 libero
2378 1866 2549 1959 fuit;

401 1976 578 2049 inde
619 1978 698 2050 in
741 1977 974 2048 Asiam
1022 1974 1236 2045 venit.
1270 1976 1525 2046 Postea
1562 1974 1765 2047 Plato
1800 1972 2097 2071 quidam
2129 1975 2545 2065 Sardianus,

399 2088 866 2183 EpicureuS„
889 2083 1018 2181 qui
1041 2082 1338 2155 Athenis
1363 2083 1549 2157 solet
1572 2101 1727 2157 esse
1758 2084 2072 2160 multum
2090 2136 2113 2174 ,
2138 2100 2212 2157 et
2228 2087 2357 2183 qui
2383 2102 2539 2169 tum

401 2196 707 2274 Athenis
729 2192 995 2282 suerat,
1022 2218 1253 2290 quum
1285 2194 1607 2267 Licinius
1641 2218 1729 2265 eo
1762 2194 2107 2283 venisset,
2126 2220 2356 2291 quum
2374 2220 2543 2279 eum

401 2306 784 2405 fugitivum
814 2320 1064 2403 postea
1083 2328 1238 2378 esse
1267 2328 1356 2378 ex
1369 2306 1613 2404 AEsopi
1638 2305 1859 2384 literis
1878 2304 2546 2402 cognosset,homi-

401 2442 574 2491 nem
611 2413 1206 2513 comprehendit,
1241 2429 1316 2488 et
1351 2416 1428 2489 in
1463 2415 1867 2490 custodiam
1904 2415 2175 2513 Ephesi
2207 2416 2499 2491 tradidit
2528 2448 2545 2490 ε

401 2527 528 2600 sed
573 2529 649 2597 in
687 2525 1052 2625 publicam
1078 2579 1100 2614 ,
1135 2549 1229 2596 an
1257 2527 1332 2601 in
1369 2527 1757 2624 pistrinum
1788 2523 1895 2611 3⁴,
1940 2551 2095 2600 non
2136 2530 2307 2600 satis
2340 2553 2430 2614 ex
2456 2530 2543 2600 li-

401 2640 578 2710 teris
620 2638 776 2733 ejus
819 2635 1222 2732 intelligere
1275 2637 1667 2734 potuimus.
1730 2641 1883 2723 Tu,
1926 2660 2235 2733 quoquo
2282 2640 2542 2729 mode,

401 2751 754 2846 quoniam
783 2746 1052 2845 Ephesi
1077 2762 1223 2834 est,
1261 2745 1635 2822 hominem
1664 2748 2045 2845 investiges
2069 2749 2323 2836 velim,
2350 2775 2545 2822 sum-

401 2883 669 2956 maque
711 2857 1082 2955 diligentia
1126 2857 1242 2936 vel
1295 2871 1541 2936 tecum
1588 2855 1923 2936 deducas.
1972 2859 2141 2932 Noli
2182 2876 2539 2957 spectare,

403 2970 661 3065 quanti
691 2967 914 3040 homo
947 2969 1074 3055 sit3
1115 2967 1322 3064 parvi
1355 2968 1551 3038 enim
1574 2969 1785 3063 pretii
1813 2980 1957 3053 est,
1994 2969 2121 3062 qui
2151 2967 2295 3061 jam
2328 2971 2539 3040 nihili

403 3082 497 3152 sit
542 3107 558 3149 ε
605 3080 732 3152 sed
789 3094 992 3150 tanto
1051 3076 1302 3154 dolore
1357 3081 1665 3173 AEsopus
1714 3090 1821 3146 est
1881 3073 2183 3158 affectus
2241 3092 2543 3175 propter

405 3191 594 3263 servi
613 3189 844 3262 scelus
865 3205 938 3262 et
965 3187 1330 3262 audaciam
1355 3239 1375 3275 ,
1399 3200 1484 3261 ut
1507 3184 1691 3276 nihil
1726 3190 1795 3256 ei
1822 3186 2093 3282 gratius
2115 3184 2351 3258 facere
2379 3209 2545 3284 pos-

407 3302 536 3388 siS,
568 3324 786 3398 quam
825 3303 884 3372 si
908 3298 1111 3370 illum
1137 3323 1270 3394 per
1296 3311 1369 3369 te
1398 3297 1861 3393 recuperarit.

478 3515 564 3564 33.
605 3515 726 3578 Qua·
758 3525 870 3562 sunt
894 3515 1148 3568 nonnulla.
1186 3515 1300 3562 Hoc
1325 3528 1428 3560 non
1588 3513 1673 3568 34.
1716 3513 1809 3560 Vel
1840 3511 1891 3558 in
1924 3509 2209 3574 pistrinum.
2252 3513 2534 3576 Romanus,

403 3595 470 3644 ad
505 3595 610 3658 ipsa
635 3593 807 3656 verba,
841 3609 952 3657 quo
988 3591 1306 3652 antecedunt,
1341 3591 1426 3640 aad
1516 3601 1685 3638 contra
1712 3606 1859 3653 qnam
1886 3587 2063 3651 reliqui
2081 3591 2202 3650 mei,
2226 3609 2295 3642 aa
2320 3593 2433 3641 loeo
2456 3597 2541 3643 vel

405 3673 468 3722 ad
520 3689 690 3721 eorum
740 3673 1027 3722 seutentiam
1069 3669 1424 3720 accommodat.
1515 3669 1677 3720 habet.
1700 3671 1835 3734 Ego,
1858 3683 2153 3733 quanquam
2174 3672 2279 3721 acio
2294 3673 2539 3736 vulgatam

404 3775 430 3794 α
449 3753 576 3815 Qun
588 3787 603 3810 ‚
623 3753 781 3816 inquit
801 3785 817 3811 ,
836 3753 886 3799 in
907 3763 956 3800 te
973 3750 1286 3816 reprehendi,
1315 3761 1430 3798 aunt
1518 3749 1776 3799 lectionem
1790 3761 1840 3798 et
1849 3750 2269 3814 grammaticorum
2282 3755 2540 3816 preceptis

404 3834 610 3880 omnino
633 3831 819 3895 aliqua,
845 3830 930 3879 sed
953 3842 1113 3878 tamen
1139 3829 1422 3888 mediocria,
1519 3841 1569 3878 ct
1612 3829 1902 3894 scriptorum
1954 3827 2189 3892 exemplis
2239 3843 2509 3892 repugnare
2526 3867 2543 3890 ‚

405 3924 454 3959 et
478 3927 628 3976 parva
657 3911 822 3975 potius
839 3932 886 3958 a.
919 3913 1064 3958 Man.
1093 3935 1164 3946 —
1190 3911 1261 3955 l‘ta
1287 3909 1430 3956 ctiam
1518 3918 1680 3955 tamen
1715 3909 1819 3968 eina
1856 3905 2005 3955 unius
2046 3906 2160 3954 libri
2205 3909 2539 3957 auctoritatem

405 3994 598 4039 Victor.
623 3989 707 4038 aed
733 3989 842 4047 alii,
866 4010 888 4032 ι
906 4005 1016 4052 quae
1033 3999 1146 4038 aunt
1165 3987 1430 4044 nonnullas,
1521 3996 1597 4033 tot
1620 3987 1827 4034 aliorum
1860 3985 2147 4034 testimoniis
2184 3987 2407 4050 preferre
2442 4003 2541 4036 non

408 4071 492 4118 sed
509 4085 670 4120 tamen
679 4068 962 4128 mediocres,
975 4079 1024 4116 et
1037 4083 1198 4132 parvae
1217 4068 1430 4130 potina».
1522 4065 1698 4115 audeo.
1728 4068 1951 4116 Mausr.
