3019 4681
606 386 1127 457 EPISTOLAE
1178 386 1312 454 AD
1365 386 1870 472 ATTICUM,
1910 386 2130 470 vm,
2181 409 2289 457 ιι.
2423 340 2519 494 ὀἷδ’

361 510 715 609 populare
737 522 820 582 ¹².
844 516 1084 609 Atque
1122 511 1277 583 haec
1313 535 1466 581 non
1495 532 1633 605 ego
1663 510 1867 606 prius
1892 533 2053 581 sum
2082 514 2523 611 suspicatuS‚

359 644 586 720 quam
631 622 810 693 mihi
870 621 1104 721 palam
1161 622 1587 693 denuntiata
1644 632 1819 690 sunt
1868 646 1884 689 ε
1942 644 2184 719 neque
2240 648 2323 695 ea
2372 638 2563 695 tam·

363 734 747 829 pertimui,
802 736 861 805 si
899 731 1284 806 subeunda
1323 746 1601 818 essent,
1648 728 2337 827 quamdeclinanda
2381 759 2521 832 pu·

364 844 542 930 tavi,
586 843 644 912 si
695 842 1000 914 honeste
1057 845 1286 915 vitare
1326 866 1637 941 possem.
1694 844 1935 933 Quam
1988 840 2282 915 brevem
2331 844 2523 920 illius

363 957 712 1049 temporis
743 1008 762 1039 ‚
806 952 982 1025 dum
1034 957 1110 1023 in
1175 978 1302 1051 spe
1362 978 1502 1051 pax
1562 951 1736 1043 fuit,
1782 954 2140 1025 rationem
2204 969 2547 1041 nostram·

363 1064 601 1150 vides3
638 1063 900 1162 reliqui
930 1062 1346 1147 facultatem
1373 1061 1434 1108 ¹³
1464 1089 1580 1135 res
1612 1062 1903 1135 ademit.
1934 1067 2029 1135 Iis
2058 1080 2297 1137 autem
2318 1122 2338 1155 ‚
2368 1068 2525 1164 qui-

367 1173 508 1246 bus
560 1200 710 1245 non
751 1173 1142 1265 satisfaci0‚
1178 1174 1385 1248 facile
1413 1174 1849 1274 respondeo.
1878 1180 2134 1272 Neque
2170 1180 2361 1247 enim
2392 1202 2527 1275 ego

365 1286 664 1356 amicior
709 1288 787 1355 C.
829 1287 1086 1357 Caesari
1136 1308 1486 1383 umquam
1530 1283 1675 1373 fui,
1708 1308 1931 1382 quam
1962 1285 2104 1375 illi3
2152 1312 2394 1385 neque
2424 1289 2525 1360 illi

366 1398 742 1467 amiciores
761 1394 1216 1493 reipublicae,
1250 1420 1474 1494 quam
1505 1420 1661 1492 ego.
1690 1401 1846 1467 Hoc
1872 1398 2065 1489 inter
2082 1421 2238 1483 me,
2269 1412 2341 1469 et
2366 1398 2527 1470 illos

366 1508 714 1594 interest3
765 1505 1004 1603 quod,
1043 1531 1276 1603 quum
1305 1521 1388 1579 et·
1420 1505 1522 1578 illi
1560 1507 1751 1579 cives
1786 1507 2043 1604 optimi
2082 1510 2265 1594 sint,
2296 1522 2371 1579 et
2391 1533 2525 1606 ego

368 1613 486 1686 ab·
514 1617 649 1687 ista
702 1614 917 1709 laude
958 1640 1114 1686 non
1162 1614 1427 1703 absim,
1473 1642 1611 1715 ego
1656 1614 2199 1688 conditionibus
2231 1671 2251 1705 ‚
2320 1617 2525 1715 quod

369 1726 562 1799 idem
582 1742 654 1799 te
677 1726 1178 1797 intellexeram
1197 1725 1416 1815 velle,
1453 1726 1557 1796 illi
1579 1729 1797 1799 armis
1828 1726 2210 1824 disceptari
2252 1728 2529 1797 malue-

367 1853 562 1910 runt.
604 1841 784 1928 Quae
817 1837 1168 1934 quoniam
1199 1838 1386 1908 ratio
1419 1838 1625 1925 vicit;
1656 1835 2023 1935 perficiam
2055 1834 2385 1935 profecto
2406 1852 2531 1925 ‚ut

368 1971 610 2045 neque
634 1947 1045 2046 respublica
1079 1950 1252 2019 civis
1279 1972 1323 2019 a
1355 1971 1472 2021 me
1508 1951 1833 2020 animum
1863 2003 1882 2037 ,
1921 1973 2161 2046 neque
2196 1963 2279 2021 tu
2316 1950 2527 2021 amici

369 2056 752 2131 desideres,

445 2264 528 2299 η.
541 2250 796 2314 Papulas-e.
811 2251 1041 2317 Utbepist.
1061 2252 1090 2299 3
1109 2250 1257 2313 hujus
1270 2248 1402 2301 libri.
1495 2248 1610 2301 dere
1640 2267 1801 2317 posse.
1832 2250 2100 2317 Populares
2122 2250 2251 2299 enim
2277 2283 2295 2311 ‚
2323 2251 2409 2315 qui
2439 2267 2525 2299 au-

369 2330 482 2377 Hoe
503 2338 574 2378 est
588 2364 603 2389 ‚
623 2328 881 2394 improbos
898 2330 1148 2392 homines,
1176 2330 1263 2394 qui
1283 2347 1404 2378 con·
1493 2349 1595 2381 ram
1624 2330 1783 2397 plebis
1810 2340 2025 2396 captant.
2045 2332 2225 2394 Gna-zv.

368 2407 532 2458 silium
567 2411 736 2458 ineant
762 2409 1000 2474 perdendi
1019 2408 1401 2474 rempublicam,
1568 2414 1651 2462 13.
1674 2409 1871 2474 Reliqui
1875 2409 2193 2474 fucultatem.
2236 2409 2297 2458 Id
2324 2421 2398 2460 est
2417 2445 2433 2470 ,
2471 2421 2528 2459 ut

368 2504 561 2553 temper
585 2505 638 2538 ιο
665 2490 924 2554 impetere,
943 2505 1198 2554 persuasos
1219 2489 1312 2537 hnc
1330 2505 1403 2538 ra-
1489 2493 1745 2558 desperata
1763 2506 1909 2555 pace,
1935 2488 1999 2536 ad
2028 2489 2329 2556 telvenerim.
2352 2492 2521 2540 Osten-

369 2575 506 2624 tione
540 2593 592 2624 oe
617 2577 856 2642 populum
883 2576 979 2624 sibi
1011 2577 1258 2624 faventem
1285 2576 1397 2625 red·
1491 2573 1566 2621 dit
1584 2573 1715 2620 enim
1734 2586 1839 2618 non
1856 2569 1952 2618 Sibi
1973 2567 2186 2616 Ῑῖῦυὶδὸθ-
2213 2569 2307 2618 ED-

737 2763 1012 2784 mm
1387 2759 1661 2782 mm
1666 2755 2311 2778 mmmm
2315 2755 2405 2774 m
2408 2753 2500 2773 m

1009 2975 1623 3057 EPISTOLA
1688 2971 1887 3050 XII.

370 3166 674 3226 Rationem
720 3163 1100 3224 consiliorum
1141 3181 1382 3222 suorum
1425 3159 1729 3230 defendit3
1772 3157 1917 3235 quid
1962 3155 2302 3234 Pompeiani
2346 3169 2521 3234 agant

449 3263 597 3322 scire
628 3263 827 3340 cupit;
875 3275 1131 3339 quatuor
1179 3258 1440 3338 Pompeii
1487 3256 1864 3335 epistolarum
1920 3253 1995 3310 ad
2039 3253 2303 3311 consules
2342 3266 2402 3310 et
2442 3251 2517 3310 ad

450 3361 770 3436 Domitium
805 3360 1154 3436 scriptarum
1187 3357 1456 3434 exempla
1479 3355 1672 3413 mittit.
1698 3351 1996 3434 (Formiis,
2022 3369 2173 3408 anno
2199 3353 2273 3408 U.
2288 3351 2352 3407 C.
2371 3361 2517 3424 704,

451 3477 648 3517 mense
676 3454 1020 3535 februaria)

1051 3630 1365 3696 CICERO
1410 3627 1730 3693 A'rrlco
1779 3625 1842 3690 s,
1892 3707 1901 3724 .

471 3794 658 3863 Mmi
716 3789 1094 3861 molestior
1146 3783 1513 3885 lippitudo
1569 3799 1723 3855 erat
1773 3785 1990 3854 etiam
2013 3834 2032 3868 ,
2082 3805 2302 3878 quam
2354 3797 2522 3855 ante

374 3900 654 3973 fuerat:
713 3901 986 3972 dictare
1041 3913 1286 3971 tamen
1337 3894 1528 3966 hanc
1579 3890 1955 3991 epistolam
2000 3891 2258 3980 malui,
2300 3917 2521 3989 quam

377 4012 585 4084 Gallo
626 4010 887 4099 Fabio,
936 4009 1432 4081 amantissimo
1476 4005 1861 4101 utriusque
1903 4011 2283 4093 nostrumg
2340 4002 2527 4074 nihil

376 4120 465 4194 ad
522 4138 594 4194 te
643 4122 1014 4195 literarum
1069 4117 1262 4191 dare.
1320 4121 1506 4191 Nam
1558 4113 1793 4214 pridie
1842 4112 2137 4212 quidem
2159 4167 2178 4200 ,
2218 4138 2526 4211 quoquo

617 4243 742 4310 III.
793 4257 880 4302 Cic.
918 4270 1028 4316 pam
1059 4262 1238 4317 quarn.
1876 4309 1883 4316 φ
2184 4317 2187 4322 Ι
2239 4227 2283 4297 3
