3019 4681
718 364 1252 437 EPISTOLAE
1304 371 1497 441 ele.
1548 372 1678 441 ET
1724 372 2076 458 BRUTI,
2119 368 2186 441 8.
2386 366 2532 441 665

1322 556 1413 577 m

1783 558 2150 581 mm
2168 558 2540 580 mmmm

1014 737 1610 819 EPISTOLA
1663 740 1923 821 VIII.

446 898 512 955 C.
540 897 896 957 Nasennium
918 896 1227 978 diligenter
1248 900 1630 961 commendat.
1678 904 1933 981 (Romae‚
1963 923 2118 963 anno
2145 908 2215 963 U.
2242 908 2310 965 C.
2335 902 2496 985 710.)

1078 1084 1393 1150 CICERO
1440 1086 1730 1152 BRUTO
1775 1088 1840 1155 S.

494 1232 796 1303 Mumos
827 1229 960 1301 tibi
992 1234 1491 1305 commendavi
1512 1289 1532 1321 ,
1565 1250 1638 1307 et
1669 1236 2175 1309 commendem
2195 1290 2218 1325 ‚
2246 1262 2538 1311 necesse

398 1344 530 1413 est.
603 1343 947 1439 Optimus
1003 1342 1199 1414 enim
1254 1344 1566 1441 quisque
1618 1346 1730 1416 vir
1757 1400 1778 1433 ,
1841 1360 1912 1417 et
1957 1345 2128 1416 civis
2153 1400 2174 1428 ,
2227 1350 2536 1418 maxime

401 1451 729 1550 sequitur
772 1452 1130 1547 judicium
1185 1467 1393 1523 tuum
1420 1509 1439 1543 ,
1490 1453 1774 1551 tibique
1830 1480 2084 1527 omnes
2127 1453 2349 1527 sortes
2403 1458 2538 1527 viri

398 1586 659 1634 navare
692 1587 987 1661 operam
1012 1577 1085 1635 et
1112 1552 1431 1635 studium
1464 1564 1765 1653 volunt3
1802 1590 1938 1637 nec
1973 1567 2360 1664 quisquam
2394 1582 2538 1655 est,

399 1673 584 1769 quin
611 1673 708 1767 ita
742 1674 1122 1763 existimet,
1140 1699 1374 1746 meam
1400 1673 1599 1774 apud
1630 1690 1701 1748 te
1732 1690 1806 1747 et
1841 1678 2164 1773 gratiam,
2193 1690 2266 1748 et
2293 1691 2538 1747 aucto-

397 1783 683 1854 ritatem
712 1784 949 1856 valere
987 1784 1406 1884 plurimum.
1454 1785 1594 1857 Sed
1636 1790 1714 1859 C.
1760 1788 2250 1871 Nasennium,
2293 1786 2538 1857 muni-

396 1894 633 1990 cipem
673 1896 1104 1966 Suessanum
1134 1950 1155 1983 ,
1190 1894 1322 1966 tibi
1368 1898 1468 1966 ita
1502 1894 1937 1967 commendo
1973 1949 1994 1982 ,
2046 1909 2131 1965 ut
2165 1895 2532 1966 neminem
2633 1924 2646 1934 ·

396 2001 835 2100 diligentius.
878 2008 1201 2078 Cretensi
1228 2004 1463 2094 bello,
1501 2003 1800 2075 Metello
1833 2005 2306 2102 imperatore,
2339 2018 2537 2075 octa-

397 2136 572 2184 vum
610 2114 1012 2212 principem
1042 2126 1063 2159 ¹
1113 2113 1361 2203 duxit3
1402 2129 1658 2214 postea
1703 2117 1780 2185 in
1816 2138 1897 2187 re
1941 2112 2273 2185 familiari
2311 2138 2536 2185 occu-

399 2237 612 2321 patus
650 2222 812 2296 fuit.
855 2231 1011 2297 Hoc
1046 2239 1376 2324 tempore
1427 2248 1658 2324 quum
1701 2223 2118 2323 reipublicae
2158 2221 2484 2323 partibus
2513 2278 2534 2313 ,

398 2347 555 2404 tum
597 2349 719 2406 tua
756 2334 1134 2407 excellenti
1172 2335 1514 2434 dignitate
1549 2350 1956 2408 commotus
1981 2390 2002 2425 ‚
2035 2335 2254 2407 vellet
2288 2360 2420 2435 per
2463 2350 2537 2408 te

397 2444 673 2543 aliquid
721 2447 1164 2520 auctoritatis
1200 2471 1586 2518 assumere.
1631 2452 1920 2520 Fortem
1967 2448 2242 2535 virum,
2283 2450 2542 2536 Brute,

398 2553 532 2626 tibi
570 2555 1044 2646 commendo,
1092 2555 1281 2654 frugi
1325 2558 1740 2647 hominem,
1774 2573 1883 2647 et,
1929 2559 1987 2630 si
2033 2554 2211 2654 quid
2255 2555 2346 2628 ad
2382 2580 2535 2628 rem

396 2665 752 2763 pertinet,
798 2669 1011 2738 etiam
1046 2667 1508 2767 locupletem.
1542 2671 1989 2768 ⁸Pergratum
2037 2665 2214 2737 mihi
2261 2667 2397 2738 erit
2423 2722 2442 2756 ,
2479 2670 2540 2736 si

396 2800 565 2846 eum
618 2778 717 2847 ita
765 2779 1085 2849 tractaris
1106 2833 1127 2866 ,
1181 2793 1265 2849 ut
1316 2779 1580 2850 merito
1623 2794 1752 2851 tuo
1795 2778 1976 2850 mihi
2027 2779 2287 2876 gratias
2327 2800 2538 2874 agere

395 2887 648 2983 possit.

476 3073 526 3106 r.
577 3058 811 3106 Octavum
842 3057 1115 3123 principem
1155 3057 1317 3108 duxit.
1363 3061 1425 3108 In
1511 3057 1758 3122 princeps.
1805 3057 1996 3104 Primus
2027 3066 2188 3104 autem
2214 3053 2408 3102 triarius
2429 3069 2538 3102 nou

402 3137 578 3204 quavis
591 3136 785 3201 legione
812 3149 974 3196 erant,
989 3151 1104 3186 aetas
1127 3139 1283 3202 prima
1300 3173 1315 3196 ,
1331 3138 1422 3186 ha·
1513 3136 1789 3194 dicebatur3
1813 3134 1900 3183 ned
1935 3137 2126 3199 primus
2166 3134 2318 3199 pilus.
2357 3133 2538 3182 Centu-

410 3229 679 3276 ntatorum5
704 3217 882 3274 altera,
918 3218 1226 3282 principum3
1258 3219 1421 3277 tertia,
1511 3217 1678 3262 riona
1711 3224 1898 3273 autem,
1927 3215 2154 3262 centurio
2179 3213 2326 3278 primi
2344 3211 2537 3271 hastati,

399 3297 697 3346 viai-iorum.
742 3298 896 3359 Qun,
922 3294 1147 3344 velitibus
1170 3297 1387 3360 exceptis
1403 3330 1420 3357 ,
1508 3293 1734 3342 centurio
1784 3292 1928 3356 primi
1973 3292 2215 3356 principia
2233 3327 2249 3355 ,
2309 3293 2534 3340 centurio

400 3376 748 3426 dividebantur
784 3374 989 3439 singulo
1024 3375 1076 3422 in
1107 3374 1275 3422 decem
1310 3391 1423 3423 cen·
1508 3375 1656 3440 primi
1676 3373 1785 3437 pili.
1815 3371 2000 3420 velites
2023 3382 2186 3420 autem
2209 3372 2262 3420 in
2289 3371 2538 3420 centurias

400 3457 556 3504 turias
573 3489 589 3514 ,
631 3457 716 3519 qui
750 3466 800 3503 et
835 3454 1073 3519 manipuli
1118 3453 1421 3503 dicebantur.
1509 3469 1615 3501 non
1661 3452 2009 3501 dividebantur
2028 3487 2043 3512 ,
2075 3463 2132 3501 ut
2154 3450 2399 3514 Polybius
2440 3450 2532 3500 lib.

398 3536 559 3583 Prima
616 3533 915 3583 hastatorum
958 3533 1196 3592 centuria,
1234 3533 1423 3598 primus
1511 3535 1582 3580 VI
1627 3531 1792 3582 docet.
1817 3531 2092 3580 Nau-nnius
2137 3531 2290 3594 igitur
2311 3541 2538 3578 octavum

398 3611 615 3666 huntus
629 3648 644 3670 ,
672 3612 911 3674 secunda,
944 3611 1186 3662 secundun
1202 3647 1218 3670 ,
1266 3623 1315 3659 et
1341 3628 1425 3660 eo-
1501 3610 1802 3676 principem,
1831 3610 1882 3658 id
1906 3622 1976 3659 est
1989 3644 2006 3670 ,
2027 3620 2248 3658 octavam
2267 3609 2538 3658 centuriam

400 3692 512 3742 dem
536 3692 691 3742 modo
726 3708 879 3756 usque
922 3692 987 3741 nd
1024 3691 1259 3740 decimam
1281 3706 1425 3738 voca-
1508 3690 1808 3755 principum,
1833 3689 2040 3738 duent
2056 3689 2148 3740 aab
2168 3689 2388 3739 Metello.
2409 3688 2538 3738 Scri·

396 3771 557 3822 batur.
594 3774 674 3822 Sic
698 3773 885 3839 primns
904 3772 1157 3837 princeps,
1180 3769 1423 3819 secundun
1508 3779 1596 3834 pta
1617 3768 1792 3818 eodem
1816 3771 1880 3819 U.
1908 3769 1972 3820 C.
1997 3785 2128 3818 nuno
2156 3785 2275 3832 71⁰·
2294 3771 2444 3818 Mn.

1230 3993 1704 4018 —Q—
