3019 4681
490 362 629 435 528
1090 363 1223 436 .M.
1278 370 1359 437 T.
1410 366 1994 439 CICERONIS

566 486 773 565 injure
798 485 1050 545 dicendo
1076 486 1470 565 aequabilitate
1497 490 1796 568 praecipit3
1835 488 2116 563 secundo,
2151 490 2227 551 de
2253 492 2629 555 sublevandis

564 583 881 663 provinciae
906 582 1216 657 oneribus,
1238 585 1685 667 minuendisque
1710 587 2040 667 sumptibus
2068 602 2126 647 et
2140 588 2412 667 jacturis;
2437 595 2627 667 tertio,

562 680 639 738 de
661 679 1039 739 conciliandis
1080 700 1212 739 cum
1239 681 1690 760 publicanorum
1723 684 1930 743 ordine
1955 685 2126 744 sociis
2146 728 2163 755 ,
2191 688 2626 749 constituenda-

561 797 678 854 que
696 777 851 835 inter
876 776 1007 835 illos
1039 776 1389 850 concordia3
1429 792 1725 858 postremo
1741 822 1757 849 ,
1789 779 1864 839 de
1891 780 2214 841 coercenda
2238 784 2538 843 iracundia
2559 799 2621 844 et

560 887 785 933 naturae
826 874 1047 951 impetu
1094 873 1483 944 moderand0‚
1526 875 1608 935 ita
1636 876 1996 951 luculenter,
2035 892 2095 937 et
2129 898 2318 959 prope
2346 877 2624 941 divinitus

558 971 850 1049 disputat,
880 982 949 1027 ut
972 968 1125 1029 hanc
1150 971 1461 1048 epistolam
1484 988 1607 1029 non
1641 972 1862 1047 Quinto
1888 973 2056 1032 fratri
2075 974 2398 1054 scripsisse,
2430 978 2624 1057 potius

558 1086 733 1145 quam
761 1064 1031 1125 omnibus
1067 1065 1502 1144 provinciarum
1532 1067 2019 1145 gubernatoribus
2055 1073 2390 1149 praeclaram
2428 1094 2624 1152 quam·

557 1163 693 1221 dam
714 1162 944 1240 imperii
954 1174 1109 1220 recte
1124 1162 1566 1248 administrandi
1586 1184 1854 1247 normam
1867 1186 1934 1225 ac
1949 1168 2208 1247 regulam
2225 1170 2624 1248 perscripsisse

562 1259 851 1320 videatur.
886 1258 1158 1340 (Romae,
1190 1277 1345 1318 anno
1376 1264 1452 1320 U.
1484 1263 1552 1321 C.
1585 1262 1766 1339 693.)

1070 1484 1412 1555 MARCUS
1460 1489 1546 1573 Q.
1592 1486 1918 1557 FRATm
1965 1491 2034 1557 s,

486 1614 590 1734 E
614 1684 744 1733 ‘rsi
802 1684 954 1732 non
1010 1658 1435 1732 dubitabam
1457 1716 1478 1750 ,
1520 1662 1698 1759 quin
1749 1656 1942 1733 hanc
1987 1662 2365 1761 epistolam
2396 1665 2624 1766 *multi

479 1772 750 1860 nuntii,
784 1768 972 1843 fama
997 1781 1018 1815 ¹
1056 1770 1374 1869 denique
1413 1785 1602 1843 esset
1637 1774 1793 1871 ipsa
1833 1797 1962 1843 sua
2003 1772 2367 1846 celeritate
2408 1800 2620 1873 supe-

481 1898 721 1955 ratura
744 1936 766 1971 ‚
810 1897 1042 1979 tuque
1088 1896 1253 1953 ante
1293 1880 1385 1953 ab
1433 1881 1587 1952 aliis
1647 1882 2028 1953 auditurus
2080 1907 2309 1974 esseS,
2349 1909 2620 1955 annum

479 1996 779 2067 tertium
846 1992 1223 2063 accessisse
1284 1988 1639 2062 desiderio
1688 2004 1942 2063 nostro
1970 2046 1991 2080 ,
2043 2004 2116 2063 et
2159 1992 2391 2064 labori
2444 2008 2571 2065 tuo
2591 2046 2613 2082 ‚

481 2120 727 2175 tamen
767 2098 1163 2175 existimavi
1205 2125 1246 2170 a
1290 2124 1408 2171 me
1463 2124 1767 2197 quoque
1820 2098 1955 2171 tibi
2009 2100 2227 2197 hujus
2283 2102 2624 2173 molestiae

483 2219 824 2287 nuntium
863 2208 1166 2312 perferri
1208 2226 1572 2309 oportere.
1604 2206 1790 2283 Nam
1826 2210 2326 2310 superioribus
2363 2212 2620 2297 literiS‚

484 2353 637 2398 non
684 2326 878 2416 unis,
916 2322 1044 2397 sed
1091 2320 1461 2423 pluribus,
1497 2347 1731 2420 quum
1761 2322 1913 2419 jam
1940 2322 2032 2396 ab
2061 2322 2216 2396 aliis
2251 2320 2625 2423 desperata

480 2461 598 2508 res
652 2450 877 2522 esset,
919 2449 1161 2506 tamen
1213 2458 1348 2530 ego
1404 2432 1543 2505 tibi
1591 2457 1795 2532 spem
1849 2450 2144 2506 maturae
2193 2433 2624 2508 decessionis

486 2545 921 2633 afferebam3
952 2569 1103 2614 non
1128 2542 1365 2615 solum
1384 2598 1403 2630 ‚
1422 2557 1507 2614 ut
1526 2567 1744 2640 quam
1776 2543 2178 2618 diutissime
2212 2559 2284 2616 te
2305 2545 2626 2640 jucunda

484 2656 831 2754 opinione
849 2651 1289 2725 oblectarem
1306 2707 1325 2738 ‚
1359 2650 1487 2724 sed
1504 2653 1719 2722 etiam
1735 2656 1908 2751 quia
1921 2669 2120 2725 tanta
2147 2655 2627 2727 adhibebatur

488 2781 563 2838 et
592 2787 633 2834 a
669 2761 921 2850 nobis,
955 2776 1027 2833 et
1058 2786 1099 2833 a
1132 2761 1559 2859 praetoribus
1579 2771 1609 2805 ²
1649 2767 2022 2835 contentio
2042 2820 2061 2854 ,
2097 2779 2181 2835 ut
2215 2790 2372 2838 rem
2416 2789 2625 2864 posse

488 2873 751 2948 confici
784 2896 935 2943 non
974 2869 1398 2942 diffiderem.
1430 2874 1644 2942 Nunc
1682 2873 2032 2969 quoniam
2070 2875 2168 2944 ita
2213 2873 2505 2962 accidit,
2542 2888 2625 2945 ut

487 3008 730 3083 neque
763 2996 1105 3080 praetores
1136 2979 1283 3052 suis
1315 2978 1619 3078 opibus,
1650 3006 1891 3080 neque
1927 3005 2062 3054 nos
2092 2999 2345 3078 nostro
2377 2983 2620 3056 studio

485 3094 885 3195 quidquam
936 3089 1291 3191 proficere
1346 3115 1757 3188 possemu3‚
1815 3108 1924 3165 est
1973 3097 2276 3166 omnino
2330 3093 2622 3165 difficile

485 3233 637 3279 non
662 3204 969 3304 graviter
1000 3201 1075 3274 id
1104 3198 1292 3273 ferre
1312 3227 1331 3290 3
1354 3199 1481 3272 sed
1508 3216 1748 3272 tamen
1774 3217 2063 3274 nostros
2091 3205 2372 3275 animos
2403 3193 2622 3274 maxi-

486 3315 623 3386 mis
656 3313 734 3382 in
759 3307 983 3384 rebus
1020 3324 1096 3382 et
1126 3307 1493 3407 gerendiS‚
1553 3322 1644 3380 et.
1669 3312 2106 3384 sustinendis
2150 3317 2573 3385 exercitatos
2599 3369 2620 3400 ‚

485 3423 719 3520 frangi
744 3435 816 3493 et
849 3419 1211 3492 debilitari
1248 3418 1579 3490 molestia
1615 3445 1766 3492 non
1799 3437 2112 3520 oportet.
2147 3429 2236 3495 Et
2280 3425 2623 3521 quoniam

484 3559 568 3605 ea
612 3533 1111 3605 molestissime
1146 3528 1333 3602 ferre
1374 3529 1707 3602 homines
1747 3531 2061 3622 dehent,
2100 3557 2262 3631 quae
2297 3536 2622 3632 ipsorum

488 3645 699 3742 culpa
743 3657 1116 3716 contracta
1178 3655 1389 3731 sunt,
1444 3655 1554 3710 est
1604 3641 1953 3738 quiddam
1999 3644 2076 3713 in
2127 3643 2263 3714 hac
2310 3670 2391 3715 re
2449 3642 2626 3714 mihi

491 3753 859 3824 molestius
887 3750 1266 3825 ferendum
1289 3805 1307 3840 ,
1345 3773 1562 3848 quam
1587 3749 1736 3822 tibi.
1771 3755 2067 3824 Factum
2103 3769 2211 3824 est
2243 3757 2434 3824 enim
2469 3777 2626 3824 mea

568 3953 612 3984 ι.
643 3936 815 3984 Rama.
844 3936 1010 3984 Verbo
1033 3936 1275 4000 denique,
1302 3944 1351 3983 et
1372 3933 1514 3983 Cice·
1599 3936 1904 3986 «multormn
1931 3936 2085 3986 litera
2103 3959 2146 3986 ιο.
2177 3941 2391 3985 Frustra.
2413 3936 2464 3984 J.
2477 3937 2542 3982 V
2565 3937 2626 3986 1..

491 4014 626 4064 tonis
660 4015 712 4062 in
754 4014 839 4062 tali
873 4031 925 4064 re
953 4015 1309 4064 consuetudine
1349 4023 1512 4061 motus
1671 4013 2633 4081 a.Apta-toribus.Contmdontibusob-

489 4097 679 4146 Ernest.
717 4103 857 4160 putat
894 4106 1012 4158 post
1053 4093 1216 4143 nuncii
1250 4091 1512 4154 excidisse,
1599 4095 1754 4145 tinere
1778 4095 2080 4160 provinciam
2096 4094 2280 4144 Asiam.
2299 4095 2416 4144 διο.
2441 4095 2590 4141 Face.
