3019 4681
560 416 642 462 12
1149 451 1160 464 ,
1209 390 1309 457 Μ.
1351 391 1427 458 Τ.
1480 387 2039 459 CICERONIS

545 526 790 612 potest
815 511 975 584 fieri
1003 565 1024 601 ,
1061 510 1268 609 quod
1310 509 1394 582 fit
1443 512 1519 581 in
1562 508 1810 582 multis
1863 508 2389 608 quaestionibus
2411 564 2432 599 ,
2466 525 2549 582 ut
2580 535 2709 582 res

542 623 923 696 verbosior
975 623 1127 693 haec
1187 620 1404 694 fuerit
1428 674 1448 709 ,
1518 620 1643 691 illa
1702 622 1957 692 verior.
2010 618 2503 712 Quamobrem
2534 675 2555 707 ‚
2614 635 2709 691 ut

543 740 855 807 maxima
889 735 980 805 de
1013 757 1130 822 re,
1167 757 1378 830 aequo
1429 733 1677 804 animo
1706 730 2171 820 deliberanti,
2221 732 2323 802 ita
2356 731 2539 801 mihi
2569 729 2707 802 des

546 847 931 919 consilium
967 844 1204 917 velim.
1231 844 1446 915 Navis
1468 858 1540 913 et
1570 844 1647 914 in
1677 846 1922 916 Caieta
1941 840 2006 886 ²³
2036 856 2143 915 est
2173 857 2421 942 parata
2448 841 2704 930 nobiS,

545 974 621 1031 et
655 956 1038 1028 Brundisii.

639 1069 784 1142 Sed
827 1092 994 1140 ecce
1034 1066 1313 1154 nuntii,
1385 1064 1755 1138 scribente
1826 1090 1943 1138 me
1986 1064 2137 1136 haec
2162 1067 2322 1164 ipsa
2362 1078 2591 1135 noctu
2622 1064 2703 1135 in

541 1179 850 1265 CalenO,
907 1203 1072 1251 ecce
1127 1177 1348 1248 literae
1381 1232 1402 1265 ,
1439 1182 1789 1249 Caesarem
1834 1175 1926 1248 ad
1963 1173 2400 1263 Corfinium,
2446 1178 2707 1246 Domi-

541 1294 726 1362 tium
785 1288 1090 1363 Corfinii
1145 1314 1310 1360 cum
1363 1288 1579 1360 firmo
1636 1293 1959 1361 exercitu
1990 1341 2010 1376 ,
2065 1302 2139 1359 et
2187 1312 2514 1386 pugnare
2568 1311 2709 1358 cu-

543 1402 814 1500 piente.
855 1406 1024 1474 Non
1068 1415 1252 1499 puto
1301 1401 1517 1472 etiam
1563 1398 1705 1470 hoc
1750 1403 2045 1472 Cnaeum
2106 1413 2440 1470 nostrum
2498 1422 2707 1469 com-

543 1514 976 1598 missurum,
1025 1527 1109 1582 ut
1154 1511 1559 1582 Domitium
1604 1510 2015 1608 relinquat:
2060 1512 2195 1580 etsi
2234 1507 2708 1580 Brundisium

541 1623 957 1719 Scipionem
982 1646 1150 1692 cum
1166 1620 1596 1693 cohortibus
1610 1619 1893 1692 duabus
1906 1624 1971 1672 ²4
1995 1620 2435 1718 praemiserat
2449 1645 2468 1705 ;
2486 1619 2711 1716 legio·

543 1758 715 1805 nem
750 1739 1016 1804 Faus-to
1038 1728 1106 1777 ²⁵
1142 1736 1666 1830 conscriptam,
1710 1735 1788 1803 in
1817 1732 2123 1803 Siciliam
2162 1730 2303 1802 sibi
2339 1731 2623 1829 placere
2662 1755 2710 1801 a

547 1842 846 1914 consule
881 1841 1084 1930 duci,
1127 1846 1508 1942 scripserat
1540 1840 1630 1914 ad
1669 1843 2021 1914 consules.
2053 1841 2192 1914 Sed
2224 1843 2710 1940 turpeDomi-

545 1955 729 2024 tium
768 1952 1104 2026 deserere
1141 1955 1278 2024 erit
1305 2007 1326 2042 ,
1365 1955 1883 2052 implorantem
1940 1954 2093 2049 ejus
2146 1953 2520 2025 auxilium.
2575 1957 2711 2024 Est:

545 2061 878 2159 quaedam
924 2087 1129 2161 speS,
1193 2063 1373 2134 mihi
1407 2064 1709 2161 quidem
1751 2089 1905 2135 non
1946 2089 2239 2162 magna,
2288 2063 2419 2135 sed
2462 2066 2535 2134 in
2589 2064 2708 2135 his

545 2172 724 2244 locis
747 2171 954 2243 firma
974 2226 993 2261 ,
1031 2170 1404 2244 Afranium
1425 2175 1500 2244 in
1535 2179 1871 2270 Pyrenaeo
1897 2200 2063 2246 cum
2098 2170 2543 2246 Trebonio²⁶
2573 2199 2707 2272 pu-

545 2307 842 2381 gnasse,
908 2283 1198 2383 pulsum
1254 2284 1701 2357 Trebonium
1732 2342 1751 2375 ,
1824 2289 2040 2358 etiam
2106 2284 2409 2358 Fabium
2488 2299 2703 2358 tuum

544 2400 886 2469 transisse
907 2409 969 2454 ²⁷
991 2422 1158 2469 cum
1179 2397 1609 2470 cohortibus
1640 2426 1655 2469 ε
1682 2424 1963 2471 summa
2000 2414 2241 2470 autem
2262 2454 2281 2487 ,
2320 2395 2703 2469 Afranium

545 2530 712 2578 cum
753 2510 1027 2605 magnis
1071 2510 1296 2608 copiis
1337 2508 1745 2581 adventare.
1783 2509 1869 2582 Id
1908 2512 1966 2581 si
2008 2523 2153 2597 est,
2196 2510 2272 2578 in
2313 2507 2513 2580 Italia
2546 2506 2699 2580 for-

544 2632 731 2691 tasse
777 2617 1210 2691 manebitur.
1269 2624 1427 2719 Ego
1485 2633 1763 2710 autem,
1816 2645 2047 2716 quum
2103 2633 2289 2691 esset
2336 2620 2701 2689 incertum

546 2728 685 2799 iter
721 2731 1050 2819 Caesaris,
1095 2728 1300 2827 quod
1336 2731 1450 2801 vel
1491 2729 1584 2802 ad
1626 2722 1947 2829 Capu'am
1970 2786 1989 2819 ,
2030 2730 2141 2800 vel
2186 2729 2275 2801 ad
2317 2731 2697 2801 Luceriam

547 2839 782 2909 iturus
815 2839 1250 2936 putabatur,
1288 2846 1590 2940 Leptam
1628 2842 1717 2914 ad
1755 2842 2186 2941 Pompeium
2218 2842 2383 2912 misi
2426 2855 2499 2912 et
2536 2843 2699 2912 lite-

544 2974 700 3037 ras;
739 2950 932 3047 ipse,
971 2975 1066 3021 ne
1101 2976 1252 3048 quo
1289 2950 1684 3024 inciderem
1706 3008 1725 3039 ‚
1760 2956 2025 3025 reverti
2060 2954 2397 3024 Formias,
2430 2958 2596 3023 Haec
2624 2967 2696 3023 te

545 3062 727 3131 scire
754 3060 990 3149 volui,
1021 3065 1421 3161 scripsique
1440 3062 1800 3151 sedatiore
1822 3069 2097 3153 anim0,
2119 3089 2341 3163 quam
2370 3064 2694 3162 proxime

543 3176 1008 3270 scripseram,
1045 3174 1330 3244 nullum
1367 3199 1608 3246 meum
1635 3176 1990 3273 judicium
2025 3179 2528 3273 interponenS,
2571 3173 2695 3245 sed

545 3285 936 3381 exquirens
973 3298 1207 3356 tuum.

542 3451 610 3500 pe
651 3446 708 3484 nt
741 3452 835 3485 nec
867 3440 1104 3504 accipiam
1136 3437 1463 3503 triumphum,
1490 3453 1583 3485 nec

551 3531 656 3564 non
685 3516 937 3582 accipiam.
967 3521 1062 3567 En.

620 3596 708 3643 23.
743 3598 804 3643 In
839 3596 1026 3646 Caieta.
1073 3599 1238 3647 Caieta
1277 3596 1358 3644 hic
1393 3612 1575 3645 nomen

551 3684 624 3725 ent
661 3674 792 3722 villa
831 3676 1084 3725 Ciceronis
1109 3677 1164 3723 iu
1197 3692 1316 3741 agro
1343 3677 1577 3726 Caietano

551 3754 676 3803 uitae.
707 3753 899 3803 Idcirco
940 3756 1091 3818 dixit,
1135 3757 1186 3804 in
1229 3756 1400 3805 Caieta
1419 3790 1434 3816 ,
1472 3769 1578 3804 uon

553 3833 752 3884 Caietae.
779 3836 859 3883 Sic
885 3851 964 3899 ep.
994 3852 1041 3897 7,
1057 3836 1144 3883 lib.
1165 3839 1309 3885 xlv.
1335 3838 1541 3885 Bonus.

624 3921 710 3969 24.
741 3914 860 3962 Cum
888 3914 1170 3963 cohortibus
1199 3916 1407 3967 duabus.
1445 3916 1580 3965 Infra

552 4004 715 4043 umen
741 3994 1002 4058 Pompeius
1038 3995 1138 4042 suis
1173 3995 1324 4043 literis
1349 3997 1581 4045 cohortes

546 4088 641 4123 xiv
699 4074 989 4139 legionarias
1033 4076 1346 4125 Brundisium
1393 4078 1581 4125 misisse

545 4152 805 4221 signifieat.
831 4156 900 4203 Ut
927 4170 1034 4204 uon
1055 4154 1324 4205 absurdum
1351 4166 1437 4205 aut
1459 4156 1583 4205 alie·

1672 3455 1793 3487 num
1840 3438 2067 3489 videatur
2108 3436 2380 3504 legionibus
2420 3437 2688 3488 emendare.

1670 3521 1905 3568 Maur.

1746 3599 1830 3647 25.
1858 3600 2055 3646 Fausto.
2084 3597 2232 3646 Sullae
2260 3594 2514 3657 dictatoris
2540 3596 2654 3646 filio.

1739 3680 1824 3727 26.
1848 3678 2109 3727 Trebonio.
2124 3677 2327 3726 Caesaris
2339 3676 2520 3740 legno.
2534 3678 2686 3727 Con.

1742 3774 1827 3819 27.
1877 3756 2140 3807 Transisse.
2186 3761 2246 3805 Iu
2298 3768 2455 3805 castra
2491 3757 2684 3806 Afranii.

1670 3839 1814 3888 Mu«.
1838 3864 1908 3875 --
1932 3838 2053 3887 Haec
2086 3838 2249 3886 omnia
2286 3836 2403 3885 saba
2424 3848 2575 3886 erant.
2602 3840 2685 3884 Fa-

1668 3918 1779 3965 biu-
1792 3916 1993 3981 quidem
2020 3934 2048 3965 a
2076 3919 2265 3967 Caesare
2290 3917 2465 3965 missus
2486 3934 2594 3965 cum
2610 3916 2686 3965 tri·

1666 3998 1759 4045 bus
1786 3998 2093 4061 legionibus,
2133 4000 2424 4060 Pyrenaeum
2470 3997 2679 4045 transiit:

1669 4077 1757 4125 sed
1776 4077 1979 4125 verbum
2010 4077 2223 4125 transire
2243 4076 2385 4125 aliter
2414 4076 2676 4141 intelligen-

1671 4156 1791 4205 dum
1812 4156 1939 4207 bene
1960 4155 2085 4205 vidit
2102 4157 2239 4206 Man.
2262 4156 2354 4207 En.
