3019 4681
498 401 639 502 276
1130 402 1227 466 M.
1280 404 1352 469 T.
1398 404 1986 474 CICERONIS

494 526 739 624 putavi
780 545 930 595 esse
974 520 1421 591 commodius
1444 575 1465 609 ,
1497 548 1614 593 me
1651 526 1834 598 istuc
1858 527 2138 611 venire3
2184 520 2387 619 quod
2424 520 2614 604 idem

490 631 705 702 video
760 629 889 701 tibi
945 630 1251 729 placere.
1311 634 1483 701 Cras
1541 632 1758 727 igitur
1809 637 1884 704 in
1935 638 2104 706 Sicae
2149 631 2613 704 suburbano:

492 739 701 827 inde,
732 738 1349 837 quemadmodum
1392 741 1678 824 suades,
1720 756 1902 832 puto
1936 769 2053 816 me
2094 729 2213 816 1311
2264 742 2618 815 Ficulensi

491 847 671 920 fore.
710 847 996 938 Quibus
1037 846 1128 919 de
1160 847 1385 919 rebus
1409 847 1499 917 ad
1526 871 1642 916 me
1677 843 2051 940 scripsisti,
2084 855 2421 938 quoniam
2463 856 2620 949 ipse

491 961 708 1030 venio
731 1012 750 1044 ,
787 981 1031 1028 coram
1061 955 1489 1027 videbimus.
1530 957 1758 1024 Tuam
1785 950 2082 1048 quidem
2115 964 2190 1021 et
2221 952 2297 1020 in
2332 961 2620 1048 agendis

492 1069 761 1140 nostris
810 1066 1068 1150 rebuS‚
1113 1080 1186 1136 et
1225 1066 1302 1134 in
1349 1061 1662 1135 consiliis
1697 1061 2033 1134 ineundis
2077 1060 2400 1157 mihique
2443 1060 2626 1131 dan-

488 1175 629 1264 dis,
680 1178 755 1245 in
798 1175 972 1273 ipsis
1013 1175 1277 1261 literiS,
1318 1197 1499 1270 quas
1543 1173 1802 1260 mittis,
1829 1163 2437 1257 benivolentiam,
2461 1170 2625 1241 dili-

490 1287 806 1385 gentiam
834 1339 855 1372 ,
909 1282 1373 1382 prudentiam
1424 1280 1726 1354 mirifice
1775 1281 2015 1378 diligo.
2065 1285 2173 1352 Tu
2217 1291 2528 1369 tamem,
2566 1281 2627 1352 si

491 1397 672 1494 quid
712 1421 881 1468 cum
924 1394 1138 1478 silio,
1172 1393 1287 1465 vel
1319 1393 1443 1465 illo
1476 1394 1637 1491 ipso
1680 1391 1827 1480 die,
1869 1416 2019 1489 quo
2060 1391 2150 1462 ad
2191 1394 2422 1462 Sicam
2447 1415 2623 1461 ven-

488 1518 701 1578 turus
763 1529 928 1593 er0,
977 1505 1357 1576 certiorem
1411 1527 1531 1574 me
1580 1502 1794 1573 velim
1843 1498 2099 1589 faciaS,
2154 1513 2227 1572 et
2275 1501 2624 1587 maxime,

487 1610 695 1711 cujus
716 1616 853 1687 loci
876 1613 1403 1686 detractionem
1427 1611 1455 1656 ³
1480 1612 1640 1685 fieri
1664 1612 1854 1683 velit.
1888 1609 2106 1701 Quod
2131 1612 2322 1682 enim
2351 1608 2626 1695 scribis,

488 1758 522 1792 ι(
550 1727 851 1798 extremi
875 1753 939 1814 »ς
968 1722 1166 1812 vide,
1209 1747 1303 1794 ne
1334 1715 1401 1794 'is
1442 1725 1598 1823 ipse
1634 1723 1837 1794 locus
1878 1723 1999 1809 sit,
2039 1719 2246 1815 cujus
2282 1741 2492 1789 causa
2533 1714 2625 1788 de

492 1850 646 1907 tota
680 1857 797 1920 re,
832 1849 916 1904 ut
948 1835 1084 1926 scis
1105 1887 1124 1921 ,
1158 1839 1276 1904 'est
1310 1858 1353 1905 a
1396 1830 1609 1904 nobis
1657 1833 2070 1928 cogitatum.
2114 1827 2324 1899 Hirtii
2368 1828 2625 1927 episto·

492 1944 633 2016 lam
669 1942 801 2014 tibi
832 1943 1029 2032 misi,
1054 1957 1128 2014 et
1154 1956 1563 2031 recentem,
1587 1957 1666 2014 et
1695 1940 2033 2013 benivole
2062 1941 2419 2038 scriptam.

564 2137 613 2170 1.
638 2123 701 2168 In
726 2091 981 2168 Ficulez‘aesi'.
1005 2119 1120 2168 scil.
1140 2135 1286 2184 egro,
1312 2118 1398 2182 qui
1419 2118 1516 2168 fuit
1601 2122 1796 2170 Gruter.
1832 2117 2086 2176 ermina,
2110 2117 2302 2166 Ernest.
2327 2117 2426 2164 sere
2457 2131 2626 2164 omnes

489 2199 707 2250 edvium
732 2198 1058 2258 Ficuleano-n,
1082 2213 1193 2260 (ιω
1218 2209 1267 2246 et
1291 2197 1516 2248 Nomen·
1603 2198 1800 2262 aequati
1817 2209 1950 2246 eunt.
1972 2196 2326 2260 imprudenter.
2352 2197 2386 2243 J
2390 2231 2404 2245 .
2425 2198 2490 2244 V.
2515 2199 2574 2245 L.

492 2290 603 2326 tana
618 2278 815 2336 dicitur,
829 2277 916 2324 ubi
930 2277 1048 2324 olixn
1065 2276 1160 2324 suit
1174 2276 1294 2324 urbe
1308 2275 1516 2325 Ficulea.
1591 2323 1594 2330 ,
1679 2278 1729 2326 3.
1750 2275 2128 2324 Dect-actionem.
2140 2276 2308 2338 Quum
2320 2274 2468 2323 Silius
2481 2274 2632 2322 dixin-

496 2356 670 2407 (ὗμιν.
1605 2367 1708 2416 set,
1736 2356 1907 2403 hortos
1938 2370 2056 2403 suos
2087 2372 2139 2403 ee
2161 2371 2266 2403 esee
2288 2354 2595 2403 venditurum
2615 2387 2632 2412 ,

567 2452 616 2483 ο.
641 2439 761 2485 Hoec
786 2436 970 2485 verba:
998 2458 1025 2479 ιι
1041 2437 1120 2484 Tu
1144 2447 1327 2485 temen.
1349 2468 1363 2482 .
1384 2470 1396 2483 .
1432 2435 1520 2483 be·
1605 2435 1694 2483 sed
1724 2434 1847 2483 velle
1881 2434 2140 2499 quemdam
2175 2433 2339 2481 locum
2371 2434 2625 2497 excipere:

496 2516 664 2564 nivole
687 2516 916 2580 scriptum
932 2536 983 2575 ιι,
1010 2514 1067 2563 iu
1092 2515 1209 2564 edd.
1238 2531 1314 2578 pr.
1339 2530 1524 2579 appeu-
1607 2515 1766 2573 Vide,
1810 2514 1973 2577 inquit
2015 2514 2187 2563 Cicero
2203 2546 2220 2572 ,
2261 2528 2324 2560 ne
2363 2512 2480 2559 velit
2516 2526 2628 2560 eum

499 2596 657 2643 dicem
719 2594 1024 2642 constituunt
1070 2594 1223 2653 fhujus
1285 2594 1522 2657 epistob.
1609 2594 1772 2658 ipsum
1799 2592 1964 2640 locum
2001 2592 2223 2657 excipere
2259 2592 2316 2638 in
2347 2590 2628 2639 venditione

498 2675 692 2723 Primus
707 2708 722 2733 ‚
757 2684 885 2738 puto
902 2707 918 2732 ,
960 2673 1185 2721 distruxit
1220 2674 1428 2732 Rosius,
1465 2683 1524 2721 ut
1609 2671 1864 2719 hortorum
1882 2704 1898 2728 ‚
1947 2671 2086 2730 cujus
2129 2669 2230 2718 loci
2274 2684 2416 2716 ceusu
2459 2668 2628 2717 hortos

502 2753 697 2803 initium
744 2754 923 2801 iacent
982 2752 1201 2818 epistole
1252 2751 1520 2816 sequentis.
1609 2752 1746 2815 ipsos
1763 2764 1922 2799 emere
1939 2749 2228 2813 cogitemus.
2253 2751 2399 2797 Mur.

500 2930 587 2949 w·
594 2924 2617 2951 mmmmm-mmmmmmmmm

1048 3103 1653 3185 EPISTOLA
1719 3104 2074 3183 XXXV.

500 3294 589 3351 De
610 3292 745 3351 fauo
760 3289 964 3351 Tulliae
980 3289 1353 3349 exstruendo.
1376 3289 1480 3367 (In
1496 3288 1716 3347 Antiati
1733 3333 1750 3361 ,
1775 3308 1929 3347 anno
1951 3294 2023 3350 U.
2042 3294 2106 3350 C.
2131 3291 2263 3363 708,
2277 3312 2468 3351 mense
2481 3293 2630 3371 apr.)

1177 3446 1488 3513 CICERO
1535 3448 1852 3513 ATTICO
1898 3448 1963 3514 S.

598 3596 1002 3673 ANTEQUAM
1026 3600 1046 3633 ¹
1098 3613 1141 3659 a
1183 3604 1255 3659 te
1289 3589 1620 3687 proxime
1653 3586 1978 3677 discessi,
2013 3614 2412 3687 numquam
2451 3590 2627 3662 mihi

497 3702 697 3769 venit
730 3701 805 3770 in
830 3714 1179 3787 mentem,
1225 3722 1376 3794 quo
1415 3697 1581 3795 plus
1618 3694 2070 3794 insumptum
2097 3702 2175 3769 in
2199 3723 2633 3771 monumen-

501 3823 653 3878 tum
694 3825 917 3895 esset,
943 3830 1163 3907 quam
1191 3808 1435 3882 nescio
1470 3809 1648 3906 quid
1668 3863 1687 3897 ,
1721 3808 1922 3907 quod
1951 3808 2151 3907 lege²
2183 3810 2629 3898 conceditur,

575 3986 620 4015 1.
646 3970 947 4031 Antequam.
966 3969 1139 4019 Cicero
1160 3970 1387 4019 nimirum
1405 3982 1522 4034 post
1681 3986 1733 4019 u.
1771 3972 1919 4035 Lege.
1959 3974 2097 4031 Hoc,
2133 3972 2184 4017 ni
2221 3971 2394 4029 fallor,
2425 3973 2486 4021 de
2521 3972 2630 4037 lege

500 4063 580 4111 ep.
622 4062 733 4110 sup.
755 4046 973 4095 Atticum
1000 4050 1051 4096 in
1073 4048 1361 4098 suburbano
1396 4050 1520 4097 Sica
1605 4048 1740 4096 Julia
1772 4050 2068 4113 sumptuaria
2099 4048 2242 4099 dehet
2269 4050 2506 4115 intelligi,
2535 4067 2630 4115 qua

496 4137 809 4175 convenerat.
836 4126 956 4175 Sca.
1607 4128 1862 4176 verisimile
1917 4140 1990 4176 est
2045 4130 2103 4179 C.
2151 4130 2389 4179 Caesarem
2433 4129 2629 4193 ,aliquid
