3019 4681
606 363 1143 437 EPISTOLAE
1194 364 1335 435 AD
1382 367 1902 453 ATTICUM,
1939 369 2164 451 XVI,
2221 388 2284 463 7.
2404 364 2547 469 495

414 490 567 561 aliis
606 490 879 561 literis:
918 484 1278 563 «Provide
1301 539 1321 574 ,
1360 488 1419 558 si
1458 490 1576 559 cui
1614 487 1793 586 quid
1819 486 1882 533 ¹⁶
1927 489 2272 575 debetur,
2305 507 2389 562 ut
2421 494 2552 581 sit,

415 596 611 667 unde
634 618 764 693 par
791 595 945 691 pari
965 590 1829 690 respondeatur.Mirifica
1855 594 2044 663 enim
2072 591 2456 692 δυσχρηστία
2491 610 2552 655 ¹⁷

416 719 524 775 est
560 718 863 801 propter
896 716 1175 775 metum
1222 724 1590 774 armorum
1617 731 1671 772 ».
1715 706 1804 781 In
1849 700 2037 773 freto
2086 707 2328 779 medio
2364 708 2553 779 hanc

416 814 789 911 epistolam
824 813 1001 915 legi,
1044 826 1165 899 ut,
1206 810 1385 908 quid
1433 835 1719 908 possem
1762 812 2188 909 providere,
2231 818 2308 887 in
2357 844 2554 891 men-

415 940 561 997 tem
606 923 787 994 mihi
827 947 976 994 non
1025 923 1343 1010 veniret,
1380 921 1520 991 nisi
1564 936 1648 995 ut
1683 946 1990 1024 praesens
2039 948 2154 994 me
2206 926 2362 1023 ipse
2423 925 2550 998 de·-

414 1033 805 1106 fenderem.
839 1033 977 1105 Sed
1012 1031 1166 1103 haec
1194 1032 1544 1104 hactenus
1575 1059 1592 1102 ε
1633 1030 1914 1128 reliqua
1947 1055 2215 1105 coram.
2252 1040 2551 1108 Antonii

415 1144 735 1215 edictum
775 1144 915 1241 legi
964 1168 1006 1214 a
1048 1148 1308 1231 Brut0,
1356 1157 1431 1214 et
1472 1136 1824 1213 horum¹⁸
1873 1158 2158 1233 contra,
2203 1148 2550 1243 scriptum

414 1255 776 1353 praeclare.
814 1254 955 1325 Sed
998 1254 1175 1351 quid
1212 1254 1345 1324 ista
1386 1254 1624 1325 edicta
1661 1254 1982 1341 valeant,
2020 1269 2144 1329 aut
2189 1280 2340 1352 quo
2383 1280 2552 1353 spe-

412 1378 659 1454 ctent,
710 1364 925 1461 plane
976 1388 1130 1433 non
1189 1361 1451 1445 video:
1494 1388 1634 1437 nec
1682 1388 1818 1460 ego
1865 1388 2108 1449 nunc,
2161 1380 2244 1437 ut
2290 1370 2553 1440 Brutus

414 1473 797 1561 censebat,
834 1475 1020 1544 istuc
1058 1472 1151 1543 ad
1190 1471 1716 1570 rempublicam
1761 1474 2266 1570 capessendam
2312 1478 2549 1549 venio.

416 1583 614 1676 Quid
659 1587 853 1657 enim
893 1580 1051 1654 fieri
1096 1584 1383 1681 potest?
1422 1607 1600 1652 num
1635 1583 1797 1679 quis
1829 1585 2068 1653 Pisoni
2089 1594 2150 1642 ¹⁹
2179 1597 2287 1657 eat
2315 1609 2553 1659 assen-

414 1694 583 1765 sus?
618 1716 795 1765 num
831 1692 1045 1765 rediit
1078 1694 1236 1791 ipse
1278 1690 1676 1790 postridie?
1707 1691 1834 1764 sed
1867 1689 2118 1765 abesse
2152 1691 2342 1765 hane
2383 1705 2552 1767 neta·-

418 1820 565 1877 tem
608 1804 827 1900 longe
866 1828 907 1874 a
944 1803 1279 1902 sepulcro
1294 1814 1363 1850 ¹¹⁰
1400 1817 1670 1900 negant
1701 1816 2062 1900 oportere.

513 1915 653 1987 Sed
702 1913 1009 1987 obsecro
1062 1928 1171 2003 te,
1207 1910 1383 2011 quid
1438 1928 1548 1985 est
1593 1913 1798 2011 quod
1847 1911 2088 1983 audivi
2143 1910 2236 1983 de
2285 1914 2554 1987 Bruto?

416 2023 672 2095 Piliam
734 2020 1121 2119 πειράζεσθαι
1186 2024 1524 2117 παραλύσει
1554 2030 1648 2102 ²⁵¹,
1715 2032 1790 2091 te
1861 2018 2225 2115 scripsisse
2289 2018 2548 2092 aiebat.

414 2131 645 2201 Valde
689 2154 849 2201 sum
900 2144 1355 2202 commotus:
1406 2130 1544 2201 etsi
1587 2128 1821 2215 idem,
1885 2141 1951 2201 te
2005 2127 2354 2215 scribere,
2397 2152 2556 2228 spe-

416 2265 579 2312 rare
622 2240 901 2313 meliuS.
950 2246 1059 2312 Ita
1091 2241 1307 2339 plane
1345 2240 1584 2311 velim.
1615 2241 1699 2311 Ei
1733 2236 1927 2315 dicas
1955 2236 2341 2335 plurimam
2369 2237 2558 2312 salu·

416 2365 565 2423 tem
593 2406 612 2437 ‚
672 2367 745 2423 et
804 2354 1235 2424 suavissimae
1301 2353 1574 2423 Atticae.
1641 2353 1808 2424 Haeo
1865 2350 2120 2447 scripsi
2164 2349 2506 2446 navigans
2529 2403 2551 2438 ‚

416 2485 648 2558 quum
698 2463 1219 2561 Pompeianum
1270 2461 1688 2534 accederem
1714 2515 1737 2547 ‚
1775 2485 1935 2534 xlm
1975 2459 2111 2534 kal.

493 2658 575 2705 ιδ.
596 2657 726 2715 Alii,
754 2657 902 2724 quod.
924 2660 972 2710 J.
990 2660 1053 2706 V.
1079 2660 1134 2708 1..
1527 2668 1678 2706 tuere.
1706 2656 2253 2718 MAuur.-—Quamvin
2285 2670 2396 2720 spes
2424 2657 2555 2705 nulla

494 2752 577 2798 1⁰7.
604 2741 915 2804 Δυσχρηστια.
940 2737 1211 2786 Difficultas
1234 2753 1440 2786 versurae
1527 2735 1620 2795 sit,
1662 2735 1889 2783 tutiorem
1917 2737 1968 2782 in
1989 2735 2124 2782 Urbe
2149 2733 2268 2782 mihi
2293 2736 2554 2784 stationem

414 2813 678 2874 facienda,
706 2832 791 2865 seu
818 2826 996 2864 mutuo
1012 2815 1259 2866 sumenda
1285 2833 1439 2882 peon·
1529 2815 1656 2872 foro,
1688 2829 1832 2877 quam
1873 2813 2040 2864 Pisoni
2056 2831 2080 2874 ;,
2097 2813 2192 2864 hoc
2215 2825 2376 2866 umen
2405 2815 2556 2864 adibo

420 2908 531 2942 nm.
1190 2915 1213 2930 „
1529 2893 1876 2958 quodcumque
1895 2893 2100 2956 periculi
2118 2903 2215 2953 est,
2235 2903 2381 2956 atque
2407 2894 2467 2942 iis
2484 2909 2561 2942 ει-

498 2973 579 3018 18.
606 2974 809 3020 Horum.
848 2971 987 3019 Bruti
1019 2983 1066 3019 et
1089 2973 1241 3022 Canii
1265 2984 1443 3038 [ιι-κω·
1533 2971 1786 3028 ῑὶεῑαοίιιω,
1818 2972 1908 3034 qui
1931 2988 2011 3020 me
2036 2981 2211 3035 putant
2237 2971 2352 3018 ntis
2379 2971 2557 3019 vixisse

426 3063 555 3096 rum.
1534 3049 1620 3097 din
1636 3083 1654 3110 ,
1675 3060 1732 3097 ut
1749 3066 1810 3098 ne
1831 3049 2011 3097 diutius
2031 3059 2274 3114 oppetam.
2298 3047 2425 3098 Vide
2446 3049 2556 3098 Phi-

499 3142 583 3189 19.
620 3125 805 3174 Pisoni.
826 3126 989 3178 Cuiin
1006 3139 1177 3180 ”natu
1198 3128 1253 3176 in
1279 3129 1443 3179 Anto·
1532 3130 1655 3194 lipp.
1683 3131 1758 3188 11,
1783 3131 1882 3190 463
1911 3141 1964 3179 et
1987 3130 2052 3184 ad
2074 3131 2264 3180 Divers.
2289 3131 2441 3192 xvl,
2469 3129 2557 3176 23.

422 3205 560 3254 nium
582 3205 829 3254 invehenti
858 3221 1004 3256 nemo
1025 3221 1243 3258 caenam
1264 3219 1337 3258 est
1362 3223 1441 3256 ar·
1529 3212 1814 3258 Mantum.

424 3301 613 3332 morum
634 3295 788 3331 metu.
806 3284 888 3333 Ad
901 3285 1012 3332 Div.
1032 3287 1132 3333 ΧΠ
1145 3320 1161 3342 ,
1186 3303 1215 3335 2
1232 3320 1249 3348 ‚
1269 3298 1318 3334 et
1333 3288 1445 3336 Phi·
1602 3304 1687 3335 αι.
1722 3287 1902 3336 Piliam
1931 3283 2232 3354 πειράζεσθαι
2267 3284 2552 3351 παραλύσει.

422 3363 545 3430 lipp.
566 3365 611 3412 1.
630 3365 779 3414 Mur.
1538 3367 1738 3414 Tentat-i
1756 3367 1979 3432 paralysi
1995 3403 2014 3430 ,
2055 3381 2138 3412 seu
2179 3380 2442 3412 nervorum
2480 3381 2560 3412 re-

497 3458 580 3490 πο.
601 3445 650 3491 A
676 3443 911 3508 sepulcro.
930 3443 989 3490 Id
1016 3454 1088 3492 eat
1104 3477 1121 3506 ,
1146 3459 1174 3492 ι
1192 3443 1374 3510 patria,
1391 3446 1444 3492 in
1531 3445 1774 3493 solutione
1794 3479 1811 3505 ,
1840 3456 1895 3493 ut
1919 3446 2066 3494 vertit
2092 3441 2292 3504 Celsus,
2331 3442 2421 3492 lib.
2455 3445 2556 3503 111,

425 3537 519 3584 qua
546 3521 759 3572 solemus
785 3523 1061 3588 sepulcrum
1083 3524 1229 3574 nobi·
1263 3524 1447 3574 comti-
1533 3540 1642 3590 cap.
1668 3540 1754 3585 ²7·
1773 3525 1933 3578 Ceu.

1216 3775 1782 3806 *ψ-
