3019 4681
577 380 1098 449 EPISTOLAE
1142 380 1282 447 AD
1335 378 1423 466 Q.
1472 378 1984 463 FRATREM,
2016 380 2191 462 ΙΙΙ,
2240 380 2310 461 4.
2360 369 2515 473 637⁴·

371 502 643 589 tandis,
676 501 914 572 latinis
950 484 1498 597 comparandi53
1537 496 1740 587 valde
1777 499 1991 571 velim
2046 500 2177 571 ista
2216 499 2513 588 confici,

372 611 769 708 praesertim
824 634 1054 707 quum
1126 608 1218 680 ad
1261 633 1511 685 meum
1550 633 1847 705 quoque
1897 634 2105 679 usum
2158 626 2510 709 spectent.

373 719 512 792 Sed
545 743 724 816 eg0‚
765 719 946 790 mihi
1002 720 1144 818 ipsi
1193 720 1325 791 ista
1365 744 1493 817 per
1534 743 1753 816 quem
1789 724 2029 817 agam,
2070 745 2221 791 non
2257 721 2515 794 habeo.

371 832 628 927 Neque
669 830 866 900 enim
908 826 1186 899 venalia
1227 840 1443 917 sunt,
1481 854 1641 925 quae
1685 827 1995 925 quidem
2032 830 2394 926 placeant;
2441 845 2516 903 et

373 937 634 1012 confici
678 940 816 1010 nisi
869 964 1001 1036 per
1047 938 1421 1010 hominem
1471 954 1544 1010 et
1592 940 1945 1036 peritum,
1990 952 2066 1009 et
2104 938 2519 1037 diligentem

375 1074 528 1119 non
565 1062 894 1145 possunt.
927 1046 1341 1145 Chrysippo
1373 1063 1613 1119 tamen
1642 1046 2055 1147 imperuim,
2091 1063 2163 1119 et
2195 1072 2359 1121 cum
2388 1056 2524 1149 Ty·

372 1161 728 1229 rannione
767 1157 1044 1253 loquar.
1084 1161 1194 1228 De
1235 1155 1468 1229 fiscos*
1518 1158 1699 1254 quid
1743 1159 1969 1255 egerit
2009 1152 2288 1256 supin.
2324 1153 2519 1257 quae-

375 1292 550 1339 ram.
588 1265 808 1356 Quod
852 1264 1220 1337 videbitur
1269 1282 1553 1338 rectum
1600 1293 1791 1356 esse,
1829 1267 2119 1340 curabo.
2158 1258 2270 1341 De
2310 1266 2522 1342 Asca-

379 1379 638 1464 nione,
679 1390 764 1445 tu
801 1400 974 1447 vero
1007 1428 1026 1462 ,
1075 1374 1280 1471 quod
1323 1376 1561 1464 voleS‚
1601 1376 1815 1448 facies
1861 1404 1877 1447 ε
1930 1402 2048 1448 me
2083 1378 2263 1449 nihil
2300 1382 2524 1451 inter-

379 1512 607 1587 pono.
645 1489 755 1557 De
787 1483 1213 1558 suburbano
1234 1494 1296 1527 ¹⁰
1327 1486 1527 1582 quod
1556 1511 1705 1556 non
1736 1510 2113 1584 properas,
2154 1486 2403 1575 laud03
2440 1504 2525 1560 ut

376 1617 460 1671 tu
503 1596 772 1668 habeas
793 1649 812 1682 ‚
862 1594 1140 1666 hortor.
1195 1600 1366 1667 Haec
1397 1596 1650 1693 scripsi
1674 1621 1735 1667 a.
1768 1595 1837 1666 d.
1876 1622 1951 1667 ix
1981 1596 2117 1667 kal.
2146 1598 2521 1670 novembr.

379 1733 534 1807 quo
574 1708 690 1780 die
731 1706 883 1779 ludi
913 1704 1563 1777 committebantur
1580 1713 1639 1765 ¹-1
1666 1761 1687 1794 ‚
1728 1708 1806 1776 in
1841 1706 2328 1779 Tusculanum
2352 1732 2523 1805 pro-

376 1818 710 1891 ficiscens
733 1872 754 1905 ‚
796 1816 1216 1914 ducensque
1245 1840 1535 1887 mecum
1566 1818 1993 1889 Ciceronem
2018 1842 2265 1889 meum
2307 1820 2383 1889 in
2420 1818 2525 1889 lu·

381 1928 560 2001 dum
594 1928 960 2016 discendi,
994 1952 1145 1999 non
1177 1926 1499 1999 lusionis,
1528 1932 1627 1999 Ea
1662 1952 1740 1998 re
1768 1952 1917 1997 non
1953 1926 2272 2025 longius,
2302 1953 2525 2024 quam

378 2038 641 2111 vellem
665 2048 768 2127 ¹²,
807 2037 1012 2135 quod
1046 2034 1543 2135 Pomptinio¹3
1576 2038 1669 2109 ad
1710 2038 2161 2135 triumphum
2210 2064 2272 2112 a.
2323 2038 2391 2109 d.
2442 2064 2526 2109 nr

381 2176 556 2221 non.
595 2148 972 2221 novembr.
1021 2148 1356 2220 volebam
1411 2148 1685 2221 adesse.
1746 2150 2029 2220 Etenim
2092 2151 2228 2219 erit
2280 2150 2526 2221 nescio

380 2258 567 2358 quid
595 2258 971 2360 negotioli.
1012 2262 1190 2329 Nam
1231 2262 1411 2330 Cato
1441 2274 1516 2331 et
1542 2259 1915 2346 Servilim,
1946 2274 2323 2358 praetores,
2358 2286 2526 2360 pro-

380 2371 743 2443 hibituros
777 2395 852 2443 se
894 2373 1306 2459 minantur3
1350 2395 1526 2459 nec,
1588 2370 1768 2468 quid
1814 2375 2137 2469 possint,
2179 2372 2352 2442 scio.
2395 2373 2525 2445 Ille

377 2485 572 2556 enim
609 2499 686 2555 et
726 2482 1044 2580 Appium
1079 2481 1454 2554 consulem
1492 2505 1739 2554 secum
1772 2479 2072 2554 habebit
2094 2486 2193 2570 ¹4,
2240 2497 2313 2554 et
2347 2508 2526 2580 prae-·
2593 2503 2612 2518 ‘

380 2605 576 2664 tores
597 2646 616 2679 ‚
656 2605 727 2663 et
751 2589 1088 2690 tribunos
1111 2589 1366 2688 plebis.
1397 2590 1538 2662 Sed
1576 2594 1948 2664 minantur
1974 2607 2213 2666 tamen
2238 2647 2257 2682 ,
2287 2595 2361 2664 in
2384 2596 2528 2691 pri-

381 2699 664 2795 misque
697 2681 830 2796 Ᾰρη
865 2694 1149 2770 πνίωνῐὸ
1192 2700 1282 2788 Q.
1326 2698 1663 2770 Scaevola.
1707 2704 1935 2788 Cura,
1976 2703 2073 2770 mi
2112 2701 2529 2786 suavissime

383 2823 456 2881 et
493 2810 854 2882 carissime
889 2807 1152 2899 frater,
1202 2821 1288 2878 ut
1316 2807 1573 2880 valeas.

454 3006 663 3068 qli-wo.
683 3005 888 3052 AErario.
911 3008 1016 3054 Hac
1034 3003 1096 3052 de
1115 3021 1168 3052 re
1190 3015 1406 3053 extrema
1496 3023 1604 3054 esse
1653 3006 1888 3070 quiddam
1909 3041 1925 3066 ,
1979 2995 2119 3071 quod
2168 3016 2339 3055 teretes
2386 3019 2529 3052 aures

379 3084 586 3150 epistola
639 3084 865 3148 sequenti
909 3085 987 3132 hi·
1032 3084 1194 3133 verbis
1215 3098 1230 3133 z
1267 3104 1295 3126 α
1324 3085 1408 3132 Ab
1496 3085 1718 3134 offendat
1734 3123 1749 3146 ,
1792 3088 2041 3135 sentietur.
2082 3081 2231 3133 Forte
2271 3083 2489 3131 abundat
2508 3117 2524 3139 ‚

380 3165 549 3213 serario
573 3174 700 3229 puto
724 3163 1001 3211 confectum
1020 3179 1121 3212 esse
1136 3197 1152 3222 ‚
1183 3161 1300 3210 dum
1321 3163 1408 3210 ab·
1496 3180 1675 3229 «qnam
1686 3165 1859 3214 vellem
1869 3188 1908 3211 n.
1922 3163 2231 3212 Mam—Sed
2250 3177 2519 3226 perperam.

380 3261 487 3292 sum
508 3264 550 3292 a.
579 3245 807 3306 Qum-ere
826 3253 1085 3306 praterea,
1110 3241 1241 3305 quid·
1261 3241 1405 3306 pinne
1574 3247 1654 3293 13.
1700 3245 1931 3292 Pontino.
1968 3242 2103 3292 Alias
2134 3241 2367 3292 Pontiaio
2388 3275 2403 3300 ,
2445 3240 2523 3289 vel

382 3324 452 3371 rei
479 3324 568 3384 sit,
585 3321 742 3385 inepti
773 3319 984 3370 hominia
1009 3330 1156 3380 esset,
1182 3335 1407 3383 vereque,
1499 3323 1777 3388 Pomptino,
1802 3321 1863 3370 de
1882 3321 2233 3384 Allobrogibus
2254 3320 2524 3384 triumpha-

382 3402 518 3465 quod
557 3402 722 3458 aiunt,
753 3399 941 3447 nodum
973 3400 1029 3446 in
1070 3400 1236 3463 scirpo
1272 3413 1410 3462 qua-
1501 3413 1631 3452 turo.
1674 3405 1939 3450 Praeturam
1966 3399 2115 3466 gessit
2140 3401 2375 3449 Cicerone
2402 3415 2525 3447 con-

383 3479 554 3528 tentis.
577 3481 718 3527 Mau.
1503 3482 1623 3531 sule.
1652 3480 1883 3542 Ejusdem
1920 3482 1971 3528 in
2000 3479 2168 3528 Cilicis
2197 3479 2384 3542 legatus
2417 3479 2527 3527 fuit.

465 3573 540 3606 ro.
576 3557 876 3605 Subur-bano·
907 3556 1160 3620 Emendo,
1198 3556 1240 3603 si
1273 3553 1409 3619 quod
1581 3568 1659 3616 ²4-
1686 3557 1906 3608 Habebit.
1935 3557 2061 3606 vide
2085 3557 2149 3604 ad
2176 3559 2291 3606 niv.
2318 3559 2407 3616 IV,
2445 3557 2525 3605 16.
2558 3609 2565 3616 ,

386 3638 718 3698 inveniretnr;
745 3636 859 3684 vide
876 3652 987 3700 pag.
1009 3637 1130 3684 628.
1580 3641 1660 3689 15.
1707 3627 1809 3708 Ᾰρη
1842 3639 2020 3690 πνέων.
2061 3639 2277 3686 Martem
2316 3639 2525 3702 spirans.

459 3733 480 3764 1
495 3731 540 3764 1.
582 3715 1027 3764 Gomnaiccebanmr.
1063 3715 1309 3765 Commiecl
1339 3715 1416 3763 Iu-
1503 3719 1701 3769 Dictnm
1726 3717 1788 3765 de
1812 3719 1873 3766 iis
1891 3751 1909 3779 ‚
1934 3718 2021 3782 qni
2055 3717 2271 3766 terribile
2290 3717 2529 3782 quiddam

384 3797 497 3855 dos,
537 3812 629 3861 pro
675 3795 831 3860 incipi
849 3831 864 3854 ,
919 3795 1114 3860 ignorat
1133 3829 1146 3854 ,
1195 3793 1377 3861 opinor
1399 3827 1416 3854 ,
1502 3799 1645 3849 vultu
1666 3814 1769 3863 prae
1794 3815 1847 3846 se
1868 3797 2047 3846 ferunt.
2070 3799 2149 3846 Sic
2175 3797 2223 3844 in
2247 3797 2443 3862 epistol.
2466 3798 2531 3846 etl

385 3893 548 3926 nemo.
1503 3881 1609 3928 Λα.
1632 3893 1651 3924 1
1668 3893 1711 3936 1,
1732 3877 1820 3925 lib.
1834 3879 1959 3925 XV:
1988 3897 2013 3918 o·
2026 3877 2133 3924 Hoc
2154 3876 2269 3924 loeo
2282 3911 2296 3936 ,
2320 3877 2532 3926 fortibus

464 3971 542 4004 12.
576 3958 738 4019 Quam
761 3953 964 4004 vellem.
990 3954 1108 4003 Nou
1129 3953 1289 4018 placet
1308 3954 1414 4001 haec
1503 3973 1617 4006 sane
1644 3957 1800 4005 oculis
1820 3993 1835 4018 ,
1871 3955 2063 4004 Cassius
2096 3954 2327 4020 (Mu-tem
2352 3959 2535 4020 spirare

388 4034 627 4098 loquendi
653 4033 806 4090 ratio,
830 4053 854 4076 ι
871 4049 974 4082 non
999 4033 1196 4098 longius
1214 4068 1231 4092 ‚
1269 4047 1415 4097 quam
1509 4035 1719 4102 diceres)
1738 4071 1753 4094 ‚
1778 4051 1829 4082 se
1854 4037 1905 4082 in
1934 4035 2147 4084 Siciliam
2170 4052 2270 4084 non
2291 4035 2471 4083 iturum
2490 4057 2535 4083 a.

392 4113 568 4164 venem
590 4137 634 4163 ιι.
668 4111 1006 4178 Perpendatur
1033 4113 1271 4162 sententis
1295 4125 1310 4161 :
1339 4113 1421 4160 in·
1513 4107 1617 4187 Ᾰρη
1646 4116 1840 4181 βλέπων
1862 4113 1989 4165 dixit
2007 4114 2376 4182 Aristophanes.
2394 4115 2539 4162 Mau.
