3019 4681
489 341 574 423 ιι,
1113 339 1210 405 Μ.
1261 338 1340 405 Τ.
1395 338 1993 407 CICERole

479 479 731 564 aptum
751 459 839 532 ad
865 457 1302 531 docendum.
1338 440 1476 530 'sed
1503 472 1612 529 est
1644 465 1989 531 memoria
2004 458 2201 531 bona
2222 458 2275 530 ⁵.
2301 465 2421 531 Me
2440 458 2631 530 dicet

479 600 636 647 esse
671 573 993 644 meliore.
1025 569 1311 663 Quibus
1351 569 1577 641 literis
1612 573 1711 641 ita
1745 572 2164 670 respondit,
2203 588 2287 644 ut
2322 599 2456 671 ego
2494 598 2631 645 ne-

475 687 690 772 mini,
717 685 924 781 cujus
955 706 1244 753 causam
1273 706 1426 751 non
1455 684 1875 779 reciperem.
1918 687 2221 781 Semper
2248 687 2441 757 enim
2462 742 2483 776 ,
2512 719 2545 753 α
2572 691 2631 761 si

474 795 822 901 potero⁶;
851 782 910 868 si
945 810 1113 867 ante
1151 809 1484 892 suscepta
1519 820 1731 867 causa
1768 821 1923 867 non
1951 798 2375 895 impediar».
2406 806 2632 872 Num-

399 942 412 963 ·
473 936 698 1011 quam
736 934 866 980 reo
905 908 1292 1004 cuiquam,
1345 922 1492 977 tam
1538 907 1841 995 humili,
1891 923 2041 979 tam
2086 908 2426 1001 sordid0,
2478 920 2629 985 tam

473 1024 812 1107 nocenti,
857 1033 1004 1089 tam
1048 1018 1330 1107 alieno,
1383 1032 1532 1089 tam
1580 1021 1874 1118 praecise
1910 1024 2204 1117 negavi,
2246 1046 2465 1118 quam
2511 1023 2633 1097 hic

477 1134 683 1204 mihi.-
721 1131 940 1202 Plane
986 1130 1143 1200 sine
1183 1129 1332 1201 ulla
1390 1129 1820 1228 exceptione
1868 1130 2209 1229 praecidit.
2256 1130 2450 1201 Nihil
2504 1157 2634 1203 co-

476 1243 696 1340 gnovi
733 1243 1120 1339 ingratius3
1161 1244 1237 1310 in
1268 1265 1420 1337 quo
1456 1242 1635 1311 vitio
1671 1240 1855 1312 nihil
1872 1242 2043 1312 mali
2072 1266 2224 1312 non
2252 1247 2462 1313 inest.
2491 1242 2633 1315 Sed

475 1352 568 1423 de
613 1351 757 1423 hoc
797 1354 1014 1421 nimis
1060 1349 1310 1421 multa.
1354 1354 1508 1447 Ego
1534 1340 1793 1422 na‘vem
1824 1352 2072 1450 paravi
2114 1378 2131 1421 ε
2206 1366 2363 1424 tuas
2392 1352 2633 1426 literas

473 1477 722 1535 tamen
757 1475 1140 1560 exspect03
1188 1476 1274 1532 ut
1312 1462 1527 1533 sciam
1550 1518 1569 1551 ‚
1604 1462 1784 1559 quid
1816 1461 2308 1561 respondeant
2342 1466 2632 1537 consul-

477 1573 736 1645 tationi
759 1597 962 1643 meae.
993 1572 1341 1644 Sulmone
1379 1575 1459 1644 C.
1499 1574 1776 1643 Attium
1810 1575 2186 1671 Pelignum
2220 1578 2629 1674 aperuisse⁷

473 1686 794 1755 Antonio
817 1697 1066 1781 portas
1081 1738 1102 1768 ‚
1131 1706 1362 1779 quum
1379 1698 1617 1755 essent
1640 1684 1980 1755 cohortes
2004 1686 2333 1781 quinque
2350 1740 2371 1772 ‚
2390 1688 2476 1775 Q.
2497 1689 2635 1755 Lu-

473 1797 780 1869 cretium
807 1792 979 1865 inde
1007 1790 1384 1893 effugisse,
1425 1798 1601 1885 scis3
1643 1790 1989 1866 Cnaeum⁸
2025 1796 2131 1866 ire
2168 1794 2633 1866 Brundisium

473 1906 862 1980 desertum.
903 1902 1252 1983 Confecta
1281 1928 1397 1977 res
1418 1919 1550 1977 est.

547 2130 594 2177 5.
621 2130 780 2175 Bona.
801 2128 862 2175 In
883 2124 1364 2193 istefim—Meliore.
1394 2126 1508 2173 Me·

472 2225 660 2261 morem
679 2208 810 2255 enim
826 2221 907 2255 me
925 2206 1073 2266 hujus
1089 2206 1286 2267 injuria
1307 2204 1504 2253 sentiet.

545 2292 597 2339 6.
621 2288 675 2336 Si
689 2299 882 2353 potero.
905 2284 1214 2350 Respondit,
1243 2283 1508 2351 recipiam,

473 2381 522 2419 et
545 2381 620 2418 est
633 2365 828 2438 μίμησις
839 2405 853 2428 ,
871 2381 966 2429 qm
985 2365 1130 2412 refert
1145 2363 1314 2426 verba,
1330 2363 1513 2428 quibus

475 2451 704 2499 utebatur
727 2449 782 2497 in
807 2443 1176 2510 respondendo.
1203 2444 1368 2494 Con..

552 2527 898 2595 7.Aperuisse.
921 2527 1084 2575 cnm
1099 2535 1277 2584 tamen,
1301 2525 1388 2572 lib.
1402 2526 1428 2571 1
1450 2523 1513 2572 de

473 2610 598 2660 Bell.
619 2609 734 2658 civ.
753 2623 856 2655 non
877 2606 1065 2654 Attium
1083 2603 1252 2652 scribit
1269 2603 1513 2669 aperuisse

478 2689 706 2738 Antonio
722 2697 913 2753 portus,
935 2685 1023 2733 sed
1057 2685 1192 2748 ipsos
1219 2684 1512 2744 Sulmonen-

477 2786 554 2818 ses
576 2784 591 2818 t
624 2770 817 2817 Attium
855 2782 976 2814 vero
1027 2775 1076 2812 et
1121 2764 1404 2812 Lucretium
1451 2761 1514 2812 de

476 2865 620 2898 muro
645 2864 699 2896 ee
722 2847 986 2910 dejecisse:
1013 2855 1062 2892 et
1085 2844 1219 2892 hunc
1233 2843 1505 2907 aufugisse:

475 2929 618 2976 illum
662 2927 992 2991 interceptum
1034 2923 1098 2971 ad
1152 2939 1204 2970 se
1240 2921 1509 2971 deductum

477 3007 642 3055 fuisse.
669 3007 904 3054 Mintur.
937 3029 1008 3042 -
1045 3004 1208 3052 Cesar
1231 3013 1394 3052 autem
1420 3005 1513 3051 At-

477 3087 604 3134 tium
627 3086 925 3134 incolumem
948 3083 1150 3132 dimisit.
1182 3085 1284 3131 En.

547 3168 599 3213 8.
627 3164 757 3224 Alii,
792 3153 1034 3212 «Cnoemn
1057 3162 1128 3210 ire
1152 3159 1511 3225 Brundisium}

476 3244 752 3294 Domitium
779 3243 1028 3290 desertum
1053 3263 1094 3288 ιι.
1138 3240 1413 3287 Domitium
1445 3240 1508 3287 ab

477 3323 705 3374 omnibns
721 3322 861 3370 libris
873 3321 1036 3379 abest,
1055 3319 1193 3385 quod
1212 3329 1374 3368 tamen
1394 3330 1513 3385 post

477 3405 693 3468 Lipsium
735 3400 912 3465 recipit
943 3400 1192 3448 Olivetus.
1233 3426 1307 3437 --
1345 3401 1512 3463 Quum

478 3485 608 3531 enim
633 3482 717 3529 alii
752 3478 1145 3528 subaudiendum
1183 3495 1286 3526 etse
1316 3478 1509 3537 dicant,

477 3563 534 3612 id
555 3561 702 3612 video
731 3558 839 3610 fieri
863 3560 950 3608 vix
967 3575 1131 3626 posse.
1170 3559 1268 3607 Sed
1299 3569 1515 3619 veteres,

1600 2134 1657 2173 ut
1694 2136 1863 2175 monet
1906 2124 2125 2189 Lipsius,
2162 2126 2403 2188 ejusmodi
2430 2128 2631 2178 nomint

1598 2205 1766 2269 priore
1794 2216 1878 2253 ant
1903 2206 2053 2255 alteru
2069 2205 2211 2255 liter·
2227 2206 2459 2271 adjuncta
2478 2210 2632 2273 signi·

1599 2282 1745 2331 ficare
1790 2286 2011 2333 contenti
2050 2298 2207 2335 erant.
2254 2290 2429 2353 Itaque
2478 2305 2633 2353 qutun

1600 2364 1819 2412 fortassis
1855 2366 1911 2412 in
1946 2366 2183 2415 Cicerone
2223 2369 2460 2432 scriptum
2507 2379 2633 2417 esset

1600 2465 1627 2486 e
1644 2441 1743 2492 Do.
1768 2444 2068 2505 desertum»,
2086 2461 2189 2494 non
2211 2446 2513 2496 intellectam
2536 2465 2633 2498 vo·

1600 2539 1707 2570 cem
1749 2525 1849 2574 Do.
1892 2523 2117 2576 librarius
2176 2528 2391 2591 scriptor
2443 2529 2629 2578 omisit.

1599 2601 1751 2666 Quod
1768 2605 2027 2668 proposuit
2041 2606 2280 2664 Gravius,
2296 2606 2469 2655 eodem
2489 2608 2634 2672 plane

1599 2682 1743 2730 redit.
1785 2684 1937 2732 Ouv.
1978 2709 2051 2720 —
2092 2687 2255 2733 Iocus
2304 2699 2377 2734 est
2431 2687 2629 2735 dubius.

1600 2763 1863 2826 Vulgatnm
1896 2765 2181 2828 sequimur:
2228 2766 2316 2814 sed
2352 2777 2635 2830 temporum

1598 2842 1878 2891 ethistoriae
1900 2845 2025 2891 ratio
2042 2857 2301 2908 repugnat.
2314 2847 2481 2908 Quum
2502 2847 2634 2894 enim

1598 2923 1843 2970 Antonius
1861 2922 2095 2970 Sulmone
2112 2924 2378 2988 potiretur,
2414 2925 2634 2972 Brundi-

1600 3002 1727 3050 sium
1747 3001 1969 3050 nondum
1991 3014 2192 3051 venerat
2216 3003 2495 3066 Pompeius.
2537 3005 2637 3052 Lu-

1602 3083 1745 3130 ceriae
1772 3097 1889 3130 vero
1918 3081 2224 3132 morabatur:
2244 3098 2307 3129 ex
2322 3098 2424 3146 quo
2442 3083 2633 3148 oppido

1602 3179 1655 3209 se
1667 3163 1952 3212 commovit.
1966 3161 2279 3208 Brundisium
2296 3177 2479 3223 versus,
2496 3163 2635 3226 panl-

1598 3240 1651 3289 lo
1676 3251 1787 3288 ante
1814 3256 1961 3304 quum
1990 3239 2051 3287 de
2077 3237 2295 3288 Corfinio
2332 3247 2380 3288 et
2410 3238 2632 3291 Domitio

1600 3330 1747 3384 capto
1773 3320 1994 3368 anditum
2021 3330 2165 3367 esset.
2186 3320 2333 3367 Unde
2363 3321 2429 3369 ita
2448 3323 2635 3370 consti-

1602 3399 1696 3446 tnit
1716 3398 1833 3448 sch.
1855 3421 1881 3440 ιι
1900 3401 2015 3462 Quo
2043 3401 2219 3450 Cnaeus
2244 3413 2413 3450 noster
2428 3403 2451 3449 Ρ
2477 3404 2635 3451 Brun-

1603 3479 1783 3527 disium
1822 3479 1977 3528 aiunt.
2002 3479 2273 3528 Domitium
2310 3484 2355 3529 si
2390 3482 2631 3542 desernit,

1604 3560 1827 3608 confecta
1855 3576 1932 3608 res
1957 3570 2031 3608 est
2046 3582 2089 3607 ι.
2112 3561 2204 3608 En.
