<?xml version="1.0" encoding="UTF-8"?>
<!DOCTYPE html PUBLIC "-//W3C//DTD XHTML 1.0 Transitional//EN"
    "http://www.w3.org/TR/xhtml1/DTD/xhtml1-transitional.dtd">
<html xmlns="http://www.w3.org/1999/xhtml" xml:lang="en" lang="en">
 <head>
  <title>
</title>
<meta http-equiv="Content-Type" content="text/html;charset=utf-8" />
  <meta name='ocr-system' content='tesseract 3.04.00' />
  <meta name='ocr-capabilities' content='ocr_page ocr_carea ocr_par ocr_line ocrx_word'/>
</head>
<body>
  <div class='ocr_page' id='page_1' title='image "./mtciceronisquae04lemagoog_0570.png"; bbox 0 0 3019 4681; ppageno 0'>
   <div class='ocr_carea' id='block_1_1' title="bbox 543 320 2685 2956">
    <p class='ocr_par' dir='ltr' id='par_1_1' title="bbox 555 320 2027 408">
     <span class='ocr_line' id='line_1_1' title="bbox 555 320 2027 408; baseline -0.003 -14"><span class='ocrx_word' id='word_1_1' title='bbox 555 320 692 408; x_wconf 74' lang='lat'><strong>564</strong></span> <span class='ocrx_word' id='word_1_2' title='bbox 1197 324 1292 389; x_wconf 91' lang='grc' dir='ltr'><strong>Μ.</strong></span> <span class='ocrx_word' id='word_1_3' title='bbox 1345 322 1423 389; x_wconf 94' lang='grc' dir='ltr'><strong>Τ.</strong></span> <span class='ocrx_word' id='word_1_4' title='bbox 1475 320 2027 389; x_wconf 88' lang='lat' dir='ltr'>CICERONIS</span> 
     </span>
    </p>

    <p class='ocr_par' dir='ltr' id='par_1_2' title="bbox 543 433 2685 2956">
     <span class='ocr_line' id='line_1_2' title="bbox 646 433 2685 538; baseline -0.002 -23"><span class='ocrx_word' id='word_1_5' title='bbox 646 446 897 531; x_wconf 85' lang='lat' dir='ltr'><strong>Nunc,</strong></span> <span class='ocrx_word' id='word_1_6' title='bbox 941 442 1001 511; x_wconf 88' lang='lat' dir='ltr'><strong>si</strong></span> <span class='ocrx_word' id='word_1_7' title='bbox 1043 455 1290 538; x_wconf 88' lang='lat' dir='ltr'><strong>potes,</strong></span> <span class='ocrx_word' id='word_1_8' title='bbox 1331 436 1404 509; x_wconf 87' lang='lat' dir='ltr'><strong>id</strong></span> <span class='ocrx_word' id='word_1_9' title='bbox 1443 437 1647 535; x_wconf 86' lang='lat' dir='ltr'><strong>quod</strong></span> <span class='ocrx_word' id='word_1_10' title='bbox 1694 462 1867 536; x_wconf 86' lang='lat' dir='ltr'><strong>ego,</strong></span> <span class='ocrx_word' id='word_1_11' title='bbox 1912 438 2041 535; x_wconf 89' lang='lat' dir='ltr'><strong>qui</strong></span> <span class='ocrx_word' id='word_1_12' title='bbox 2076 433 2283 510; x_wconf 87' lang='lat' dir='ltr'><strong>fortis</strong></span> <span class='ocrx_word' id='word_1_13' title='bbox 2326 437 2459 514; x_wconf 76' lang='lat' dir='ltr'><strong>tibi</strong></span> <span class='ocrx_word' id='word_1_14' title='bbox 2490 464 2685 511; x_wconf 85' lang='lat' dir='ltr'><strong>sem-</strong></span> 
     </span>
     <span class='ocr_line' id='line_1_3' title="bbox 549 551 2681 658; baseline -0.001 -28"><span class='ocrx_word' id='word_1_15' title='bbox 549 583 678 658; x_wconf 87' lang='lat' dir='ltr'><strong>per</strong></span> <span class='ocrx_word' id='word_1_16' title='bbox 725 551 1046 641; x_wconf 83' lang='lat' dir='ltr'><strong>videbar‚</strong></span> <span class='ocrx_word' id='word_1_17' title='bbox 1093 578 1244 625; x_wconf 89' lang='lat' dir='ltr'><strong>non</strong></span> <span class='ocrx_word' id='word_1_18' title='bbox 1289 575 1587 650; x_wconf 90' lang='lat' dir='ltr'><strong>possum</strong></span> <span class='ocrx_word' id='word_1_19' title='bbox 1608 606 1629 638; x_wconf 93' lang='lat'>‚</span> <span class='ocrx_word' id='word_1_20' title='bbox 1682 553 1875 649; x_wconf 83' lang='lat' dir='ltr'><strong>erige</strong></span> <span class='ocrx_word' id='word_1_21' title='bbox 1924 566 1993 623; x_wconf 85' lang='lat' dir='ltr'><strong>te</strong></span> <span class='ocrx_word' id='word_1_22' title='bbox 2012 604 2033 639; x_wconf 91' lang='lat'>,</span> <span class='ocrx_word' id='word_1_23' title='bbox 2078 566 2151 622; x_wconf 88' lang='lat' dir='ltr'><strong>et</strong></span> <span class='ocrx_word' id='word_1_24' title='bbox 2191 551 2577 643; x_wconf 87' lang='lat' dir='ltr'><strong>confirma,</strong></span> <span class='ocrx_word' id='word_1_25' title='bbox 2620 559 2681 627; x_wconf 90' lang='lat' dir='ltr'><strong>si</strong></span> 
     </span>
     <span class='ocr_line' id='line_1_4' title="bbox 549 662 2685 765; baseline -0.001 -26"><span class='ocrx_word' id='word_1_26' title='bbox 549 693 694 765; x_wconf 90' lang='lat' dir='ltr'><strong>qua</strong></span> <span class='ocrx_word' id='word_1_27' title='bbox 721 664 1098 739; x_wconf 87' lang='lat' dir='ltr'><strong>subeunda</strong></span> <span class='ocrx_word' id='word_1_28' title='bbox 1129 662 1494 733; x_wconf 87' lang='lat' dir='ltr'>dimicatio</span> <span class='ocrx_word' id='word_1_29' title='bbox 1523 662 1679 733; x_wconf 88' lang='lat' dir='ltr'><strong>erit.</strong></span> <span class='ocrx_word' id='word_1_30' title='bbox 1715 666 1942 760; x_wconf 89' lang='lat' dir='ltr'><strong>Spero</strong></span> <span class='ocrx_word' id='word_1_31' title='bbox 1965 715 1985 750; x_wconf 89' lang='lat'><strong>‚</strong></span> <span class='ocrx_word' id='word_1_32' title='bbox 2020 664 2079 733; x_wconf 87' lang='lat' dir='ltr'><strong>si</strong></span> <span class='ocrx_word' id='word_1_33' title='bbox 2122 664 2299 759; x_wconf 89' lang='lat' dir='ltr'><strong>quid</strong></span> <span class='ocrx_word' id='word_1_34' title='bbox 2328 688 2487 736; x_wconf 87' lang='lat' dir='ltr'><strong>mea</strong></span> <span class='ocrx_word' id='word_1_35' title='bbox 2514 690 2685 763; x_wconf 87' lang='lat' dir='ltr'><strong>spes</strong></span> 
     </span>
     <span class='ocr_line' id='line_1_5' title="bbox 547 766 2679 876; baseline -0.001 -28"><span class='ocrx_word' id='word_1_36' title='bbox 547 776 768 847; x_wconf 87' lang='lat' dir='ltr'><strong>habet</strong></span> <span class='ocrx_word' id='word_1_37' title='bbox 791 774 1232 845; x_wconf 85' lang='lat' dir='ltr'><strong>auctoritatis</strong></span> <span class='ocrx_word' id='word_1_38' title='bbox 1247 766 1304 859; x_wconf 78' lang='grc'><strong>8.,</strong></span> <span class='ocrx_word' id='word_1_39' title='bbox 1337 770 1462 841; x_wconf 89' lang='lat' dir='ltr'><strong>tibi</strong></span> <span class='ocrx_word' id='word_1_40' title='bbox 1489 785 1565 842; x_wconf 89' lang='lat' dir='ltr'><strong>et</strong></span> <span class='ocrx_word' id='word_1_41' title='bbox 1594 772 2076 868; x_wconf 87' lang='lat' dir='ltr'><strong>integritatem</strong></span> <span class='ocrx_word' id='word_1_42' title='bbox 2108 785 2303 843; x_wconf 88' lang='lat' dir='ltr'><strong>tuam</strong></span> <span class='ocrx_word' id='word_1_43' title='bbox 2324 828 2345 861; x_wconf 86' lang='lat'>‚</span> <span class='ocrx_word' id='word_1_44' title='bbox 2375 789 2448 845; x_wconf 89' lang='lat' dir='ltr'><strong>et</strong></span> <span class='ocrx_word' id='word_1_45' title='bbox 2473 799 2679 876; x_wconf 76' lang='lat' dir='ltr'><strong>amo-</strong></span> 
     </span>
     <span class='ocr_line' id='line_1_6' title="bbox 545 882 2673 979; baseline 0 -22"><span class='ocrx_word' id='word_1_46' title='bbox 545 910 702 957; x_wconf 90' lang='lat' dir='ltr'><strong>rem</strong></span> <span class='ocrx_word' id='word_1_47' title='bbox 758 885 830 954; x_wconf 90' lang='lat' dir='ltr'><strong>in</strong></span> <span class='ocrx_word' id='word_1_48' title='bbox 880 898 953 953; x_wconf 86' lang='lat' dir='ltr'><strong>te</strong></span> <span class='ocrx_word' id='word_1_49' title='bbox 999 882 1299 953; x_wconf 82' lang='lat' dir='ltr'><strong>civitatis</strong></span> <span class='ocrx_word' id='word_1_50' title='bbox 1321 934 1341 966; x_wconf 89' lang='lat'>‚</span> <span class='ocrx_word' id='word_1_51' title='bbox 1400 896 1474 953; x_wconf 91' lang='lat' dir='ltr'><strong>et</strong></span> <span class='ocrx_word' id='word_1_52' title='bbox 1524 882 1795 979; x_wconf 89' lang='lat' dir='ltr'><strong>aliquid</strong></span> <span class='ocrx_word' id='word_1_53' title='bbox 1846 883 2059 953; x_wconf 88' lang='lat' dir='ltr'><strong>etiam</strong></span> <span class='ocrx_word' id='word_1_54' title='bbox 2106 883 2673 957; x_wconf 81' lang='lat' dir='ltr'><strong>misericordiam</strong></span> 
     </span>
     <span class='ocr_line' id='line_1_7' title="bbox 547 989 2679 1091; baseline 0 -26"><span class='ocrx_word' id='word_1_55' title='bbox 547 997 778 1067; x_wconf 79' lang='lat' dir='ltr'><strong>nostri</strong></span> <span class='ocrx_word' id='word_1_56' title='bbox 799 1046 818 1080; x_wconf 89' lang='lat'>‚</span> <span class='ocrx_word' id='word_1_57' title='bbox 867 989 1175 1090; x_wconf 57' lang='lat' dir='ltr'><strong>praesidii</strong></span> <span class='ocrx_word' id='word_1_58' title='bbox 1234 991 1563 1062; x_wconf 89' lang='lat' dir='ltr'><strong>laturam.</strong></span> <span class='ocrx_word' id='word_1_59' title='bbox 1613 991 1739 1062; x_wconf 87' lang='lat' dir='ltr'><strong>Sin</strong></span> <span class='ocrx_word' id='word_1_60' title='bbox 1796 990 1937 1065; x_wconf 88' lang='lat' dir='ltr'><strong>eris</strong></span> <span class='ocrx_word' id='word_1_61' title='bbox 1980 991 2073 1063; x_wconf 87' lang='lat' dir='ltr'><strong>ab</strong></span> <span class='ocrx_word' id='word_1_62' title='bbox 2124 996 2309 1064; x_wconf 80' lang='lat' dir='ltr'><strong>isto9</strong></span> <span class='ocrx_word' id='word_1_63' title='bbox 2354 993 2679 1091; x_wconf 85' lang='lat' dir='ltr'><strong>periculo</strong></span> 
     </span>
     <span class='ocr_line' id='line_1_8' title="bbox 548 1098 2675 1201; baseline 0 -26"><span class='ocrx_word' id='word_1_64' title='bbox 548 1127 855 1188; x_wconf 67' lang='lat' dir='ltr'><strong>vacum,</strong></span> <span class='ocrx_word' id='word_1_65' title='bbox 901 1125 1066 1199; x_wconf 85' lang='lat' dir='ltr'><strong>ages</strong></span> <span class='ocrx_word' id='word_1_66' title='bbox 1101 1098 1412 1187; x_wconf 52' lang='lat' dir='ltr'><strong>scilicet,</strong></span> <span class='ocrx_word' id='word_1_67' title='bbox 1441 1103 1501 1170; x_wconf 92' lang='lat' dir='ltr'><strong>si</strong></span> <span class='ocrx_word' id='word_1_68' title='bbox 1538 1098 1714 1197; x_wconf 82' lang='lat' dir='ltr'><strong>quid</strong></span> <span class='ocrx_word' id='word_1_69' title='bbox 1758 1104 1869 1198; x_wconf 84' lang='lat' dir='ltr'><strong>agi</strong></span> <span class='ocrx_word' id='word_1_70' title='bbox 1915 1125 2139 1201; x_wconf 55' lang='lat' dir='ltr'><strong>posse⁹</strong></span> <span class='ocrx_word' id='word_1_71' title='bbox 2166 1100 2258 1173; x_wconf 88' lang='lat' dir='ltr'><strong>de</strong></span> <span class='ocrx_word' id='word_1_72' title='bbox 2300 1102 2513 1175; x_wconf 88' lang='lat' dir='ltr'><strong>nobis</strong></span> <span class='ocrx_word' id='word_1_73' title='bbox 2538 1127 2675 1201; x_wconf 90' lang='lat' dir='ltr'><strong>pu-</strong></span> 
     </span>
     <span class='ocr_line' id='line_1_9' title="bbox 547 1207 2681 1315; baseline -0 -32"><span class='ocrx_word' id='word_1_74' title='bbox 547 1213 752 1285; x_wconf 87' lang='lat' dir='ltr'><strong>tabis.</strong></span> <span class='ocrx_word' id='word_1_75' title='bbox 781 1215 889 1283; x_wconf 90' lang='lat' dir='ltr'><strong>De</strong></span> <span class='ocrx_word' id='word_1_76' title='bbox 917 1236 1068 1309; x_wconf 91' lang='lat' dir='ltr'><strong>quo</strong></span> <span class='ocrx_word' id='word_1_77' title='bbox 1097 1207 1422 1282; x_wconf 87' lang='lat' dir='ltr'><strong>scribunt</strong></span> <span class='ocrx_word' id='word_1_78' title='bbox 1457 1210 1549 1281; x_wconf 87' lang='lat' dir='ltr'><strong>ad</strong></span> <span class='ocrx_word' id='word_1_79' title='bbox 1578 1234 1698 1283; x_wconf 88' lang='lat' dir='ltr'><strong>me</strong></span> <span class='ocrx_word' id='word_1_80' title='bbox 1726 1211 2023 1308; x_wconf 88' lang='lat' dir='ltr'><strong>quidem</strong></span> <span class='ocrx_word' id='word_1_81' title='bbox 2056 1210 2267 1315; x_wconf 76' lang='lat' dir='ltr'><strong>multi</strong></span> <span class='ocrx_word' id='word_1_82' title='bbox 2308 1212 2567 1300; x_wconf 87' lang='lat' dir='ltr'><strong>multa,</strong></span> <span class='ocrx_word' id='word_1_83' title='bbox 2606 1226 2681 1282; x_wconf 88' lang='lat' dir='ltr'><strong>et</strong></span> 
     </span>
     <span class='ocr_line' id='line_1_10' title="bbox 548 1318 2679 1420; baseline -0.001 -25"><span class='ocrx_word' id='word_1_84' title='bbox 548 1348 624 1395; x_wconf 88' lang='lat' dir='ltr'><strong>se</strong></span> <span class='ocrx_word' id='word_1_85' title='bbox 669 1346 958 1420; x_wconf 88' lang='lat' dir='ltr'><strong>sperare</strong></span> <span class='ocrx_word' id='word_1_86' title='bbox 997 1320 1541 1393; x_wconf 77' lang='lat' dir='ltr'><strong>demonstrant:</strong></span> <span class='ocrx_word' id='word_1_87' title='bbox 1586 1320 1713 1393; x_wconf 88' lang='lat' dir='ltr'><strong>sed</strong></span> <span class='ocrx_word' id='word_1_88' title='bbox 1753 1345 1926 1419; x_wconf 89' lang='lat' dir='ltr'><strong>eg0‚</strong></span> <span class='ocrx_word' id='word_1_89' title='bbox 1964 1318 2141 1419; x_wconf 90' lang='lat' dir='ltr'><strong>quid</strong></span> <span class='ocrx_word' id='word_1_90' title='bbox 2186 1345 2497 1420; x_wconf 85' lang='lat' dir='ltr'><strong>sperem,</strong></span> <span class='ocrx_word' id='word_1_91' title='bbox 2524 1346 2679 1393; x_wconf 89' lang='lat' dir='ltr'><strong>non</strong></span> 
     </span>
     <span class='ocr_line' id='line_1_11' title="bbox 547 1429 2677 1529; baseline 0 -26"><span class='ocrx_word' id='word_1_92' title='bbox 547 1432 846 1529; x_wconf 85' lang='lat' dir='ltr'><strong>dispicio</strong></span> <span class='ocrx_word' id='word_1_93' title='bbox 873 1483 892 1518; x_wconf 91' lang='lat'>‚</span> <span class='ocrx_word' id='word_1_94' title='bbox 931 1454 1160 1526; x_wconf 90' lang='lat' dir='ltr'><strong>quum</strong></span> <span class='ocrx_word' id='word_1_95' title='bbox 1191 1432 1465 1501; x_wconf 87' lang='lat' dir='ltr'><strong>inimici</strong></span> <span class='ocrx_word' id='word_1_96' title='bbox 1493 1430 1887 1528; x_wconf 84' lang='lat' dir='ltr'><strong>plurimum</strong></span> <span class='ocrx_word' id='word_1_97' title='bbox 1920 1429 2203 1505; x_wconf 82' lang='lat' dir='ltr'><strong>valeant</strong></span> <span class='ocrx_word' id='word_1_98' title='bbox 2224 1486 2245 1519; x_wconf 90' lang='lat'>‚</span> <span class='ocrx_word' id='word_1_99' title='bbox 2280 1433 2487 1503; x_wconf 85' lang='lat' dir='ltr'><strong>amici</strong></span> <span class='ocrx_word' id='word_1_100' title='bbox 2516 1456 2677 1529; x_wconf 84' lang='lat' dir='ltr'><strong>par·</strong></span> 
     </span>
     <span class='ocr_line' id='line_1_12' title="bbox 543 1539 2681 1638; baseline -0.001 -25"><span class='ocrx_word' id='word_1_101' title='bbox 543 1544 676 1613; x_wconf 86' lang='lat' dir='ltr'><strong>tim</strong></span> <span class='ocrx_word' id='word_1_102' title='bbox 703 1540 1154 1611; x_wconf 83' lang='lat' dir='ltr'><strong>deseruerint</strong></span> <span class='ocrx_word' id='word_1_103' title='bbox 1180 1562 1333 1626; x_wconf 90' lang='lat' dir='ltr'><strong>me,</strong></span> <span class='ocrx_word' id='word_1_104' title='bbox 1373 1542 1637 1636; x_wconf 86' lang='lat' dir='ltr'><strong>partim</strong></span> <span class='ocrx_word' id='word_1_105' title='bbox 1670 1542 1885 1611; x_wconf 88' lang='lat' dir='ltr'><strong>etiam</strong></span> <span class='ocrx_word' id='word_1_106' title='bbox 1924 1539 2413 1638; x_wconf 81' lang='lat' dir='ltr'><strong>prodiderint3</strong></span> <span class='ocrx_word' id='word_1_107' title='bbox 2446 1540 2681 1637; x_wconf 88' lang='lat' dir='ltr'><strong>quiin</strong></span> 
     </span>
     <span class='ocr_line' id='line_1_13' title="bbox 544 1649 2677 1749; baseline -0.001 -26"><span class='ocrx_word' id='word_1_108' title='bbox 544 1677 711 1724; x_wconf 91' lang='lat' dir='ltr'><strong>meo</strong></span> <span class='ocrx_word' id='word_1_109' title='bbox 749 1651 986 1723; x_wconf 87' lang='lat' dir='ltr'><strong>reditu</strong></span> <span class='ocrx_word' id='word_1_110' title='bbox 1023 1649 1324 1723; x_wconf 87' lang='lat' dir='ltr'><strong>fortasse</strong></span> <span class='ocrx_word' id='word_1_111' title='bbox 1366 1650 2012 1749; x_wconf 87' lang='lat' dir='ltr'><strong>reprehensionem</strong></span> <span class='ocrx_word' id='word_1_112' title='bbox 2048 1654 2162 1723; x_wconf 88' lang='lat' dir='ltr'><strong>sui</strong></span> <span class='ocrx_word' id='word_1_113' title='bbox 2194 1650 2481 1723; x_wconf 84' lang='lat' dir='ltr'><strong>sceleris</strong></span> <span class='ocrx_word' id='word_1_114' title='bbox 2512 1672 2677 1747; x_wconf 89' lang='lat' dir='ltr'><strong>per-</strong></span> 
     </span>
     <span class='ocr_line' id='line_1_14' title="bbox 547 1760 2681 1858; baseline 0 -25"><span class='ocrx_word' id='word_1_115' title='bbox 547 1768 948 1834; x_wconf 84' lang='lat' dir='ltr'><strong>timescant.</strong></span> <span class='ocrx_word' id='word_1_116' title='bbox 1003 1760 1144 1833; x_wconf 88' lang='lat' dir='ltr'><strong>Sed</strong></span> <span class='ocrx_word' id='word_1_117' title='bbox 1193 1762 1328 1833; x_wconf 88' lang='lat' dir='ltr'><strong>ista</strong></span> <span class='ocrx_word' id='word_1_118' title='bbox 1377 1761 1619 1858; x_wconf 82' lang='lat' dir='ltr'><strong>qualia</strong></span> <span class='ocrx_word' id='word_1_119' title='bbox 1667 1762 1847 1849; x_wconf 89' lang='lat' dir='ltr'><strong>sint,</strong></span> <span class='ocrx_word' id='word_1_120' title='bbox 1886 1775 1969 1831; x_wconf 88' lang='lat' dir='ltr'><strong>tu</strong></span> <span class='ocrx_word' id='word_1_121' title='bbox 2009 1760 2221 1831; x_wconf 84' lang='lat' dir='ltr'><strong>velim</strong></span> <span class='ocrx_word' id='word_1_122' title='bbox 2258 1760 2681 1858; x_wconf 67' lang='lat' dir='ltr'><strong>perspici-²218,</strong></span> 
     </span>
     <span class='ocr_line' id='line_1_15' title="bbox 549 1868 2677 1968; baseline -0 -26"><span class='ocrx_word' id='word_1_123' title='bbox 549 1872 870 1968; x_wconf 87' lang='lat' dir='ltr'><strong>mihique</strong></span> <span class='ocrx_word' id='word_1_124' title='bbox 905 1869 1240 1943; x_wconf 86' lang='lat' dir='ltr'><strong>declares.</strong></span> <span class='ocrx_word' id='word_1_125' title='bbox 1273 1875 1426 1967; x_wconf 87' lang='lat' dir='ltr'><strong>Ego</strong></span> <span class='ocrx_word' id='word_1_126' title='bbox 1461 1885 1702 1941; x_wconf 86' lang='lat' dir='ltr'><strong>tamen</strong></span> <span class='ocrx_word' id='word_1_127' title='bbox 1722 1923 1741 1958; x_wconf 91' lang='lat'>,</span> <span class='ocrx_word' id='word_1_128' title='bbox 1769 1869 2121 1967; x_wconf 86' lang='lat' dir='ltr'><strong>quamdiu</strong></span> <span class='ocrx_word' id='word_1_129' title='bbox 2147 1868 2281 1942; x_wconf 89' lang='lat' dir='ltr'><strong>tibi</strong></span> <span class='ocrx_word' id='word_1_130' title='bbox 2305 1894 2495 1968; x_wconf 84' lang='lat' dir='ltr'><strong>opus</strong></span> <span class='ocrx_word' id='word_1_131' title='bbox 2518 1875 2677 1959; x_wconf 88' lang='lat' dir='ltr'><strong>erit,</strong></span> 
     </span>
     <span class='ocr_line' id='line_1_16' title="bbox 551 1977 2677 2079; baseline -0.001 -26"><span class='ocrx_word' id='word_1_132' title='bbox 551 1979 817 2079; x_wconf 89' lang='lat' dir='ltr'><strong>siquid</strong></span> <span class='ocrx_word' id='word_1_133' title='bbox 846 1980 1146 2078; x_wconf 89' lang='lat' dir='ltr'><strong>periculi</strong></span> <span class='ocrx_word' id='word_1_134' title='bbox 1187 1978 1651 2051; x_wconf 87' lang='lat' dir='ltr'><strong>subeundum</strong></span> <span class='ocrx_word' id='word_1_135' title='bbox 1673 1990 1734 2024; x_wconf 88' lang='lat'><strong>¹⁰</strong></span> <span class='ocrx_word' id='word_1_136' title='bbox 1761 1977 2076 2066; x_wconf 88' lang='lat' dir='ltr'><strong>videbis,</strong></span> <span class='ocrx_word' id='word_1_137' title='bbox 2103 1982 2359 2051; x_wconf 85' lang='lat' dir='ltr'><strong>vivam.</strong></span> <span class='ocrx_word' id='word_1_138' title='bbox 2388 1980 2677 2053; x_wconf 89' lang='lat' dir='ltr'><strong>Diutius</strong></span> 
     </span>
     <span class='ocr_line' id='line_1_17' title="bbox 551 2090 2681 2187; baseline -0.001 -24"><span class='ocrx_word' id='word_1_139' title='bbox 551 2094 626 2163; x_wconf 92' lang='lat' dir='ltr'><strong>in</strong></span> <span class='ocrx_word' id='word_1_140' title='bbox 667 2091 804 2162; x_wconf 86' lang='lat' dir='ltr'><strong>hac</strong></span> <span class='ocrx_word' id='word_1_141' title='bbox 844 2092 986 2161; x_wconf 84' lang='lat' dir='ltr'><strong>vita</strong></span> <span class='ocrx_word' id='word_1_142' title='bbox 1027 2114 1180 2162; x_wconf 87' lang='lat' dir='ltr'><strong>esse</strong></span> <span class='ocrx_word' id='word_1_143' title='bbox 1217 2115 1368 2162; x_wconf 89' lang='lat' dir='ltr'><strong>non</strong></span> <span class='ocrx_word' id='word_1_144' title='bbox 1412 2113 1747 2187; x_wconf 83' lang='lat' dir='ltr'><strong>possum:</strong></span> <span class='ocrx_word' id='word_1_145' title='bbox 1788 2114 2026 2186; x_wconf 87' lang='lat' dir='ltr'><strong>neque</strong></span> <span class='ocrx_word' id='word_1_146' title='bbox 2052 2090 2245 2161; x_wconf 90' lang='lat' dir='ltr'><strong>enim</strong></span> <span class='ocrx_word' id='word_1_147' title='bbox 2272 2104 2553 2161; x_wconf 88' lang='lat' dir='ltr'><strong>tantum</strong></span> <span class='ocrx_word' id='word_1_148' title='bbox 2578 2094 2681 2161; x_wconf 82' lang='lat' dir='ltr'><strong>vi-</strong></span> 
     </span>
     <span class='ocr_line' id='line_1_18' title="bbox 552 2198 2681 2299; baseline -0.001 -26"><span class='ocrx_word' id='word_1_149' title='bbox 552 2205 742 2273; x_wconf 89' lang='lat' dir='ltr'><strong>rium</strong></span> <span class='ocrx_word' id='word_1_150' title='bbox 780 2199 998 2271; x_wconf 87' lang='lat' dir='ltr'><strong>habet</strong></span> <span class='ocrx_word' id='word_1_151' title='bbox 1043 2201 1186 2271; x_wconf 87' lang='lat' dir='ltr'><strong>ulla</strong></span> <span class='ocrx_word' id='word_1_152' title='bbox 1223 2214 1350 2272; x_wconf 90' lang='lat' dir='ltr'><strong>aut</strong></span> <span class='ocrx_word' id='word_1_153' title='bbox 1386 2199 1807 2299; x_wconf 85' lang='lat' dir='ltr'><strong>prudentia,</strong></span> <span class='ocrx_word' id='word_1_154' title='bbox 1843 2214 1971 2271; x_wconf 86' lang='lat' dir='ltr'><strong>aut</strong></span> <span class='ocrx_word' id='word_1_155' title='bbox 2008 2198 2375 2289; x_wconf 73' lang='lat' dir='ltr'><strong>doctrina,</strong></span> <span class='ocrx_word' id='word_1_156' title='bbox 2412 2216 2497 2273; x_wconf 90' lang='lat' dir='ltr'><strong>ut</strong></span> <span class='ocrx_word' id='word_1_157' title='bbox 2527 2214 2681 2273; x_wconf 83' lang='lat' dir='ltr'><strong>tan-</strong></span> 
     </span>
     <span class='ocr_line' id='line_1_19' title="bbox 553 2306 2679 2408; baseline 0.001 -26"><span class='ocrx_word' id='word_1_158' title='bbox 553 2326 708 2382; x_wconf 89' lang='lat' dir='ltr'><strong>tum</strong></span> <span class='ocrx_word' id='word_1_159' title='bbox 745 2308 1074 2381; x_wconf 89' lang='lat' dir='ltr'><strong>dolorem</strong></span> <span class='ocrx_word' id='word_1_160' title='bbox 1105 2313 1332 2408; x_wconf 86' lang='lat' dir='ltr'><strong>possit</strong></span> <span class='ocrx_word' id='word_1_161' title='bbox 1360 2312 1734 2382; x_wconf 88' lang='lat' dir='ltr'><strong>sustinere.</strong></span> <span class='ocrx_word' id='word_1_162' title='bbox 1765 2311 1927 2382; x_wconf 87' lang='lat' dir='ltr'><strong>Scio</strong></span> <span class='ocrx_word' id='word_1_163' title='bbox 1961 2306 2179 2382; x_wconf 84' lang='lat' dir='ltr'><strong>fuisse</strong></span> <span class='ocrx_word' id='word_1_164' title='bbox 2207 2325 2283 2383; x_wconf 85' lang='lat' dir='ltr'><strong>et</strong></span> <span class='ocrx_word' id='word_1_165' title='bbox 2305 2309 2679 2384; x_wconf 79' lang='lat' dir='ltr'><strong>honestius</strong></span> 
     </span>
     <span class='ocr_line' id='line_1_20' title="bbox 553 2416 2677 2516; baseline 0.001 -26"><span class='ocrx_word' id='word_1_166' title='bbox 553 2419 909 2490; x_wconf 87' lang='lat' dir='ltr'><strong>moriendi</strong></span> <span class='ocrx_word' id='word_1_167' title='bbox 965 2433 1286 2516; x_wconf 88' lang='lat' dir='ltr'><strong>tempus,</strong></span> <span class='ocrx_word' id='word_1_168' title='bbox 1343 2433 1416 2490; x_wconf 89' lang='lat' dir='ltr'><strong>et</strong></span> <span class='ocrx_word' id='word_1_169' title='bbox 1475 2419 1775 2492; x_wconf 88' lang='lat' dir='ltr'><strong>utilius:</strong></span> <span class='ocrx_word' id='word_1_170' title='bbox 1834 2417 1963 2490; x_wconf 88' lang='lat' dir='ltr'><strong>sed</strong></span> <span class='ocrx_word' id='word_1_171' title='bbox 2013 2442 2167 2489; x_wconf 89' lang='lat' dir='ltr'><strong>non</strong></span> <span class='ocrx_word' id='word_1_172' title='bbox 2218 2416 2361 2491; x_wconf 88' lang='lat' dir='ltr'><strong>hoc</strong></span> <span class='ocrx_word' id='word_1_173' title='bbox 2404 2420 2677 2516; x_wconf 89' lang='lat' dir='ltr'><strong>solum,</strong></span> 
     </span>
     <span class='ocr_line' id='line_1_21' title="bbox 554 2529 2676 2629; baseline 0 -29"><span class='ocrx_word' id='word_1_174' title='bbox 554 2530 780 2601; x_wconf 89' lang='lat' dir='ltr'><strong>multa</strong></span> <span class='ocrx_word' id='word_1_175' title='bbox 811 2529 942 2599; x_wconf 87' lang='lat' dir='ltr'><strong>alia</strong></span> <span class='ocrx_word' id='word_1_176' title='bbox 983 2531 1444 2626; x_wconf 84' lang='lat' dir='ltr'><strong>praetermisi;</strong></span> <span class='ocrx_word' id='word_1_177' title='bbox 1489 2555 1652 2627; x_wconf 85' lang='lat' dir='ltr'><strong>quae</strong></span> <span class='ocrx_word' id='word_1_178' title='bbox 1694 2531 1756 2600; x_wconf 91' lang='lat' dir='ltr'><strong>si</strong></span> <span class='ocrx_word' id='word_1_179' title='bbox 1791 2531 1999 2626; x_wconf 87' lang='lat' dir='ltr'><strong>queri</strong></span> <span class='ocrx_word' id='word_1_180' title='bbox 2036 2529 2251 2600; x_wconf 83' lang='lat' dir='ltr'><strong>velim</strong></span> <span class='ocrx_word' id='word_1_181' title='bbox 2286 2533 2676 2629; x_wconf 66' lang='lat' dir='ltr'><strong>praeterita,</strong></span> 
     </span>
     <span class='ocr_line' id='line_1_22' title="bbox 555 2637 2677 2736; baseline -0 -27"><span class='ocrx_word' id='word_1_182' title='bbox 555 2637 736 2709; x_wconf 88' lang='lat' dir='ltr'><strong>nihil</strong></span> <span class='ocrx_word' id='word_1_183' title='bbox 773 2661 1013 2735; x_wconf 85' lang='lat' dir='ltr'><strong>agam,</strong></span> <span class='ocrx_word' id='word_1_184' title='bbox 1055 2639 1190 2708; x_wconf 85' lang='lat' dir='ltr'><strong>nisi</strong></span> <span class='ocrx_word' id='word_1_185' title='bbox 1229 2653 1310 2709; x_wconf 90' lang='lat' dir='ltr'><strong>ut</strong></span> <span class='ocrx_word' id='word_1_186' title='bbox 1349 2662 1647 2736; x_wconf 86' lang='lat' dir='ltr'><strong>augeam</strong></span> <span class='ocrx_word' id='word_1_187' title='bbox 1692 2638 2019 2710; x_wconf 87' lang='lat' dir='ltr'><strong>dolorem</strong></span> <span class='ocrx_word' id='word_1_188' title='bbox 2065 2652 2277 2709; x_wconf 86' lang='lat' dir='ltr'><strong>tuum</strong></span> <span class='ocrx_word' id='word_1_189' title='bbox 2298 2693 2317 2728; x_wconf 94' lang='lat'>‚</span> <span class='ocrx_word' id='word_1_190' title='bbox 2363 2640 2677 2710; x_wconf 88' lang='lat' dir='ltr'><strong>indicem</strong></span> 
     </span>
     <span class='ocr_line' id='line_1_23' title="bbox 557 2746 2676 2846; baseline 0.001 -28"><span class='ocrx_word' id='word_1_191' title='bbox 557 2746 929 2818; x_wconf 86' lang='lat' dir='ltr'><strong>stultitiam</strong></span> <span class='ocrx_word' id='word_1_192' title='bbox 987 2769 1237 2817; x_wconf 85' lang='lat' dir='ltr'><strong>meam.</strong></span> <span class='ocrx_word' id='word_1_193' title='bbox 1293 2747 1482 2820; x_wconf 85' lang='lat' dir='ltr'><strong>Illud</strong></span> <span class='ocrx_word' id='word_1_194' title='bbox 1530 2747 1827 2846; x_wconf 88' lang='lat' dir='ltr'><strong>quidem</strong></span> <span class='ocrx_word' id='word_1_195' title='bbox 1888 2773 2025 2820; x_wconf 86' lang='lat' dir='ltr'><strong>nec</strong></span> <span class='ocrx_word' id='word_1_196' title='bbox 2078 2747 2487 2821; x_wconf 85' lang='lat' dir='ltr'><strong>faciendum</strong></span> <span class='ocrx_word' id='word_1_197' title='bbox 2528 2764 2676 2834; x_wconf 88' lang='lat' dir='ltr'><strong>est,</strong></span> 
     </span>
     <span class='ocr_line' id='line_1_24' title="bbox 555 2855 2679 2956; baseline 0.001 -28"><span class='ocrx_word' id='word_1_198' title='bbox 555 2882 693 2929; x_wconf 88' lang='lat' dir='ltr'><strong>nec</strong></span> <span class='ocrx_word' id='word_1_199' title='bbox 719 2855 876 2928; x_wconf 88' lang='lat' dir='ltr'><strong>fieri</strong></span> <span class='ocrx_word' id='word_1_200' title='bbox 905 2869 1176 2954; x_wconf 83' lang='lat' dir='ltr'><strong>potest,</strong></span> <span class='ocrx_word' id='word_1_201' title='bbox 1193 2881 1310 2928; x_wconf 86' lang='lat' dir='ltr'><strong>me</strong></span> <span class='ocrx_word' id='word_1_202' title='bbox 1330 2857 1606 2930; x_wconf 89' lang='lat' dir='ltr'><strong>diutius</strong></span> <span class='ocrx_word' id='word_1_203' title='bbox 1624 2911 1643 2944; x_wconf 91' lang='lat'>‚</span> <span class='ocrx_word' id='word_1_204' title='bbox 1664 2881 1883 2956; x_wconf 87' lang='lat' dir='ltr'><strong>quam</strong></span> <span class='ocrx_word' id='word_1_205' title='bbox 1906 2873 2031 2928; x_wconf 87' lang='lat' dir='ltr'><strong>aut</strong></span> <span class='ocrx_word' id='word_1_206' title='bbox 2055 2867 2329 2930; x_wconf 78' lang='lat' dir='ltr'><strong>tuum¹¹</strong></span> <span class='ocrx_word' id='word_1_207' title='bbox 2368 2873 2679 2956; x_wconf 81' lang='lat' dir='ltr'><strong>tempuS,</strong></span> 
     </span>
    </p>
   </div>
   <div class='ocr_carea' id='block_1_2' title="bbox 555 3065 2681 3312">
    <p class='ocr_par' dir='ltr' id='par_1_3' title="bbox 555 3065 2681 3312">
     <span class='ocr_line' id='line_1_25' title="bbox 631 3065 2681 3155; baseline 0.001 -18"><span class='ocrx_word' id='word_1_208' title='bbox 631 3091 678 3138; x_wconf 82' lang='lat'><strong>8.</strong></span> <span class='ocrx_word' id='word_1_209' title='bbox 709 3086 1040 3136; x_wconf 72' lang='lat' dir='ltr'><strong>Auctoritatis.</strong></span> <span class='ocrx_word' id='word_1_210' title='bbox 1063 3085 1114 3135; x_wconf 88' lang='lat' dir='ltr'><strong>Si</strong></span> <span class='ocrx_word' id='word_1_211' title='bbox 1131 3087 1281 3134; x_wconf 86' lang='lat' dir='ltr'><strong>modo</strong></span> <span class='ocrx_word' id='word_1_212' title='bbox 1300 3087 1421 3151; x_wconf 82' lang='lat' dir='ltr'><strong>quid</strong></span> <span class='ocrx_word' id='word_1_213' title='bbox 1437 3087 1571 3152; x_wconf 71' lang='lat' dir='ltr'><strong>apud</strong></span> <span class='ocrx_word' id='word_1_214' title='bbox 1738 3104 1815 3136; x_wconf 77' lang='grc' dir='ltr'><strong>ιο.</strong></span> <span class='ocrx_word' id='word_1_215' title='bbox 1842 3090 1949 3153; x_wconf 73' lang='lat' dir='ltr'><strong>Ego</strong></span> <span class='ocrx_word' id='word_1_216' title='bbox 1978 3065 2169 3147; x_wconf 68' lang='grc' dir='ltr'><strong>εειιιιειι,ι</strong></span> <span class='ocrx_word' id='word_1_217' title='bbox 2192 3090 2429 3154; x_wconf 79' lang='lat' dir='ltr'><strong>quamdiu</strong></span> <span class='ocrx_word' id='word_1_218' title='bbox 2456 3091 2543 3139; x_wconf 74' lang='lat' dir='ltr'><strong>tibi</strong></span> <span class='ocrx_word' id='word_1_219' title='bbox 2562 3105 2681 3155; x_wconf 77' lang='lat' dir='ltr'><strong>opus</strong></span> 
     </span>
     <span class='ocr_line' id='line_1_26' title="bbox 558 3165 2680 3234; baseline 0 -17"><span class='ocrx_word' id='word_1_220' title='bbox 558 3181 607 3217; x_wconf 75' lang='grc' dir='ltr'>ω</span> <span class='ocrx_word' id='word_1_221' title='bbox 633 3165 758 3217; x_wconf 74' lang='lat' dir='ltr'><strong>valet</strong></span> <span class='ocrx_word' id='word_1_222' title='bbox 783 3168 902 3226; x_wconf 86' lang='lat' dir='ltr'><strong>hoc,</strong></span> <span class='ocrx_word' id='word_1_223' title='bbox 935 3165 1071 3230; x_wconf 82' lang='lat' dir='ltr'><strong>quod</strong></span> <span class='ocrx_word' id='word_1_224' title='bbox 1097 3183 1172 3213; x_wconf 84' lang='lat' dir='ltr'><strong>me</strong></span> <span class='ocrx_word' id='word_1_225' title='bbox 1193 3181 1382 3230; x_wconf 71' lang='lat' dir='ltr'><strong>sperare</strong></span> <span class='ocrx_word' id='word_1_226' title='bbox 1405 3165 1543 3214; x_wconf 75' lang='lat' dir='ltr'><strong>videa</strong></span> <span class='ocrx_word' id='word_1_227' title='bbox 1556 3200 1571 3224; x_wconf 88' lang='lat'>‚</span> <span class='ocrx_word' id='word_1_228' title='bbox 1660 3167 1777 3228; x_wconf 78' lang='lat' dir='ltr'><strong>erit,</strong></span> <span class='ocrx_word' id='word_1_229' title='bbox 1805 3165 1851 3214; x_wconf 79' lang='lat' dir='ltr'><strong>si</strong></span> <span class='ocrx_word' id='word_1_230' title='bbox 1865 3166 1989 3231; x_wconf 72' lang='lat' dir='ltr'><strong>quid</strong></span> <span class='ocrx_word' id='word_1_231' title='bbox 1992 3167 2208 3232; x_wconf 77' lang='lat' dir='ltr'><strong>periculi</strong></span> <span class='ocrx_word' id='word_1_232' title='bbox 2214 3169 2530 3220; x_wconf 75' lang='lat' dir='ltr'><strong>subeundum.</strong></span> <span class='ocrx_word' id='word_1_233' title='bbox 2550 3171 2680 3234; x_wconf 80' lang='lat' dir='ltr'><strong>Sup-</strong></span> 
     </span>
     <span class='ocr_line' id='line_1_27' title="bbox 555 3243 1911 3312; baseline -0.001 -15"><span class='ocrx_word' id='word_1_234' title='bbox 555 3249 685 3312; x_wconf 79' lang='lat' dir='ltr'><strong>erige</strong></span> <span class='ocrx_word' id='word_1_235' title='bbox 705 3259 753 3295; x_wconf 84' lang='lat' dir='ltr'><strong>te</strong></span> <span class='ocrx_word' id='word_1_236' title='bbox 766 3282 781 3305; x_wconf 93' lang='lat'><strong>‚</strong></span> <span class='ocrx_word' id='word_1_237' title='bbox 804 3257 854 3294; x_wconf 86' lang='lat' dir='ltr'><strong>et</strong></span> <span class='ocrx_word' id='word_1_238' title='bbox 871 3243 1118 3294; x_wconf 71' lang='lat' dir='ltr'><strong>confirma.</strong></span> <span class='ocrx_word' id='word_1_239' title='bbox 1132 3247 1286 3310; x_wconf 83' lang='lat' dir='ltr'><strong>Spero</strong></span> <span class='ocrx_word' id='word_1_240' title='bbox 1301 3255 1460 3293; x_wconf 72' lang='lat' dir='ltr'><strong>autem</strong></span> <span class='ocrx_word' id='word_1_241' title='bbox 1479 3244 1571 3292; x_wconf 83' lang='lat' dir='ltr'><strong>tibi</strong></span> <span class='ocrx_word' id='word_1_242' title='bbox 1659 3246 1742 3309; x_wconf 82' lang='lat' dir='ltr'><strong>ple</strong></span> <span class='ocrx_word' id='word_1_243' title='bbox 1756 3279 1771 3304; x_wconf 89' lang='lat'><strong>,</strong></span> <span class='ocrx_word' id='word_1_244' title='bbox 1798 3245 1911 3295; x_wconf 85' lang='lat' dir='ltr'><strong>tibi.</strong></span> 
     </span>
    </p>
   </div>
   <div class='ocr_carea' id='block_1_3' title="bbox 557 3323 2680 3547">
    <p class='ocr_par' dir='ltr' id='par_1_4' title="bbox 557 3323 2680 3547">
     <span class='ocr_line' id='line_1_28' title="bbox 557 3323 2676 3391; baseline -0 -15"><span class='ocrx_word' id='word_1_245' title='bbox 557 3337 692 3376; x_wconf 71' lang='lat' dir='ltr'><strong>mam</strong></span> <span class='ocrx_word' id='word_1_246' title='bbox 724 3326 1074 3389; x_wconf 72' lang='lat' dir='ltr'><strong>integritatem,</strong></span> <span class='ocrx_word' id='word_1_247' title='bbox 1109 3334 1157 3371; x_wconf 84' lang='lat' dir='ltr'><strong>et</strong></span> <span class='ocrx_word' id='word_1_248' title='bbox 1189 3339 1400 3372; x_wconf 62' lang='lat' dir='ltr'><strong>amotum</strong></span> <span class='ocrx_word' id='word_1_249' title='bbox 1435 3323 1490 3370; x_wconf 83' lang='lat' dir='ltr'><strong>in</strong></span> <span class='ocrx_word' id='word_1_250' title='bbox 1522 3333 1573 3371; x_wconf 86' lang='lat' dir='ltr'><strong>te</strong></span> <span class='ocrx_word' id='word_1_251' title='bbox 1738 3337 1817 3372; x_wconf 85' lang='lat'><strong>11.</strong></span> <span class='ocrx_word' id='word_1_252' title='bbox 1842 3327 1991 3372; x_wconf 69' lang='lat' dir='ltr'><strong>stum</strong></span> <span class='ocrx_word' id='word_1_253' title='bbox 2004 3337 2198 3390; x_wconf 74' lang='lat' dir='ltr'><strong>tempus.</strong></span> <span class='ocrx_word' id='word_1_254' title='bbox 2214 3327 2375 3374; x_wconf 79' lang='lat' dir='ltr'><strong>Tuum</strong></span> <span class='ocrx_word' id='word_1_255' title='bbox 2392 3325 2676 3391; x_wconf 73' lang='lat' dir='ltr'><strong>periculum.</strong></span> 
     </span>
     <span class='ocr_line' id='line_1_29' title="bbox 559 3403 2679 3469; baseline -0.001 -15"><span class='ocrx_word' id='word_1_256' title='bbox 559 3405 794 3466; x_wconf 68' lang='lat' dir='ltr'><strong>civitatis,</strong></span> <span class='ocrx_word' id='word_1_257' title='bbox 827 3415 878 3452; x_wconf 80' lang='lat' dir='ltr'><strong>et</strong></span> <span class='ocrx_word' id='word_1_258' title='bbox 907 3403 1092 3467; x_wconf 76' lang='lat' dir='ltr'><strong>aliquid</strong></span> <span class='ocrx_word' id='word_1_259' title='bbox 1125 3403 1271 3451; x_wconf 75' lang='lat' dir='ltr'><strong>etiam</strong></span> <span class='ocrx_word' id='word_1_260' title='bbox 1297 3403 1570 3450; x_wconf 72' lang='lat' dir='ltr'><strong>misericor·</strong></span> <span class='ocrx_word' id='word_1_261' title='bbox 1660 3404 1775 3452; x_wconf 82' lang='lat' dir='ltr'><strong>Non</strong></span> <span class='ocrx_word' id='word_1_262' title='bbox 1792 3405 1979 3469; x_wconf 75' lang='lat' dir='ltr'><strong>placet,</strong></span> <span class='ocrx_word' id='word_1_263' title='bbox 1998 3406 2161 3468; x_wconf 82' lang='lat' dir='ltr'><strong>inquit</strong></span> <span class='ocrx_word' id='word_1_264' title='bbox 2174 3437 2191 3462; x_wconf 82' lang='lat'><strong>,</strong></span> <span class='ocrx_word' id='word_1_265' title='bbox 2208 3405 2373 3453; x_wconf 75' lang='lat' dir='ltr'><strong>vivere</strong></span> <span class='ocrx_word' id='word_1_266' title='bbox 2388 3439 2405 3464; x_wconf 86' lang='lat'><strong>,</strong></span> <span class='ocrx_word' id='word_1_267' title='bbox 2424 3405 2519 3452; x_wconf 77' lang='lat' dir='ltr'><strong>nisi</strong></span> <span class='ocrx_word' id='word_1_268' title='bbox 2536 3405 2577 3452; x_wconf 75' lang='lat' dir='ltr'><strong>si</strong></span> <span class='ocrx_word' id='word_1_269' title='bbox 2596 3416 2679 3453; x_wconf 71' lang='lat' dir='ltr'><strong>aut</strong></span> 
     </span>
     <span class='ocr_line' id='line_1_30' title="bbox 561 3481 2680 3547; baseline -0.001 -15"><span class='ocrx_word' id='word_1_270' title='bbox 561 3483 688 3532; x_wconf 76' lang='lat' dir='ltr'><strong>diam</strong></span> <span class='ocrx_word' id='word_1_271' title='bbox 709 3485 895 3545; x_wconf 76' lang='lat' dir='ltr'><strong>nostri,</strong></span> <span class='ocrx_word' id='word_1_272' title='bbox 913 3481 1124 3547; x_wconf 64' lang='lat' dir='ltr'><strong>presidii</strong></span> <span class='ocrx_word' id='word_1_273' title='bbox 1145 3482 1364 3530; x_wconf 69' lang='lat' dir='ltr'><strong>laturam.</strong></span> <span class='ocrx_word' id='word_1_274' title='bbox 1389 3481 1535 3530; x_wconf 61' lang='lat' dir='ltr'><strong>Man.</strong></span> <span class='ocrx_word' id='word_1_275' title='bbox 1661 3482 1845 3547; x_wconf 73' lang='lat' dir='ltr'><strong>aliquid</strong></span> <span class='ocrx_word' id='word_1_276' title='bbox 1880 3483 1977 3530; x_wconf 81' lang='lat' dir='ltr'><strong>tuis</strong></span> <span class='ocrx_word' id='word_1_277' title='bbox 2004 3483 2300 3540; x_wconf 73' lang='lat' dir='ltr'><strong>rationibus,</strong></span> <span class='ocrx_word' id='word_1_278' title='bbox 2329 3481 2445 3530; x_wconf 84' lang='lat' dir='ltr'><strong>dum</strong></span> <span class='ocrx_word' id='word_1_279' title='bbox 2474 3483 2527 3530; x_wconf 85' lang='lat' dir='ltr'><strong>in</strong></span> <span class='ocrx_word' id='word_1_280' title='bbox 2550 3483 2680 3547; x_wconf 78' lang='lat' dir='ltr'><strong>peri·</strong></span> 
     </span>
    </p>
   </div>
   <div class='ocr_carea' id='block_1_4' title="bbox 559 3561 2683 4082">
    <p class='ocr_par' dir='ltr' id='par_1_5' title="bbox 559 3561 2683 4082">
     <span class='ocr_line' id='line_1_31' title="bbox 631 3561 2679 3626; baseline -0.002 -14"><span class='ocrx_word' id='word_1_281' title='bbox 631 3581 687 3624; x_wconf 83' lang='lat'><strong>9.</strong></span> <span class='ocrx_word' id='word_1_282' title='bbox 700 3563 817 3611; x_wconf 80' lang='lat' dir='ltr'><strong>Isto.</strong></span> <span class='ocrx_word' id='word_1_283' title='bbox 833 3561 980 3624; x_wconf 81' lang='lat' dir='ltr'><strong>Quod</strong></span> <span class='ocrx_word' id='word_1_284' title='bbox 997 3561 1060 3610; x_wconf 73' lang='lat' dir='ltr'><strong>nd</strong></span> <span class='ocrx_word' id='word_1_285' title='bbox 1078 3571 1126 3610; x_wconf 85' lang='lat' dir='ltr'><strong>te</strong></span> <span class='ocrx_word' id='word_1_286' title='bbox 1143 3562 1332 3609; x_wconf 71' lang='lat' dir='ltr'><strong>attinet.</strong></span> <span class='ocrx_word' id='word_1_287' title='bbox 1350 3561 1577 3610; x_wconf 75' lang='lat' dir='ltr'><strong>Timebat</strong></span> <span class='ocrx_word' id='word_1_288' title='bbox 1662 3561 1773 3610; x_wconf 82' lang='lat' dir='ltr'><strong>culo</strong></span> <span class='ocrx_word' id='word_1_289' title='bbox 1800 3562 2028 3619; x_wconf 69' lang='lat' dir='ltr'><strong>versaris,</strong></span> <span class='ocrx_word' id='word_1_290' title='bbox 2054 3578 2253 3626; x_wconf 75' lang='lat' dir='ltr'><strong>possum</strong></span> <span class='ocrx_word' id='word_1_291' title='bbox 2283 3561 2565 3618; x_wconf 68' lang='lat' dir='ltr'><strong>consulet-03</strong></span> <span class='ocrx_word' id='word_1_292' title='bbox 2594 3569 2679 3608; x_wconf 77' lang='lat' dir='ltr'><strong>ant</strong></span> 
     </span>
     <span class='ocr_line' id='line_1_32' title="bbox 561 3637 2679 3705; baseline -0 -18"><span class='ocrx_word' id='word_1_293' title='bbox 561 3641 886 3700; x_wconf 74' lang='lat' dir='ltr'><strong>videlicet‚ne</strong></span> <span class='ocrx_word' id='word_1_294' title='bbox 899 3641 1008 3703; x_wconf 72' lang='lat' dir='ltr'><strong>quis</strong></span> <span class='ocrx_word' id='word_1_295' title='bbox 1025 3641 1160 3700; x_wconf 83' lang='lat' dir='ltr'><strong>ei,in</strong></span> <span class='ocrx_word' id='word_1_296' title='bbox 1179 3639 1347 3688; x_wconf 76' lang='lat' dir='ltr'><strong>urbem</strong></span> <span class='ocrx_word' id='word_1_297' title='bbox 1363 3655 1576 3702; x_wconf 77' lang='lat' dir='ltr'><strong>reverso,</strong></span> <span class='ocrx_word' id='word_1_298' title='bbox 1662 3655 1795 3705; x_wconf 77' lang='lat' dir='ltr'><strong>spem</strong></span> <span class='ocrx_word' id='word_1_299' title='bbox 1812 3674 1827 3698; x_wconf 91' lang='lat'><strong>,</strong></span> <span class='ocrx_word' id='word_1_300' title='bbox 1859 3655 1962 3689; x_wconf 86' lang='lat' dir='ltr'><strong>non</strong></span> <span class='ocrx_word' id='word_1_301' title='bbox 1990 3637 2105 3687; x_wconf 83' lang='lat' dir='ltr'><strong>dico</strong></span> <span class='ocrx_word' id='word_1_302' title='bbox 2138 3639 2346 3703; x_wconf 70' lang='lat' dir='ltr'><strong>aliquam</strong></span> <span class='ocrx_word' id='word_1_303' title='bbox 2377 3651 2462 3688; x_wconf 80' lang='lat' dir='ltr'><strong>aut</strong></span> <span class='ocrx_word' id='word_1_304' title='bbox 2493 3638 2679 3686; x_wconf 76' lang='lat' dir='ltr'><strong>medio·</strong></span> 
     </span>
     <span class='ocr_line' id='line_1_33' title="bbox 563 3717 2679 3784; baseline -0 -18"><span class='ocrx_word' id='word_1_305' title='bbox 563 3717 691 3766; x_wconf 83' lang='lat' dir='ltr'><strong>diem</strong></span> <span class='ocrx_word' id='word_1_306' title='bbox 743 3717 922 3766; x_wconf 80' lang='lat' dir='ltr'><strong>diceret</strong></span> <span class='ocrx_word' id='word_1_307' title='bbox 970 3717 1034 3766; x_wconf 90' lang='lat' dir='ltr'><strong>ob</strong></span> <span class='ocrx_word' id='word_1_308' title='bbox 1079 3719 1380 3784; x_wconf 72' lang='lat' dir='ltr'><strong>provinciam</strong></span> <span class='ocrx_word' id='word_1_309' title='bbox 1432 3735 1576 3768; x_wconf 73' lang='lat' dir='ltr'><strong>avare</strong></span> <span class='ocrx_word' id='word_1_310' title='bbox 1663 3735 1818 3779; x_wconf 83' lang='lat' dir='ltr'><strong>erem,</strong></span> <span class='ocrx_word' id='word_1_311' title='bbox 1860 3718 1946 3766; x_wconf 81' lang='lat' dir='ltr'><strong>sed</strong></span> <span class='ocrx_word' id='word_1_312' title='bbox 1986 3720 2188 3766; x_wconf 83' lang='lat' dir='ltr'><strong>omnino</strong></span> <span class='ocrx_word' id='word_1_313' title='bbox 2226 3717 2415 3766; x_wconf 80' lang='lat' dir='ltr'><strong>firmam</strong></span> <span class='ocrx_word' id='word_1_314' title='bbox 2462 3718 2523 3766; x_wconf 88' lang='lat' dir='ltr'><strong>de</strong></span> <span class='ocrx_word' id='word_1_315' title='bbox 2567 3733 2679 3765; x_wconf 85' lang='lat' dir='ltr'><strong>meo</strong></span> 
     </span>
     <span class='ocr_line' id='line_1_34' title="bbox 560 3793 2679 3862; baseline 0.001 -22"><span class='ocrx_word' id='word_1_316' title='bbox 560 3793 954 3845; x_wconf 74' lang='lat' dir='ltr'><strong>administratam.</strong></span> <span class='ocrx_word' id='word_1_317' title='bbox 987 3795 1068 3846; x_wconf 77' lang='lat' dir='ltr'><strong>Ad</strong></span> <span class='ocrx_word' id='word_1_318' title='bbox 1101 3798 1318 3846; x_wconf 79' lang='lat' dir='ltr'><strong>Atticum</strong></span> <span class='ocrx_word' id='word_1_319' title='bbox 1347 3795 1438 3846; x_wconf 87' lang='lat' dir='ltr'><strong>lib.</strong></span> <span class='ocrx_word' id='word_1_320' title='bbox 1476 3799 1569 3847; x_wconf 87' lang='lat'>111.</span> <span class='ocrx_word' id='word_1_321' title='bbox 1662 3796 1937 3848; x_wconf 64' lang='lat' dir='ltr'><strong>reditum</strong></span> <span class='ocrx_word' id='word_1_322' title='bbox 1956 3797 2198 3862; x_wconf 77' lang='lat' dir='ltr'><strong>intelligis.</strong></span> <span class='ocrx_word' id='word_1_323' title='bbox 2222 3797 2339 3846; x_wconf 85' lang='lat' dir='ltr'><strong>Non</strong></span> <span class='ocrx_word' id='word_1_324' title='bbox 2356 3799 2485 3846; x_wconf 82' lang='lat' dir='ltr'><strong>enim</strong></span> <span class='ocrx_word' id='word_1_325' title='bbox 2506 3795 2679 3860; x_wconf 76' lang='lat' dir='ltr'><strong>exigua</strong></span> 
     </span>
     <span class='ocr_line' id='line_1_35' title="bbox 561 3875 2683 3942; baseline 0.003 -24"><span class='ocrx_word' id='word_1_326' title='bbox 561 3875 712 3924; x_wconf 71' lang='lat' dir='ltr'><strong>luxu.</strong></span> <span class='ocrx_word' id='word_1_327' title='bbox 753 3901 822 3911; x_wconf 88' lang='lat'><strong>--</strong></span> <span class='ocrx_word' id='word_1_328' title='bbox 859 3876 1115 3923; x_wconf 77' lang='lat' dir='ltr'><strong>Dimicatio</strong></span> <span class='ocrx_word' id='word_1_329' title='bbox 1153 3892 1348 3939; x_wconf 84' lang='lat' dir='ltr'><strong>quoque</strong></span> <span class='ocrx_word' id='word_1_330' title='bbox 1369 3914 1385 3939; x_wconf 87' lang='lat'><strong>,</strong></span> <span class='ocrx_word' id='word_1_331' title='bbox 1437 3877 1573 3940; x_wconf 87' lang='lat' dir='ltr'><strong>quod</strong></span> <span class='ocrx_word' id='word_1_332' title='bbox 1659 3875 1711 3926; x_wconf 78' lang='lat' dir='ltr'><strong>iu</strong></span> <span class='ocrx_word' id='word_1_333' title='bbox 1734 3893 1820 3940; x_wconf 79' lang='lat' dir='ltr'><strong>spe</strong></span> <span class='ocrx_word' id='word_1_334' title='bbox 1845 3887 2031 3925; x_wconf 66' lang='lat' dir='ltr'><strong>tantum</strong></span> <span class='ocrx_word' id='word_1_335' title='bbox 2054 3893 2217 3942; x_wconf 83' lang='lat' dir='ltr'><strong>pono,</strong></span> <span class='ocrx_word' id='word_1_336' title='bbox 2237 3887 2293 3924; x_wconf 84' lang='lat' dir='ltr'><strong>ut</strong></span> <span class='ocrx_word' id='word_1_337' title='bbox 2310 3877 2365 3924; x_wconf 85' lang='lat' dir='ltr'><strong>in</strong></span> <span class='ocrx_word' id='word_1_338' title='bbox 2386 3887 2483 3925; x_wconf 81' lang='lat' dir='ltr'><strong>tam</strong></span> <span class='ocrx_word' id='word_1_339' title='bbox 2507 3875 2683 3924; x_wconf 73' lang='lat' dir='ltr'><strong>misera</strong></span> 
     </span>
     <span class='ocr_line' id='line_1_36' title="bbox 563 3951 2683 4019; baseline 0.001 -21"><span class='ocrx_word' id='word_1_340' title='bbox 563 3951 793 4016; x_wconf 77' lang='lat' dir='ltr'><strong>praeoedit</strong></span> <span class='ocrx_word' id='word_1_341' title='bbox 822 3953 884 4000; x_wconf 78' lang='lat' dir='ltr'><strong>ad</strong></span> <span class='ocrx_word' id='word_1_342' title='bbox 907 3953 1034 4002; x_wconf 79' lang='lat' dir='ltr'><strong>hanc</strong></span> <span class='ocrx_word' id='word_1_343' title='bbox 1052 3955 1402 4002; x_wconf 69' lang='lat' dir='ltr'><strong>accusationem</strong></span> <span class='ocrx_word' id='word_1_344' title='bbox 1431 3973 1569 4019; x_wconf 81' lang='lat' dir='ltr'><strong>repe·</strong></span> <span class='ocrx_word' id='word_1_345' title='bbox 1658 3955 1888 4019; x_wconf 79' lang='lat' dir='ltr'><strong>turpique</strong></span> <span class='ocrx_word' id='word_1_346' title='bbox 1922 3955 2022 4004; x_wconf 70' lang='lat' dir='ltr'><strong>vita</strong></span> <span class='ocrx_word' id='word_1_347' title='bbox 2062 3954 2244 4003; x_wconf 75' lang='lat' dir='ltr'><strong>diutius</strong></span> <span class='ocrx_word' id='word_1_348' title='bbox 2280 3955 2425 4003; x_wconf 80' lang='lat' dir='ltr'><strong>velim</strong></span> <span class='ocrx_word' id='word_1_349' title='bbox 2461 3970 2683 4002; x_wconf 86' lang='lat' dir='ltr'><strong>commo·</strong></span> 
     </span>
     <span class='ocr_line' id='line_1_37' title="bbox 559 4031 1941 4082; baseline 0 -2"><span class='ocrx_word' id='word_1_350' title='bbox 559 4031 818 4080; x_wconf 72' lang='lat' dir='ltr'><strong>tundat-um</strong></span> <span class='ocrx_word' id='word_1_351' title='bbox 845 4031 1144 4080; x_wconf 74' lang='lat' dir='ltr'><strong>referendum</strong></span> <span class='ocrx_word' id='word_1_352' title='bbox 1173 4044 1259 4081; x_wconf 73' lang='lat' dir='ltr'><strong>est.</strong></span> <span class='ocrx_word' id='word_1_353' title='bbox 1297 4035 1389 4082; x_wconf 84' lang='lat' dir='ltr'><strong>En.</strong></span> <span class='ocrx_word' id='word_1_354' title='bbox 1660 4035 1773 4082; x_wconf 80' lang='lat' dir='ltr'><strong>rari.</strong></span> <span class='ocrx_word' id='word_1_355' title='bbox 1802 4035 1941 4082; x_wconf 70' lang='lat' dir='ltr'><strong>Mu«.</strong></span> 
     </span>
    </p>
   </div>
  </div>
 </body>
</html>
