<?xml version="1.0" encoding="UTF-8"?>
<!DOCTYPE html PUBLIC "-//W3C//DTD XHTML 1.0 Transitional//EN"
    "http://www.w3.org/TR/xhtml1/DTD/xhtml1-transitional.dtd">
<html xmlns="http://www.w3.org/1999/xhtml" xml:lang="en" lang="en">
 <head>
  <title>
</title>
<meta http-equiv="Content-Type" content="text/html;charset=utf-8" />
  <meta name='ocr-system' content='tesseract 3.04.00' />
  <meta name='ocr-capabilities' content='ocr_page ocr_carea ocr_par ocr_line ocrx_word'/>
</head>
<body>
  <div class='ocr_page' id='page_1' title='image "./mtciceronisquae04lemagoog_0177.png"; bbox 0 0 3019 4681; ppageno 0'>
   <div class='ocr_carea' id='block_1_1' title="bbox 420 413 2551 442">
    <p class='ocr_par' dir='ltr' id='par_1_1' title="bbox 420 413 2551 442">
     <span class='ocr_line' id='line_1_1' title="bbox 420 413 2551 442; baseline 0 -2"><span class='ocrx_word' id='word_1_1' title='bbox 420 417 788 442; x_wconf 55' lang='lat' dir='ltr'>mm</span> <span class='ocrx_word' id='word_1_2' title='bbox 793 413 1897 440; x_wconf 57' lang='lat' dir='ltr'>mmmm-mmmmm·</span> <span class='ocrx_word' id='word_1_3' title='bbox 1902 414 2551 440; x_wconf 57' lang='lat' dir='ltr'>mmmm</span> 
     </span>
    </p>
   </div>
   <div class='ocr_carea' id='block_1_2' title="bbox 923 632 2021 954">
    <p class='ocr_par' dir='ltr' id='par_1_2' title="bbox 923 632 2021 954">
     <span class='ocr_line' id='line_1_2' title="bbox 923 632 2021 747; baseline -0.001 -2"><span class='ocrx_word' id='word_1_4' title='bbox 923 632 2021 747; x_wconf 82' lang='lat' dir='ltr'><strong>ARGUMENTUM</strong></span> 
     </span>
     <span class='ocr_line' id='line_1_3' title="bbox 1039 883 1927 954; baseline -0.003 0"><span class='ocrx_word' id='word_1_5' title='bbox 1039 884 1322 954; x_wconf 74' lang='lat' dir='ltr'>mam</span> <span class='ocrx_word' id='word_1_6' title='bbox 1376 883 1927 954; x_wconf 83' lang='lat' dir='ltr'><strong>UNDECIMI.</strong></span> 
     </span>
    </p>
   </div>
   <div class='ocr_carea' id='block_1_3' title="bbox 421 1097 2557 1179">
    <p class='ocr_par' dir='ltr' id='par_1_3' title="bbox 421 1097 2557 1179">
     <span class='ocr_line' id='line_1_4' title="bbox 421 1097 2557 1179; baseline -0.004 -14"><span class='ocrx_word' id='word_1_7' title='bbox 421 1103 676 1165; x_wconf 79' lang='lat' dir='ltr'>silentur</span> <span class='ocrx_word' id='word_1_8' title='bbox 707 1119 932 1160; x_wconf 87' lang='lat' dir='ltr'>menses</span> <span class='ocrx_word' id='word_1_9' title='bbox 973 1101 1096 1160; x_wconf 85' lang='lat' dir='ltr'>fere</span> <span class='ocrx_word' id='word_1_10' title='bbox 1123 1119 1354 1161; x_wconf 83' lang='lat' dir='ltr'>novem.</span> <span class='ocrx_word' id='word_1_11' title='bbox 1406 1099 1757 1161; x_wconf 81' lang='lat' dir='ltr'><strong>Conscendit</strong></span> <span class='ocrx_word' id='word_1_12' title='bbox 1793 1101 1946 1159; x_wconf 85' lang='lat' dir='ltr'>enim</span> <span class='ocrx_word' id='word_1_13' title='bbox 1965 1145 1984 1174; x_wconf 90' lang='lat'>,</span> <span class='ocrx_word' id='word_1_14' title='bbox 2011 1112 2079 1159; x_wconf 91' lang='lat' dir='ltr'>ut</span> <span class='ocrx_word' id='word_1_15' title='bbox 2117 1097 2191 1158; x_wconf 88' lang='lat' dir='ltr'>ad</span> <span class='ocrx_word' id='word_1_16' title='bbox 2217 1099 2557 1179; x_wconf 87' lang='lat' dir='ltr'>Pompeium</span> 
     </span>
    </p>
   </div>
   <div class='ocr_carea' id='block_1_4' title="bbox 495 1198 2569 4189">
    <p class='ocr_par' dir='ltr' id='par_1_4' title="bbox 495 1198 2569 4189">
     <span class='ocr_line' id='line_1_5' title="bbox 495 1198 2554 1277; baseline -0.002 -19"><span class='ocrx_word' id='word_1_17' title='bbox 495 1199 825 1277; x_wconf 70' lang='lat' dir='ltr'>navigaret,</span> <span class='ocrx_word' id='word_1_18' title='bbox 870 1219 935 1257; x_wconf 77' lang='lat' dir='ltr'>xv</span> <span class='ocrx_word' id='word_1_19' title='bbox 963 1198 1042 1256; x_wconf 90' lang='lat' dir='ltr'>id.</span> <span class='ocrx_word' id='word_1_20' title='bbox 1082 1199 1272 1276; x_wconf 83' lang='lat' dir='ltr'>junii,</span> <span class='ocrx_word' id='word_1_21' title='bbox 1315 1201 1564 1260; x_wconf 82' lang='lat' dir='ltr'><strong>Lentulo</strong></span> <span class='ocrx_word' id='word_1_22' title='bbox 1602 1213 1661 1258; x_wconf 90' lang='lat' dir='ltr'>et</span> <span class='ocrx_word' id='word_1_23' title='bbox 1700 1199 1979 1260; x_wconf 83' lang='lat' dir='ltr'>Marcello</span> <span class='ocrx_word' id='word_1_24' title='bbox 2023 1215 2169 1256; x_wconf 86' lang='lat' dir='ltr'>coss.</span> <span class='ocrx_word' id='word_1_25' title='bbox 2204 1207 2271 1256; x_wconf 87' lang='lat' dir='ltr'>ut</span> <span class='ocrx_word' id='word_1_26' title='bbox 2310 1217 2381 1254; x_wconf 86' lang='lat' dir='ltr'>ex</span> <span class='ocrx_word' id='word_1_27' title='bbox 2422 1198 2554 1275; x_wconf 87' lang='lat' dir='ltr'>epi-</span> 
     </span>
     <span class='ocr_line' id='line_1_6' title="bbox 499 1293 2561 1373; baseline -0.002 -20"><span class='ocrx_word' id='word_1_28' title='bbox 499 1295 648 1354; x_wconf 79' lang='lat' dir='ltr'>stola</span> <span class='ocrx_word' id='word_1_29' title='bbox 669 1317 702 1369; x_wconf 85' lang='lat'><strong>7</strong></span> <span class='ocrx_word' id='word_1_30' title='bbox 736 1293 810 1353; x_wconf 85' lang='lat' dir='ltr'>ad</span> <span class='ocrx_word' id='word_1_31' title='bbox 837 1293 1166 1353; x_wconf 79' lang='lat' dir='ltr'>Terentiam</span> <span class='ocrx_word' id='word_1_32' title='bbox 1197 1295 1466 1372; x_wconf 81' lang='lat' dir='ltr'>cognosci</span> <span class='ocrx_word' id='word_1_33' title='bbox 1485 1305 1708 1373; x_wconf 88' lang='lat' dir='ltr'>potest:</span> <span class='ocrx_word' id='word_1_34' title='bbox 1759 1307 1819 1352; x_wconf 88' lang='lat' dir='ltr'>et</span> <span class='ocrx_word' id='word_1_35' title='bbox 1840 1314 1913 1351; x_wconf 82' lang='lat' dir='ltr'>ex</span> <span class='ocrx_word' id='word_1_36' title='bbox 1946 1313 2017 1352; x_wconf 89' lang='lat' dir='ltr'>eo</span> <span class='ocrx_word' id='word_1_37' title='bbox 2046 1307 2307 1372; x_wconf 87' lang='lat' dir='ltr'>tempore</span> <span class='ocrx_word' id='word_1_38' title='bbox 2332 1293 2561 1370; x_wconf 79' lang='lat' dir='ltr'>scriptae</span> 
     </span>
     <span class='ocr_line' id='line_1_7' title="bbox 499 1389 2562 1472; baseline -0.001 -21"><span class='ocrx_word' id='word_1_39' title='bbox 499 1393 707 1465; x_wconf 86' lang='lat' dir='ltr'>literae,</span> <span class='ocrx_word' id='word_1_40' title='bbox 737 1391 811 1450; x_wconf 83' lang='lat' dir='ltr'>ad</span> <span class='ocrx_word' id='word_1_41' title='bbox 829 1405 1080 1451; x_wconf 87' lang='lat' dir='ltr'>mensem</span> <span class='ocrx_word' id='word_1_42' title='bbox 1107 1390 1464 1451; x_wconf 77' lang='lat' dir='ltr'>februarium</span> <span class='ocrx_word' id='word_1_43' title='bbox 1481 1435 1496 1464; x_wconf 93' lang='lat'>,</span> <span class='ocrx_word' id='word_1_44' title='bbox 1522 1403 1737 1472; x_wconf 82' lang='lat' dir='ltr'>praeter</span> <span class='ocrx_word' id='word_1_45' title='bbox 1762 1392 1978 1470; x_wconf 86' lang='lat' dir='ltr'>primas</span> <span class='ocrx_word' id='word_1_46' title='bbox 2001 1389 2135 1450; x_wconf 91' lang='lat' dir='ltr'>libri</span> <span class='ocrx_word' id='word_1_47' title='bbox 2162 1389 2334 1468; x_wconf 81' lang='lat' dir='ltr'>hujus</span> <span class='ocrx_word' id='word_1_48' title='bbox 2350 1435 2367 1462; x_wconf 90' lang='lat'>,</span> <span class='ocrx_word' id='word_1_49' title='bbox 2387 1391 2562 1448; x_wconf 85' lang='lat' dir='ltr'>nullae</span> 
     </span>
     <span class='ocr_line' id='line_1_8' title="bbox 497 1485 2561 1566; baseline -0.002 -18"><span class='ocrx_word' id='word_1_50' title='bbox 497 1489 890 1548; x_wconf 82' lang='lat' dir='ltr'>inveniuntur.</span> <span class='ocrx_word' id='word_1_51' title='bbox 921 1491 1070 1548; x_wconf 84' lang='lat' dir='ltr'>Nam</span> <span class='ocrx_word' id='word_1_52' title='bbox 1085 1505 1264 1566; x_wconf 88' lang='lat' dir='ltr'>quum</span> <span class='ocrx_word' id='word_1_53' title='bbox 1283 1493 1492 1560; x_wconf 80' lang='lat' dir='ltr'>Caesar,</span> <span class='ocrx_word' id='word_1_54' title='bbox 1514 1509 1547 1546; x_wconf 83' lang='lat' dir='ltr'>a</span> <span class='ocrx_word' id='word_1_55' title='bbox 1569 1487 1863 1566; x_wconf 89' lang='lat' dir='ltr'>colloquio</span> <span class='ocrx_word' id='word_1_56' title='bbox 1890 1489 1992 1547; x_wconf 90' lang='lat' dir='ltr'>illo</span> <span class='ocrx_word' id='word_1_57' title='bbox 2020 1485 2418 1555; x_wconf 87' lang='lat' dir='ltr'>Ciceronis‚de</span> <span class='ocrx_word' id='word_1_58' title='bbox 2441 1505 2561 1564; x_wconf 92' lang='lat' dir='ltr'>quo</span> 
     </span>
     <span class='ocr_line' id='line_1_9' title="bbox 499 1584 2561 1667; baseline -0.002 -21"><span class='ocrx_word' id='word_1_59' title='bbox 499 1588 561 1646; x_wconf 90' lang='lat' dir='ltr'>in</span> <span class='ocrx_word' id='word_1_60' title='bbox 585 1589 904 1667; x_wconf 83' lang='lat' dir='ltr'>penultima</span> <span class='ocrx_word' id='word_1_61' title='bbox 927 1587 1170 1665; x_wconf 83' lang='lat' dir='ltr'>epistola</span> <span class='ocrx_word' id='word_1_62' title='bbox 1183 1584 1439 1665; x_wconf 81' lang='lat' dir='ltr'><strong>proximi</strong></span> <span class='ocrx_word' id='word_1_63' title='bbox 1459 1585 1595 1644; x_wconf 85' lang='lat' dir='ltr'><strong>libri</strong></span> <span class='ocrx_word' id='word_1_64' title='bbox 1621 1585 1828 1665; x_wconf 83' lang='lat' dir='ltr'>agitur,</span> <span class='ocrx_word' id='word_1_65' title='bbox 1851 1589 2096 1645; x_wconf 81' lang='lat' dir='ltr'><strong>Romam</strong></span> <span class='ocrx_word' id='word_1_66' title='bbox 2124 1605 2185 1644; x_wconf 88' lang='lat' dir='ltr'>se</span> <span class='ocrx_word' id='word_1_67' title='bbox 2208 1585 2561 1657; x_wconf 87' lang='lat' dir='ltr'>contulisset,</span> 
     </span>
     <span class='ocr_line' id='line_1_10' title="bbox 503 1683 2563 1764; baseline -0.002 -21"><span class='ocrx_word' id='word_1_68' title='bbox 503 1685 923 1764; x_wconf 85' lang='lat' dir='ltr'>pecuniamque</span> <span class='ocrx_word' id='word_1_69' title='bbox 972 1704 1046 1742; x_wconf 84' lang='lat' dir='ltr'>ex</span> <span class='ocrx_word' id='word_1_70' title='bbox 1099 1684 1387 1742; x_wconf 86' lang='lat' dir='ltr'>sanctiore</span> <span class='ocrx_word' id='word_1_71' title='bbox 1437 1683 1678 1756; x_wconf 80' lang='lat' dir='ltr'>aerariO,</span> <span class='ocrx_word' id='word_1_72' title='bbox 1756 1683 2150 1760; x_wconf 87' lang='lat' dir='ltr'>nequidquam</span> <span class='ocrx_word' id='word_1_73' title='bbox 2206 1694 2563 1760; x_wconf 78' lang='lat' dir='ltr'>repugnante</span> 
     </span>
     <span class='ocr_line' id='line_1_11' title="bbox 501 1779 2565 1858; baseline -0.002 -18"><span class='ocrx_word' id='word_1_74' title='bbox 501 1787 565 1840; x_wconf 89' lang='lat' dir='ltr'>L.</span> <span class='ocrx_word' id='word_1_75' title='bbox 592 1782 832 1841; x_wconf 88' lang='lat' dir='ltr'>Metello</span> <span class='ocrx_word' id='word_1_76' title='bbox 863 1780 1098 1839; x_wconf 88' lang='lat' dir='ltr'>tribuno</span> <span class='ocrx_word' id='word_1_77' title='bbox 1126 1779 1314 1858; x_wconf 88' lang='lat' dir='ltr'>plebis</span> <span class='ocrx_word' id='word_1_78' title='bbox 1331 1824 1348 1854; x_wconf 90' lang='lat'>,</span> <span class='ocrx_word' id='word_1_79' title='bbox 1381 1779 1739 1851; x_wconf 81' lang='lat' dir='ltr'>abstulisset3</span> <span class='ocrx_word' id='word_1_80' title='bbox 1767 1780 1943 1839; x_wconf 90' lang='lat' dir='ltr'>rebus</span> <span class='ocrx_word' id='word_1_81' title='bbox 1974 1781 2265 1839; x_wconf 86' lang='lat' dir='ltr'>nonnullis</span> <span class='ocrx_word' id='word_1_82' title='bbox 2293 1779 2365 1836; x_wconf 89' lang='lat' dir='ltr'>ad</span> <span class='ocrx_word' id='word_1_83' title='bbox 2394 1799 2565 1837; x_wconf 84' lang='lat' dir='ltr'>suum</span> 
     </span>
     <span class='ocr_line' id='line_1_12' title="bbox 503 1875 2563 1956; baseline -0.003 -18"><span class='ocrx_word' id='word_1_84' title='bbox 503 1879 808 1938; x_wconf 74' lang='lat' dir='ltr'>arbitrium</span> <span class='ocrx_word' id='word_1_85' title='bbox 833 1878 1191 1950; x_wconf 86' lang='lat' dir='ltr'>constitutis,</span> <span class='ocrx_word' id='word_1_86' title='bbox 1215 1878 1496 1956; x_wconf 78' lang='lat' dir='ltr'>Italiaque</span> <span class='ocrx_word' id='word_1_87' title='bbox 1523 1879 1779 1936; x_wconf 83' lang='lat' dir='ltr'>Antonio</span> <span class='ocrx_word' id='word_1_88' title='bbox 1810 1878 2022 1937; x_wconf 88' lang='lat' dir='ltr'>tradita</span> <span class='ocrx_word' id='word_1_89' title='bbox 2047 1890 2106 1936; x_wconf 89' lang='lat' dir='ltr'>et</span> <span class='ocrx_word' id='word_1_90' title='bbox 2132 1875 2563 1948; x_wconf 86' lang='lat' dir='ltr'>commendata,</span> 
     </span>
     <span class='ocr_line' id='line_1_13' title="bbox 504 1974 2561 2056; baseline -0.002 -21"><span class='ocrx_word' id='word_1_91' title='bbox 504 1978 627 2056; x_wconf 85' lang='lat' dir='ltr'>ipse</span> <span class='ocrx_word' id='word_1_92' title='bbox 671 1977 730 2035; x_wconf 87' lang='lat' dir='ltr'>in</span> <span class='ocrx_word' id='word_1_93' title='bbox 775 1977 1111 2055; x_wconf 81' lang='lat' dir='ltr'>Hispaniam</span> <span class='ocrx_word' id='word_1_94' title='bbox 1133 2019 1149 2046; x_wconf 91' lang='lat'>,</span> <span class='ocrx_word' id='word_1_95' title='bbox 1181 1989 1386 2035; x_wconf 89' lang='lat' dir='ltr'>contra</span> <span class='ocrx_word' id='word_1_96' title='bbox 1431 1977 1695 2054; x_wconf 90' lang='lat' dir='ltr'>Pompeii</span> <span class='ocrx_word' id='word_1_97' title='bbox 1742 1977 1957 2054; x_wconf 85' lang='lat' dir='ltr'>legatos</span> <span class='ocrx_word' id='word_1_98' title='bbox 2006 1976 2320 2034; x_wconf 86' lang='lat' dir='ltr'>exercitum</span> <span class='ocrx_word' id='word_1_99' title='bbox 2354 1974 2561 2032; x_wconf 81' lang='lat' dir='ltr'>duxit:</span> 
     </span>
     <span class='ocr_line' id='line_1_14' title="bbox 504 2071 2568 2152; baseline -0.001 -20"><span class='ocrx_word' id='word_1_100' title='bbox 504 2094 623 2152; x_wconf 89' lang='lat' dir='ltr'>quo</span> <span class='ocrx_word' id='word_1_101' title='bbox 655 2087 918 2152; x_wconf 89' lang='lat' dir='ltr'>tempore</span> <span class='ocrx_word' id='word_1_102' title='bbox 946 2075 1152 2133; x_wconf 85' lang='lat' dir='ltr'>Cicero</span> <span class='ocrx_word' id='word_1_103' title='bbox 1182 2073 1242 2130; x_wconf 89' lang='lat' dir='ltr'>in</span> <span class='ocrx_word' id='word_1_104' title='bbox 1269 2072 1673 2131; x_wconf 87' lang='lat' dir='ltr'>Macedoniam</span> <span class='ocrx_word' id='word_1_105' title='bbox 1698 2077 1808 2131; x_wconf 88' lang='lat' dir='ltr'>VII</span> <span class='ocrx_word' id='word_1_106' title='bbox 1850 2073 1927 2131; x_wconf 91' lang='lat' dir='ltr'>id.</span> <span class='ocrx_word' id='word_1_107' title='bbox 1960 2073 2145 2152; x_wconf 89' lang='lat' dir='ltr'>junii,</span> <span class='ocrx_word' id='word_1_108' title='bbox 2191 2085 2256 2130; x_wconf 90' lang='lat' dir='ltr'>ut</span> <span class='ocrx_word' id='word_1_109' title='bbox 2296 2071 2568 2146; x_wconf 76' lang='lat' dir='ltr'>diximus,</span> 
     </span>
     <span class='ocr_line' id='line_1_15' title="bbox 505 2169 2567 2248; baseline -0.001 -20"><span class='ocrx_word' id='word_1_110' title='bbox 505 2170 838 2242; x_wconf 79' lang='lat' dir='ltr'>transmisit,</span> <span class='ocrx_word' id='word_1_111' title='bbox 863 2169 1018 2228; x_wconf 91' lang='lat' dir='ltr'>unde</span> <span class='ocrx_word' id='word_1_112' title='bbox 1048 2171 1274 2248; x_wconf 85' lang='lat' dir='ltr'>priores</span> <span class='ocrx_word' id='word_1_113' title='bbox 1301 2184 1557 2247; x_wconf 90' lang='lat' dir='ltr'>quatuor</span> <span class='ocrx_word' id='word_1_114' title='bbox 1582 2170 1729 2228; x_wconf 82' lang='lat' dir='ltr'>datae</span> <span class='ocrx_word' id='word_1_115' title='bbox 1754 2183 1925 2244; x_wconf 85' lang='lat' dir='ltr'>sunt;</span> <span class='ocrx_word' id='word_1_116' title='bbox 1960 2170 2061 2230; x_wconf 87' lang='lat' dir='ltr'>sed</span> <span class='ocrx_word' id='word_1_117' title='bbox 2091 2175 2155 2230; x_wconf 91' lang='lat' dir='ltr'>C.</span> <span class='ocrx_word' id='word_1_118' title='bbox 2174 2173 2398 2232; x_wconf 76' lang='lat' dir='ltr'>Caesare</span> <span class='ocrx_word' id='word_1_119' title='bbox 2426 2172 2487 2229; x_wconf 91' lang='lat'>11</span> <span class='ocrx_word' id='word_1_120' title='bbox 2508 2181 2567 2226; x_wconf 89' lang='lat' dir='ltr'>et</span> 
     </span>
     <span class='ocr_line' id='line_1_16' title="bbox 505 2267 2569 2347; baseline -0.001 -21"><span class='ocrx_word' id='word_1_121' title='bbox 505 2267 749 2326; x_wconf 84' lang='lat' dir='ltr'>Servilio</span> <span class='ocrx_word' id='word_1_122' title='bbox 791 2267 1049 2324; x_wconf 86' lang='lat' dir='ltr'>Isaurico</span> <span class='ocrx_word' id='word_1_123' title='bbox 1093 2285 1238 2324; x_wconf 73' lang='lat' dir='ltr'>coss·</span> <span class='ocrx_word' id='word_1_124' title='bbox 1287 2279 1420 2324; x_wconf 88' lang='lat' dir='ltr'>ante</span> <span class='ocrx_word' id='word_1_125' title='bbox 1462 2287 1714 2346; x_wconf 86' lang='lat' dir='ltr'>pugnam</span> <span class='ocrx_word' id='word_1_126' title='bbox 1762 2267 2146 2326; x_wconf 80' lang='lat' dir='ltr'>Pharsalicam</span> <span class='ocrx_word' id='word_1_127' title='bbox 2168 2311 2187 2342; x_wconf 89' lang='lat'>,</span> <span class='ocrx_word' id='word_1_128' title='bbox 2236 2268 2449 2347; x_wconf 86' lang='lat' dir='ltr'>partim</span> <span class='ocrx_word' id='word_1_129' title='bbox 2494 2287 2569 2324; x_wconf 82' lang='lat' dir='ltr'>ex</span> 
     </span>
     <span class='ocr_line' id='line_1_17' title="bbox 506 2364 2564 2445; baseline 0 -22"><span class='ocrx_word' id='word_1_130' title='bbox 506 2366 707 2423; x_wconf 78' lang='lat' dir='ltr'>castris</span> <span class='ocrx_word' id='word_1_131' title='bbox 724 2364 983 2442; x_wconf 86' lang='lat' dir='ltr'>Pompeii</span> <span class='ocrx_word' id='word_1_132' title='bbox 1002 2408 1018 2435; x_wconf 93' lang='lat'>,</span> <span class='ocrx_word' id='word_1_133' title='bbox 1039 2366 1249 2442; x_wconf 87' lang='lat' dir='ltr'>partim</span> <span class='ocrx_word' id='word_1_134' title='bbox 1280 2366 1642 2441; x_wconf 78' lang='lat' dir='ltr'>Dyrrachi03</span> <span class='ocrx_word' id='word_1_135' title='bbox 1676 2385 1807 2423; x_wconf 89' lang='lat' dir='ltr'>nam</span> <span class='ocrx_word' id='word_1_136' title='bbox 1845 2370 2066 2439; x_wconf 80' lang='lat' dir='ltr'>Caesar,</span> <span class='ocrx_word' id='word_1_137' title='bbox 2093 2366 2333 2425; x_wconf 85' lang='lat' dir='ltr'>devictis</span> <span class='ocrx_word' id='word_1_138' title='bbox 2362 2366 2564 2445; x_wconf 83' lang='lat' dir='ltr'>legatis</span> 
     </span>
     <span class='ocr_line' id='line_1_18' title="bbox 505 2460 2565 2539; baseline 0 -19"><span class='ocrx_word' id='word_1_139' title='bbox 505 2463 618 2520; x_wconf 87' lang='lat' dir='ltr'>illis</span> <span class='ocrx_word' id='word_1_140' title='bbox 639 2506 654 2532; x_wconf 92' lang='lat'>,</span> <span class='ocrx_word' id='word_1_141' title='bbox 683 2461 1091 2539; x_wconf 84' lang='lat' dir='ltr'>Hispaniaeque</span> <span class='ocrx_word' id='word_1_142' title='bbox 1121 2460 1295 2519; x_wconf 90' lang='lat' dir='ltr'>rebus</span> <span class='ocrx_word' id='word_1_143' title='bbox 1323 2462 1690 2539; x_wconf 54' lang='lat' dir='ltr'>compositis„</span> <span class='ocrx_word' id='word_1_144' title='bbox 1724 2466 1965 2520; x_wconf 82' lang='lat' dir='ltr'>Romam</span> <span class='ocrx_word' id='word_1_145' title='bbox 1996 2482 2290 2532; x_wconf 76' lang='lat' dir='ltr'>reversuS,</span> <span class='ocrx_word' id='word_1_146' title='bbox 2326 2464 2565 2521; x_wconf 88' lang='lat' dir='ltr'>consul-</span> 
     </span>
     <span class='ocr_line' id='line_1_19' title="bbox 507 2556 2567 2636; baseline 0.001 -21"><span class='ocrx_word' id='word_1_147' title='bbox 507 2578 621 2636; x_wconf 91' lang='lat' dir='ltr'>que</span> <span class='ocrx_word' id='word_1_148' title='bbox 666 2577 798 2615; x_wconf 89' lang='lat' dir='ltr'>cum</span> <span class='ocrx_word' id='word_1_149' title='bbox 852 2558 1112 2615; x_wconf 87' lang='lat' dir='ltr'>Isaurico</span> <span class='ocrx_word' id='word_1_150' title='bbox 1155 2556 1517 2629; x_wconf 88' lang='lat' dir='ltr'>declaratus,</span> <span class='ocrx_word' id='word_1_151' title='bbox 1560 2572 1807 2616; x_wconf 86' lang='lat' dir='ltr'>exeunte</span> <span class='ocrx_word' id='word_1_152' title='bbox 1853 2578 2040 2631; x_wconf 89' lang='lat' dir='ltr'>anno,</span> <span class='ocrx_word' id='word_1_153' title='bbox 2088 2572 2151 2616; x_wconf 90' lang='lat' dir='ltr'>ut</span> <span class='ocrx_word' id='word_1_154' title='bbox 2192 2559 2272 2617; x_wconf 92' lang='lat' dir='ltr'>ait</span> <span class='ocrx_word' id='word_1_155' title='bbox 2314 2560 2462 2629; x_wconf 86' lang='lat' dir='ltr'>Dio,</span> <span class='ocrx_word' id='word_1_156' title='bbox 2500 2572 2567 2617; x_wconf 91' lang='lat' dir='ltr'>ut</span> 
     </span>
     <span class='ocr_line' id='line_1_20' title="bbox 505 2654 2567 2734; baseline 0 -22"><span class='ocrx_word' id='word_1_157' title='bbox 505 2654 846 2713; x_wconf 89' lang='lat' dir='ltr'>Plutarchus</span> <span class='ocrx_word' id='word_1_158' title='bbox 877 2654 1029 2733; x_wconf 85' lang='lat' dir='ltr'>prid.</span> <span class='ocrx_word' id='word_1_159' title='bbox 1055 2673 1191 2712; x_wconf 91' lang='lat' dir='ltr'>non.</span> <span class='ocrx_word' id='word_1_160' title='bbox 1213 2654 1334 2732; x_wconf 89' lang='lat' dir='ltr'>jan.</span> <span class='ocrx_word' id='word_1_161' title='bbox 1357 2654 1478 2732; x_wconf 84' lang='lat' dir='ltr'>jam</span> <span class='ocrx_word' id='word_1_162' title='bbox 1514 2654 1829 2713; x_wconf 86' lang='lat' dir='ltr'>exercitum</span> <span class='ocrx_word' id='word_1_163' title='bbox 1851 2656 1910 2714; x_wconf 90' lang='lat' dir='ltr'>in</span> <span class='ocrx_word' id='word_1_164' title='bbox 1939 2657 2181 2733; x_wconf 87' lang='lat' dir='ltr'>Epirum</span> <span class='ocrx_word' id='word_1_165' title='bbox 2212 2655 2567 2734; x_wconf 86' lang='lat' dir='ltr'>deportave-</span> 
     </span>
     <span class='ocr_line' id='line_1_21' title="bbox 505 2750 2566 2831; baseline 0.001 -22"><span class='ocrx_word' id='word_1_166' title='bbox 505 2766 614 2809; x_wconf 87' lang='lat' dir='ltr'>rat.</span> <span class='ocrx_word' id='word_1_167' title='bbox 641 2752 899 2829; x_wconf 83' lang='lat' dir='ltr'>Reliquae</span> <span class='ocrx_word' id='word_1_168' title='bbox 926 2766 1116 2811; x_wconf 86' lang='lat' dir='ltr'>autem</span> <span class='ocrx_word' id='word_1_169' title='bbox 1145 2752 1405 2831; x_wconf 72' lang='lat' dir='ltr'>epistolae</span> <span class='ocrx_word' id='word_1_170' title='bbox 1435 2750 1777 2819; x_wconf 88' lang='lat' dir='ltr'>Brundisio,</span> <span class='ocrx_word' id='word_1_171' title='bbox 1803 2771 1922 2830; x_wconf 91' lang='lat' dir='ltr'>quo</span> <span class='ocrx_word' id='word_1_172' title='bbox 1942 2753 2062 2831; x_wconf 88' lang='lat' dir='ltr'>jam</span> <span class='ocrx_word' id='word_1_173' title='bbox 2097 2754 2218 2811; x_wconf 89' lang='lat' dir='ltr'>acie</span> <span class='ocrx_word' id='word_1_174' title='bbox 2247 2753 2477 2812; x_wconf 83' lang='lat' dir='ltr'>devicto</span> <span class='ocrx_word' id='word_1_175' title='bbox 2506 2765 2566 2811; x_wconf 86' lang='lat' dir='ltr'>et</span> 
     </span>
     <span class='ocr_line' id='line_1_22' title="bbox 509 2848 2565 2925; baseline 0.001 -20"><span class='ocrx_word' id='word_1_176' title='bbox 509 2848 706 2924; x_wconf 85' lang='lat' dir='ltr'>fugato</span> <span class='ocrx_word' id='word_1_177' title='bbox 747 2849 1056 2925; x_wconf 90' lang='lat' dir='ltr'>Pompei0,</span> <span class='ocrx_word' id='word_1_178' title='bbox 1098 2849 1303 2906; x_wconf 88' lang='lat' dir='ltr'>Cicero</span> <span class='ocrx_word' id='word_1_179' title='bbox 1343 2866 1402 2905; x_wconf 88' lang='lat' dir='ltr'>se</span> <span class='ocrx_word' id='word_1_180' title='bbox 1444 2848 1801 2917; x_wconf 88' lang='lat' dir='ltr'>contulerat,</span> <span class='ocrx_word' id='word_1_181' title='bbox 1840 2848 1989 2907; x_wconf 89' lang='lat' dir='ltr'>datae</span> <span class='ocrx_word' id='word_1_182' title='bbox 2017 2862 2174 2921; x_wconf 82' lang='lat' dir='ltr'>sunt,</span> <span class='ocrx_word' id='word_1_183' title='bbox 2207 2850 2318 2908; x_wconf 89' lang='lat' dir='ltr'>nisi</span> <span class='ocrx_word' id='word_1_184' title='bbox 2355 2851 2565 2921; x_wconf 82' lang='lat' dir='ltr'>fallor,</span> 
     </span>
     <span class='ocr_line' id='line_1_23' title="bbox 507 2944 2561 3026; baseline 0.001 -24"><span class='ocrx_word' id='word_1_185' title='bbox 507 2964 703 3002; x_wconf 87' lang='lat' dir='ltr'>mense</span> <span class='ocrx_word' id='word_1_186' title='bbox 734 2944 962 3003; x_wconf 85' lang='lat' dir='ltr'>octobr.</span> <span class='ocrx_word' id='word_1_187' title='bbox 1010 2950 1160 3004; x_wconf 90' lang='lat' dir='ltr'>Nam</span> <span class='ocrx_word' id='word_1_188' title='bbox 1195 2945 1266 3003; x_wconf 86' lang='lat' dir='ltr'>ad</span> <span class='ocrx_word' id='word_1_189' title='bbox 1297 2946 1626 3004; x_wconf 88' lang='lat' dir='ltr'>Terentiam</span> <span class='ocrx_word' id='word_1_190' title='bbox 1672 2945 1959 3017; x_wconf 87' lang='lat' dir='ltr'>scribens,</span> <span class='ocrx_word' id='word_1_191' title='bbox 1996 2946 2148 3005; x_wconf 87' lang='lat' dir='ltr'>libro</span> <span class='ocrx_word' id='word_1_192' title='bbox 2188 2948 2561 3026; x_wconf 84' lang='lat' dir='ltr'>epistolarum</span> 
     </span>
     <span class='ocr_line' id='line_1_24' title="bbox 507 3042 2568 3123; baseline 0 -23"><span class='ocrx_word' id='word_1_193' title='bbox 507 3042 578 3101; x_wconf 87' lang='lat' dir='ltr'>ad</span> <span class='ocrx_word' id='word_1_194' title='bbox 601 3042 818 3121; x_wconf 89' lang='lat' dir='ltr'>ipsam,</span> <span class='ocrx_word' id='word_1_195' title='bbox 845 3042 1034 3122; x_wconf 89' lang='lat' dir='ltr'>pridie</span> <span class='ocrx_word' id='word_1_196' title='bbox 1063 3062 1200 3101; x_wconf 85' lang='lat' dir='ltr'>non.</span> <span class='ocrx_word' id='word_1_197' title='bbox 1231 3063 1367 3101; x_wconf 86' lang='lat' dir='ltr'>nov.</span> <span class='ocrx_word' id='word_1_198' title='bbox 1387 3043 1601 3117; x_wconf 77' lang='lat' dir='ltr'>«Quod</span> <span class='ocrx_word' id='word_1_199' title='bbox 1630 3049 1775 3116; x_wconf 87' lang='lat' dir='ltr'>nos(</span> <span class='ocrx_word' id='word_1_200' title='bbox 1791 3044 2014 3123; x_wconf 90' lang='lat' dir='ltr'>inquit)</span> <span class='ocrx_word' id='word_1_201' title='bbox 2042 3044 2103 3102; x_wconf 90' lang='lat' dir='ltr'>in</span> <span class='ocrx_word' id='word_1_202' title='bbox 2126 3045 2349 3103; x_wconf 84' lang='lat' dir='ltr'>Italiam</span> <span class='ocrx_word' id='word_1_203' title='bbox 2378 3045 2568 3103; x_wconf 83' lang='lat' dir='ltr'>salvos</span> 
     </span>
     <span class='ocr_line' id='line_1_25' title="bbox 507 3140 2564 3217; baseline 0 -21"><span class='ocrx_word' id='word_1_204' title='bbox 507 3140 731 3199; x_wconf 83' lang='lat' dir='ltr'>venisse</span> <span class='ocrx_word' id='word_1_205' title='bbox 758 3140 1002 3217; x_wconf 87' lang='lat' dir='ltr'>gaudes,</span> <span class='ocrx_word' id='word_1_206' title='bbox 1044 3153 1198 3203; x_wconf 76' lang='lat' dir='ltr'>etc.»</span> <span class='ocrx_word' id='word_1_207' title='bbox 1226 3152 1292 3198; x_wconf 89' lang='lat' dir='ltr'>ut</span> <span class='ocrx_word' id='word_1_208' title='bbox 1337 3154 1470 3199; x_wconf 89' lang='lat' dir='ltr'>ante</span> <span class='ocrx_word' id='word_1_209' title='bbox 1505 3160 1601 3198; x_wconf 84' lang='lat' dir='ltr'>eas</span> <span class='ocrx_word' id='word_1_210' title='bbox 1644 3140 1949 3198; x_wconf 86' lang='lat' dir='ltr'>Brundisio</span> <span class='ocrx_word' id='word_1_211' title='bbox 1987 3142 2111 3199; x_wconf 81' lang='lat' dir='ltr'>aliae</span> <span class='ocrx_word' id='word_1_212' title='bbox 2153 3141 2299 3199; x_wconf 82' lang='lat' dir='ltr'>datae</span> <span class='ocrx_word' id='word_1_213' title='bbox 2330 3142 2564 3199; x_wconf 87' lang='lat' dir='ltr'>fuerint.</span> 
     </span>
     <span class='ocr_line' id='line_1_26' title="bbox 505 3236 2563 3311; baseline 0.001 -18"><span class='ocrx_word' id='word_1_214' title='bbox 505 3236 638 3295; x_wconf 78' lang='lat' dir='ltr'>Fuit</span> <span class='ocrx_word' id='word_1_215' title='bbox 666 3250 858 3295; x_wconf 88' lang='lat' dir='ltr'>autem</span> <span class='ocrx_word' id='word_1_216' title='bbox 887 3236 1180 3295; x_wconf 88' lang='lat' dir='ltr'>Brundisii</span> <span class='ocrx_word' id='word_1_217' title='bbox 1211 3256 1434 3295; x_wconf 84' lang='lat' dir='ltr'>menses</span> <span class='ocrx_word' id='word_1_218' title='bbox 1462 3238 1764 3295; x_wconf 87' lang='lat' dir='ltr'>minimum</span> <span class='ocrx_word' id='word_1_219' title='bbox 1795 3237 2065 3296; x_wconf 88' lang='lat' dir='ltr'>undecim</span> <span class='ocrx_word' id='word_1_220' title='bbox 2095 3261 2108 3295; x_wconf 91' lang='lat'>:</span> <span class='ocrx_word' id='word_1_221' title='bbox 2145 3236 2219 3296; x_wconf 87' lang='lat' dir='ltr'>ab</span> <span class='ocrx_word' id='word_1_222' title='bbox 2246 3238 2435 3311; x_wconf 78' lang='lat' dir='ltr'>exim,</span> <span class='ocrx_word' id='word_1_223' title='bbox 2463 3238 2563 3307; x_wconf 53' lang='lat' dir='ltr'>in,-</span> 
     </span>
     <span class='ocr_line' id='line_1_27' title="bbox 507 3332 2566 3412; baseline 0.001 -22"><span class='ocrx_word' id='word_1_224' title='bbox 507 3353 709 3410; x_wconf 88' lang='lat' dir='ltr'>quam,</span> <span class='ocrx_word' id='word_1_225' title='bbox 749 3332 1038 3405; x_wconf 83' lang='lat' dir='ltr'>octobris,</span> <span class='ocrx_word' id='word_1_226' title='bbox 1089 3334 1161 3392; x_wconf 88' lang='lat' dir='ltr'>ad</span> <span class='ocrx_word' id='word_1_227' title='bbox 1191 3339 1275 3394; x_wconf 86' lang='lat' dir='ltr'>VI</span> <span class='ocrx_word' id='word_1_228' title='bbox 1301 3334 1416 3392; x_wconf 86' lang='lat' dir='ltr'>kal.</span> <span class='ocrx_word' id='word_1_229' title='bbox 1448 3333 1706 3392; x_wconf 85' lang='lat' dir='ltr'>octobris</span> <span class='ocrx_word' id='word_1_230' title='bbox 1726 3376 1744 3404; x_wconf 91' lang='lat'>,</span> <span class='ocrx_word' id='word_1_231' title='bbox 1775 3336 1913 3391; x_wconf 85' lang='lat' dir='ltr'>anni</span> <span class='ocrx_word' id='word_1_232' title='bbox 1938 3335 2228 3412; x_wconf 87' lang='lat' dir='ltr'>sequentis</span> <span class='ocrx_word' id='word_1_233' title='bbox 2257 3356 2271 3390; x_wconf 95' lang='lat'><strong>:</strong></span> <span class='ocrx_word' id='word_1_234' title='bbox 2307 3345 2371 3391; x_wconf 89' lang='lat' dir='ltr'>ut</span> <span class='ocrx_word' id='word_1_235' title='bbox 2408 3347 2566 3393; x_wconf 90' lang='lat' dir='ltr'>recte</span> 
     </span>
     <span class='ocr_line' id='line_1_28' title="bbox 507 3430 2563 3510; baseline 0 -21"><span class='ocrx_word' id='word_1_236' title='bbox 507 3430 847 3489; x_wconf 81' lang='lat' dir='ltr'>subducenti</span> <span class='ocrx_word' id='word_1_237' title='bbox 874 3451 1096 3491; x_wconf 87' lang='lat' dir='ltr'>menses</span> <span class='ocrx_word' id='word_1_238' title='bbox 1123 3432 1398 3489; x_wconf 85' lang='lat' dir='ltr'>fluxerint</span> <span class='ocrx_word' id='word_1_239' title='bbox 1423 3433 1555 3509; x_wconf 88' lang='lat' dir='ltr'>plus</span> <span class='ocrx_word' id='word_1_240' title='bbox 1587 3432 1777 3490; x_wconf 88' lang='lat' dir='ltr'>minus</span> <span class='ocrx_word' id='word_1_241' title='bbox 1808 3435 1978 3507; x_wconf 75' lang='lat' dir='ltr'>XXI,</span> <span class='ocrx_word' id='word_1_242' title='bbox 1996 3452 2115 3510; x_wconf 88' lang='lat' dir='ltr'>quo</span> <span class='ocrx_word' id='word_1_243' title='bbox 2145 3444 2269 3489; x_wconf 91' lang='lat' dir='ltr'>toto</span> <span class='ocrx_word' id='word_1_244' title='bbox 2303 3444 2563 3510; x_wconf 86' lang='lat' dir='ltr'>tempore</span> 
     </span>
     <span class='ocr_line' id='line_1_29' title="bbox 507 3514 2565 3607; baseline 0.001 -21"><span class='ocrx_word' id='word_1_245' title='bbox 507 3530 699 3586; x_wconf 80' lang='lat' dir='ltr'>Caesar</span> <span class='ocrx_word' id='word_1_246' title='bbox 721 3543 779 3586; x_wconf 91' lang='lat' dir='ltr'>et</span> <span class='ocrx_word' id='word_1_247' title='bbox 805 3548 935 3586; x_wconf 89' lang='lat' dir='ltr'>cum</span> <span class='ocrx_word' id='word_1_248' title='bbox 960 3529 1240 3607; x_wconf 89' lang='lat' dir='ltr'>Pompeio</span> <span class='ocrx_word' id='word_1_249' title='bbox 1266 3530 1574 3605; x_wconf 82' lang='lat' dir='ltr'>pugnavit,</span> <span class='ocrx_word' id='word_1_250' title='bbox 1607 3529 1913 3606; x_wconf 90' lang='lat' dir='ltr'>ipsumque</span> <span class='ocrx_word' id='word_1_251' title='bbox 1944 3530 2001 3585; x_wconf 89' lang='lat' dir='ltr'>in</span> <span class='ocrx_word' id='word_1_252' title='bbox 2024 3514 2339 3605; x_wconf 82' lang='lat' dir='ltr'>AEgyptum</span> <span class='ocrx_word' id='word_1_253' title='bbox 2371 3549 2565 3607; x_wconf 85' lang='lat' dir='ltr'>perse·</span> 
     </span>
     <span class='ocr_line' id='line_1_30' title="bbox 503 3624 2563 3704; baseline 0.001 -21"><span class='ocrx_word' id='word_1_254' title='bbox 503 3638 721 3703; x_wconf 87' lang='lat' dir='ltr'>quutus</span> <span class='ocrx_word' id='word_1_255' title='bbox 750 3638 836 3683; x_wconf 83' lang='lat' dir='ltr'>est</span> <span class='ocrx_word' id='word_1_256' title='bbox 861 3647 875 3683; x_wconf 75' lang='grc' dir='ltr'><strong>ε</strong></span> <span class='ocrx_word' id='word_1_257' title='bbox 905 3638 964 3684; x_wconf 89' lang='lat' dir='ltr'>et</span> <span class='ocrx_word' id='word_1_258' title='bbox 989 3625 1204 3684; x_wconf 90' lang='lat' dir='ltr'>ibidem</span> <span class='ocrx_word' id='word_1_259' title='bbox 1234 3637 1440 3683; x_wconf 83' lang='lat' dir='ltr'>contra</span> <span class='ocrx_word' id='word_1_260' title='bbox 1466 3626 1842 3684; x_wconf 86' lang='lat' dir='ltr'>Ptolemaeum</span> <span class='ocrx_word' id='word_1_261' title='bbox 1869 3624 2088 3683; x_wconf 88' lang='lat' dir='ltr'>bellum</span> <span class='ocrx_word' id='word_1_262' title='bbox 2117 3625 2322 3701; x_wconf 81' lang='lat' dir='ltr'>gessit,</span> <span class='ocrx_word' id='word_1_263' title='bbox 2352 3626 2411 3683; x_wconf 90' lang='lat' dir='ltr'>in</span> <span class='ocrx_word' id='word_1_264' title='bbox 2444 3646 2563 3704; x_wconf 91' lang='lat' dir='ltr'>quo</span> 
     </span>
     <span class='ocr_line' id='line_1_31' title="bbox 503 3713 2566 3799; baseline 0.002 -20"><span class='ocrx_word' id='word_1_265' title='bbox 503 3740 727 3780; x_wconf 82' lang='lat' dir='ltr'>menses</span> <span class='ocrx_word' id='word_1_266' title='bbox 755 3741 968 3780; x_wconf 85' lang='lat' dir='ltr'>novem</span> <span class='ocrx_word' id='word_1_267' title='bbox 996 3713 1386 3797; x_wconf 81' lang='lat' dir='ltr'>consumpsit,</span> <span class='ocrx_word' id='word_1_268' title='bbox 1408 3734 1475 3779; x_wconf 91' lang='lat' dir='ltr'>ut</span> <span class='ocrx_word' id='word_1_269' title='bbox 1495 3722 1801 3799; x_wconf 78' lang='lat' dir='ltr'>Appianas</span> <span class='ocrx_word' id='word_1_270' title='bbox 1830 3721 1943 3779; x_wconf 86' lang='lat' dir='ltr'>ait:</span> <span class='ocrx_word' id='word_1_271' title='bbox 1973 3733 2033 3779; x_wconf 89' lang='lat' dir='ltr'>et</span> <span class='ocrx_word' id='word_1_272' title='bbox 2060 3725 2307 3781; x_wconf 88' lang='lat' dir='ltr'>Romam</span> <span class='ocrx_word' id='word_1_273' title='bbox 2336 3723 2566 3783; x_wconf 87' lang='lat' dir='ltr'>rediens</span> 
     </span>
     <span class='ocr_line' id='line_1_32' title="bbox 503 3817 2559 3901; baseline 0.002 -26"><span class='ocrx_word' id='word_1_274' title='bbox 503 3817 566 3875; x_wconf 90' lang='lat' dir='ltr'>in</span> <span class='ocrx_word' id='word_1_275' title='bbox 596 3818 800 3877; x_wconf 89' lang='lat' dir='ltr'>itinere</span> <span class='ocrx_word' id='word_1_276' title='bbox 827 3818 1183 3877; x_wconf 84' lang='lat' dir='ltr'>Pharnacem</span> <span class='ocrx_word' id='word_1_277' title='bbox 1217 3817 1454 3895; x_wconf 88' lang='lat' dir='ltr'>recepit.</span> <span class='ocrx_word' id='word_1_278' title='bbox 1491 3823 1637 3891; x_wconf 84' lang='lat' dir='ltr'>Quae</span> <span class='ocrx_word' id='word_1_279' title='bbox 1670 3836 1814 3875; x_wconf 87' lang='lat' dir='ltr'>vero</span> <span class='ocrx_word' id='word_1_280' title='bbox 1856 3817 2005 3875; x_wconf 84' lang='lat' dir='ltr'>datae</span> <span class='ocrx_word' id='word_1_281' title='bbox 2042 3830 2177 3877; x_wconf 87' lang='lat' dir='ltr'>sunt</span> <span class='ocrx_word' id='word_1_282' title='bbox 2204 3839 2274 3877; x_wconf 87' lang='lat' dir='ltr'>ex</span> <span class='ocrx_word' id='word_1_283' title='bbox 2305 3821 2419 3879; x_wconf 81' lang='lat' dir='ltr'>kal.</span> <span class='ocrx_word' id='word_1_284' title='bbox 2437 3822 2559 3901; x_wconf 90' lang='lat' dir='ltr'>jan.</span> 
     </span>
     <span class='ocr_line' id='line_1_33' title="bbox 506 3913 2566 3993; baseline 0.002 -21"><span class='ocrx_word' id='word_1_285' title='bbox 506 3933 689 3992; x_wconf 85' lang='lat' dir='ltr'>usque</span> <span class='ocrx_word' id='word_1_286' title='bbox 737 3916 848 3973; x_wconf 84' lang='lat' dir='ltr'>kal.</span> <span class='ocrx_word' id='word_1_287' title='bbox 889 3913 1168 3993; x_wconf 88' lang='lat' dir='ltr'>septemb.</span> <span class='ocrx_word' id='word_1_288' title='bbox 1206 3919 1272 3975; x_wconf 92' lang='lat' dir='ltr'>C.</span> <span class='ocrx_word' id='word_1_289' title='bbox 1311 3918 1535 3976; x_wconf 62' lang='lat' dir='ltr'>camare</span> <span class='ocrx_word' id='word_1_290' title='bbox 1580 3914 1882 3973; x_wconf 86' lang='lat' dir='ltr'>Dictatore</span> <span class='ocrx_word' id='word_1_291' title='bbox 1918 3918 2037 3987; x_wconf 89' lang='grc' dir='ltr'><strong>ΙΙΙ,</strong></span> <span class='ocrx_word' id='word_1_292' title='bbox 2087 3927 2147 3973; x_wconf 88' lang='lat' dir='ltr'>et</span> <span class='ocrx_word' id='word_1_293' title='bbox 2176 3920 2263 3975; x_wconf 89' lang='lat' dir='ltr'>M.</span> <span class='ocrx_word' id='word_1_294' title='bbox 2306 3919 2566 3977; x_wconf 80' lang='lat' dir='ltr'>Antonio</span> 
     </span>
     <span class='ocr_line' id='line_1_34' title="bbox 507 4009 2565 4091; baseline 0.001 -22"><span class='ocrx_word' id='word_1_295' title='bbox 507 4029 658 4089; x_wconf 82' lang='lat' dir='ltr'>mag.</span> <span class='ocrx_word' id='word_1_296' title='bbox 677 4030 768 4089; x_wconf 88' lang='lat' dir='ltr'>eq.</span> <span class='ocrx_word' id='word_1_297' title='bbox 788 4012 1018 4091; x_wconf 84' lang='lat' dir='ltr'>scriptae</span> <span class='ocrx_word' id='word_1_298' title='bbox 1037 4023 1190 4070; x_wconf 85' lang='lat' dir='ltr'>sunt.</span> <span class='ocrx_word' id='word_1_299' title='bbox 1221 4016 1369 4073; x_wconf 85' lang='lat' dir='ltr'>Nam</span> <span class='ocrx_word' id='word_1_300' title='bbox 1389 4054 1408 4084; x_wconf 88' lang='lat'>,</span> <span class='ocrx_word' id='word_1_301' title='bbox 1433 4025 1497 4069; x_wconf 87' lang='lat' dir='ltr'>ut</span> <span class='ocrx_word' id='word_1_302' title='bbox 1522 4009 1639 4069; x_wconf 87' lang='lat' dir='ltr'>Dio</span> <span class='ocrx_word' id='word_1_303' title='bbox 1663 4009 1897 4081; x_wconf 83' lang='lat' dir='ltr'>scribit,</span> <span class='ocrx_word' id='word_1_304' title='bbox 1925 4012 2181 4089; x_wconf 89' lang='lat' dir='ltr'>populus</span> <span class='ocrx_word' id='word_1_305' title='bbox 2201 4032 2346 4071; x_wconf 89' lang='lat' dir='ltr'>rom.</span> <span class='ocrx_word' id='word_1_306' title='bbox 2370 4013 2565 4071; x_wconf 83' lang='lat' dir='ltr'>audita</span> 
     </span>
     <span class='ocr_line' id='line_1_35' title="bbox 508 4106 2566 4189; baseline 0.001 -24"><span class='ocrx_word' id='word_1_307' title='bbox 508 4108 666 4167; x_wconf 85' lang='lat' dir='ltr'>caede</span> <span class='ocrx_word' id='word_1_308' title='bbox 704 4110 1002 4189; x_wconf 86' lang='lat' dir='ltr'>Pompeii,</span> <span class='ocrx_word' id='word_1_309' title='bbox 1058 4111 1416 4170; x_wconf 86' lang='lat' dir='ltr'>consulatum</span> <span class='ocrx_word' id='word_1_310' title='bbox 1445 4106 1670 4169; x_wconf 86' lang='lat' dir='ltr'>absenti</span> <span class='ocrx_word' id='word_1_311' title='bbox 1699 4109 1936 4181; x_wconf 85' lang='lat' dir='ltr'>Caesari,</span> <span class='ocrx_word' id='word_1_312' title='bbox 1978 4109 2037 4168; x_wconf 91' lang='lat' dir='ltr'>in</span> <span class='ocrx_word' id='word_1_313' title='bbox 2066 4128 2251 4169; x_wconf 86' lang='lat' dir='ltr'>annos</span> <span class='ocrx_word' id='word_1_314' title='bbox 2276 4110 2566 4188; x_wconf 88' lang='lat' dir='ltr'>quinque,</span> 
     </span>
    </p>
   </div>
  </div>
 </body>
</html>
