3019 4681
661 373 1179 441 EPISTOLAE
1228 376 1415 444 CIC.
1464 376 1590 442 ET
1639 374 2010 459 BRUTI,
2065 396 2168 442 12.
2345 372 2488 469 673

345 508 652 592 repente
702 518 855 565 non
912 492 1145 564 solum
1212 497 1488 593 recepit
1536 495 1880 593 reliquias
1943 494 2262 567 hostium
2291 550 2322 584 ‚.
2369 496 2496 569 sed

346 605 629 677 bellum
672 605 1109 677 acerrimum
1146 618 1335 675 terra
1370 607 1696 703 marique
1740 607 1922 703 gerit
1961 633 1978 677 ε
2018 605 2224 701 cujus
2253 608 2502 677 exitus

349 716 480 813 qui
516 714 808 785 futurus
844 718 971 802 sit,
1006 717 1363 786 incertum
1401 731 1529 787 est.
1558 722 1812 814 Itaque
1851 741 2079 815 quum
2107 742 2450 818 rogamur
2479 782 2499 815 ‚

349 841 432 896 ut
468 824 1032 897 misericordiam
1060 824 1305 897 liberis
1334 826 1489 921 ejus
1516 828 2044 924 impertiamur„
2085 827 2270 897 nihil
2292 826 2498 899 affer·

353 952 503 1025 tur,
548 960 698 1032 quo
755 936 996 1005 minus
1040 960 1321 1008 summa
1382 939 1772 1035 supplicia,
1815 939 1874 1007 si
1927 939 2182 1035 (quod
2216 939 2498 1037 Jupiter

349 1071 569 1116 omen
615 1060 885 1117 avertat
920 1043 980 1138 !)
1046 1061 1252 1144 pater
1308 1072 1709 1143 puerorum
1763 1048 2016 1119 vicerit
2047 1103 2066 1135 ,
2117 1046 2504 1121 subeunda

264 1151 267 1153 ⁷
351 1155 565 1227 nobis
594 1159 757 1225 sint.
787 1158 938 1227 Nec
970 1180 1143 1225 vero
1182 1182 1295 1226 me
1332 1156 1560 1253 fugit,
1593 1182 1812 1255 quam
1843 1158 1934 1229 sit
1962 1157 2338 1245 acerbum,
2372 1185 2500 1256 pa-

350 1266 666 1336 rentium
703 1264 971 1335 scelera
1006 1261 1322 1335 filiorum
1368 1268 1604 1366 poenis
1647 1267 1788 1355 lui;
1825 1267 1952 1338 sed
1982 1264 2122 1338 hoc
2161 1269 2500 1366 praeclare

350 1373 633 1471 legibus
676 1388 1177 1471 comparatum
1231 1390 1376 1459 est,
1421 1391 1503 1446 ut
1555 1378 1810 1448 caritas
1875 1376 2270 1449 liberorum
2321 1382 2500 1449 ami*-

348 1489 579 1559 ciores
634 1502 967 1585 parentes
1014 1484 1431 1581 reipublicae
1475 1486 1834 1558 redderet.
1891 1491 2143 1583 Itaque
2181 1488 2500 1587 Lepidus

349 1596 661 1668 crudelis
697 1599 773 1665 in
804 1592 1103 1680 liberm,
1140 1619 1291 1666 non
1320 1596 1415 1681 is,
1451 1599 1580 1692 qui
1605 1595 1960 1693 Lepidum
1991 1594 2276 1666 hostem
2299 1596 2500 1691 judi-

348 1722 481 1777 cat.
506 1712 741 1802 Atque
755 1704 873 1775 ille
891 1708 973 1789 si,
994 1706 1207 1775 armis
1248 1705 1499 1802 positis
1520 1758 1540 1792 ‚
1572 1703 1661 1776 de
1703 1708 1820 1775 vi²
1859 1705 2241 1776 damnatus
2265 1721 2450 1777 esset
2474 1763 2494 1796 ,

348 1840 501 1913 quo
542 1817 616 1884 in
647 1813 925 1909 judicio
965 1829 1159 1885 certe
1198 1814 1692 1887 defensionem
1725 1840 1876 1885 non
1921 1812 2223 1887 haberet
2252 1844 2270 1885 :
2301 1841 2497 1887 eam-

347 1926 517 1997 dem
560 1924 1034 1996 calamitatem
1098 1923 1430 1996 subirent
1486 1922 1699 1995 liberi
1738 1978 1758 2015 ,
1817 1922 2032 1995 bonis
2087 1922 2491 2023 publicatis.

350 2040 846 2132 Quamquam,
879 2034 1082 2131 quod
1124 2049 1248 2105 tua
1283 2048 1512 2105 mater
1548 2050 1619 2105 et
1649 2058 1859 2105 soror
1895 2032 2326 2133 deprecatur
2359 2061 2496 2133 pro

347 2148 630 2245 pueris,
667 2143 741 2214 id
784 2147 1025 2242 ipsum
1061 2158 1133 2215 et
1163 2145 1388 2215 multa
1417 2146 1553 2215 alia
1587 2143 1992 2215 crudeliora
2025 2141 2238 2215 nobis
2267 2148 2500 2217 omni-

346 2258 490 2328 bus
524 2254 879 2354 Lepidus',
916 2257 1311 2344 Antonius,
1349 2270 1421 2325 et
1466 2254 1732 2352 reliqui
1764 2252 2007 2323 hostes
2035 2252 2492 2325 denuntiant.

346 2375 604 2465 Itaque
645 2369 1035 2437 maximam
1070 2391 1273 2463 spem
1327 2366 1467 2436 hoc
1515 2380 1846 2462 tempore
1878 2362 2228 2434 habemus
2271 2367 2350 2434 in
2390 2381 2498 2452 te,

352 2496 576 2577 atque
632 2478 957 2548 exercitu
1015 2491 1165 2546 tuo.
1214 2481 1461 2569 Quum
1513 2474 1602 2546 ad
1643 2471 2058 2572 reipublicae
2099 2497 2494 2562 summam,

350 2603 509 2659 tum
549 2587 637 2658 ad
676 2587 978 2685 gloriam
1016 2600 1087 2656 et
1125 2585 1549 2682 dignitatem
1588 2599 1786 2656 tuam
1825 2577 2294 2656 vehementer
2329 2611 2491 2683 per-

348 2701 569 2788 tinet,
610 2710 682 2767 te
720 2697 795 2764 in
828 2694 1139 2785 Italiam,
1188 2711 1269 2766 ut
1302 2710 1467 2767 ante
1502 2696 1788 2792 scripsi,
1817 2693 2063 2765 venire
2095 2719 2314 2791 quam
2344 2700 2490 2796 pri-

349 2832 555 2878 mum
590 2833 605 2875 ε
642 2819 802 2901 eget
831 2806 1025 2875 enim
1063 2805 1533 2878 vehementer
1558 2831 1791 2904 quum
1819 2803 2090 2875 vir-ibus
2123 2809 2300 2894 tuiS‚
2335 2823 2492 2880 tum

350 2920 571 2989 etiam
616 2914 915 2985 consilio
951 2913 1379 3012 respublica.
1424 2917 1759 2986 Veterem
1783 2967 1802 3002 ,
1843 2939 1976 3010 pro
2016 2911 2173 3007 ejus
2217 2939 2384 3012 erga
2422 2932 2494 2988 te

346 3024 843 3101 benivolentia
870 3023 1360 3122 singularique
1377 3023 1619 3095 officio
1636 3079 1655 3112 ,
1671 3023 1976 3094 libenter
1996 3048 2084 3093 ex
2107 3025 2249 3094 tuis
2266 3024 2492 3098 literis

350 3135 771 3234 complexus
815 3158 974 3204 sum
1008 3160 1028 3221 ;
1064 3159 1382 3231 eumque
1424 3158 1654 3230 quum
1693 3133 1830 3218 tui,
1874 3147 2033 3202 tum
2075 3129 2488 3227 reipublicae

348 3245 948 3321 studiosissimum
982 3244 1692 3339 amantissimumque
1716 3241 2042 3338 cognovi.
2066 3242 2488 3313 Ciceronem

351 3379 601 3429 meum
643 3351 1099 3452 propediem,
1130 3366 1210 3423 ut
1240 3379 1457 3452 spero
1480 3407 1499 3440 ‚
1531 3347 1816 3422 videbo.
1856 3352 2125 3420 Tecum
2166 3351 2359 3420 enim
2402 3351 2486 3421 il-

353 3471 504 3541 lum
523 3521 544 3555 ‚
562 3479 632 3536 et
656 3459 767 3534 te³
815 3464 888 3533 in
920 3462 1194 3534 Italiam
1222 3463 1550 3535 celeriter
1569 3487 1721 3534 esse
1750 3475 2140 3532 venturum
2171 3459 2483 3532 confido.

423 3650 475 3682 ει.
512 3633 587 3679 De
608 3630 683 3678 vi.
715 3627 993 3677 PerdueIIes
1008 3662 1023 3684 ‚
1054 3627 1152 3676 hoc
1182 3640 1281 3686 eet,
1310 3627 1377 3692 ii,
1467 3627 1532 3676 de
1563 3628 1614 3674 vi
1645 3626 1850 3674 omuino
1883 3624 2238 3672 damnarentur.
2265 3611 2489 3675 Μαι-ιη’.

350 3713 439 3778 qui
476 3721 645 3758 contra
676 3724 833 3771 remp.
869 3723 1000 3754 arma
1026 3709 1377 3771 suscepissent,
1542 3707 1589 3755 3.
1609 3707 1678 3753 Et
1695 3716 1756 3752 te.
1777 3706 1888 3751 Hoc
1907 3712 1994 3750 aut
2008 3700 2204 3749 videtur
2219 3701 2490 3766 abundare,

352 3792 415 3838 de
436 3788 631 3837 duobus
653 3789 857 3836 alterum
875 3783 1087 3849 effugere
1116 3802 1219 3834 non
1240 3799 1380 3852 pote·
1466 3801 1617 3851 quum
1658 3787 1759 3846 jam
1801 3782 2005 3836 dixerit,
2055 3793 2246 3839 tecum;
2296 3795 2380 3831 aut
2422 3787 2490 3834 ita

352 3879 487 3926 rant,
512 3879 598 3928 ut,
634 3879 742 3924 aut,
780 3865 822 3912 εἰ
854 3877 1109 3929 pergerent
1138 3867 1376 3925 insanire,
1468 3863 1834 3929 configendum,
1859 3871 1918 3908 ut
1937 3860 2096 3924 legun,
2115 3876 2246 3918 osse,-
2267 3863 2491 3927 utillud,

351 3949 499 3999 armis
510 3947 650 4011 petiti
666 3946 851 3993 debitas
866 3947 1035 4009 patriae
1048 3961 1216 4009 poenns
1228 3948 1381 3995 exsol-
1468 3962 1598 4005 esse,
1641 3942 1776 4009 quod
1829 3951 1996 4006 postea
2034 3941 2275 4005 sequitur,
2325 3946 2486 3996 tolla.

353 4037 551 4084 verent3
577 4037 691 4084 aut,
722 4025 763 4072 ni
784 4039 835 4072 se
860 4024 987 4072 infra
1018 4022 1145 4072 diem
1166 4024 1381 4089 praefini-
1468 4029 1624 4074 Innx.
1667 4047 1738 4060 -—
1775 4023 1916 4069 Unus
1961 4037 1988 4068 e
2037 4022 2342 4071 Gruter-inuis
2387 4037 2492 4074 ιιοιι

356 4121 454 4156 tam
480 4105 545 4152 ad
571 4105 823 4154 sanitatem
850 4103 1163 4168 recepissent,
1190 4104 1381 4166 judicio
1468 4103 1688 4168 ugnoecit
1711 4111 1783 4164 te,
1801 4097 1886 4148 ned
1905 4099 2080 4148 retinet
2097 4099 2254 4148 solum
2278 4113 2342 4151 ee.

500 4193 628 4261 III.
666 4207 755 4253 cic.
774 4223 881 4268 pm
912 4216 1089 4268 quarm.
2216 4185 2308 4268 43
