3019 4681
427 365 948 435 EmsroLAE
995 365 1136 434 AD
1185 364 1686 451 ATTICUM‚
1724 367 1953 454 x111,
1991 367 2125 464 ⁴49.
2218 365 2363 467 369

263 487 650 583 quissimam
676 540 697 575 ,
732 510 850 558 me
879 487 1204 559 Phameae
1241 483 1550 558 defuisse
1568 539 1587 574 ‚
1626 511 1857 584 quum
1890 487 2047 583 ejus
2079 514 2367 563 causam

261 597 658 695 recepissem
695 623 712 666 ε
751 621 973 694 quam
1015 595 1312 692 quidem
1361 619 1775 693 receperam
1816 610 2068 670 contra
2102 623 2371 697 pueros

264 708 570 778 Octavios
598 711 731 778 Cn.
761 705 950 778 filios
976 729 1128 777 non
1154 704 1508 791 libenter;
1552 703 1676 775 sed
1708 720 1780 776 et
1802 706 2129 778 Phameae
2158 732 2373 780 causa

265 815 588 888 volebam.
627 821 797 887 Erat
831 820 1026 888 enim
1045 869 1066 904 ,
1103 817 1161 886 si
1200 813 1587 886 meministi
1606 869 1625 902 ‚
1664 818 1739 886 in
1779 817 2195 890 consulatus
2242 844 2369 916 pe-

267 925 492 997 titione
545 949 680 1023 per
733 940 808 997 te
863 925 1045 996 mihi
1102 925 1470 1024 pollicitus
1492 979 1514 1012 ‚
1566 924 1628 996 si
1677 926 1855 1022 quid
1903 953 2091 1026 opus
2144 944 2372 1001 esset:

269 1035 440 1132 quod
473 1059 609 1134 ego
648 1036 950 1136 perinde
991 1034 1280 1126 tuebar,
1325 1059 1408 1106 ac
1443 1033 1504 1106 si
1545 1059 1717 1107 usus
1754 1059 2005 1108 essem.
2036 1043 2107 1110 Is
2142 1039 2233 1111 ad
2260 1066 2377 1112 me

267 1149 472 1236 venit,
525 1147 854 1244 dixitque
874 1202 895 1236 ,
941 1146 1270 1242 judicem
1330 1169 1627 1245 operam
1685 1145 1857 1218 dare
1908 1146 2049 1218 sibi
2110 1152 2378 1222 consti-

269 1260 460 1330 tuisse
499 1283 588 1332 eo
634 1256 754 1329 die
793 1259 954 1357 ipso
973 1312 994 1347 ,
1043 1282 1194 1355 quo
1236 1253 1329 1327 de
1383 1257 1627 1326 Sextio
1671 1271 1925 1327 nostro
1973 1256 2133 1354 lege
2169 1263 2383 1330 Pom-

269 1370 408 1462 peia
451 1371 526 1438 in
569 1366 958 1440 consilium
1013 1368 1104 1437 iri
1166 1389 1460 1437 necesse
1521 1379 1677 1436 erat
1722 1389 1739 1434 ε
1790 1367 1928 1438 scis
1976 1370 2174 1439 enim
2228 1369 2385 1444 dies

268 1477 529 1549 illorum
551 1475 996 1574 judiciorum
1032 1476 1472 1575 praestitutos
1498 1472 1748 1546 fuisse.
1782 1477 2197 1573 Respondi,
2227 1504 2385 1570 non

270 1585 571 1682 ignorare
637 1611 804 1658 eum
827 1640 848 1675 ,
914 1585 1096 1684 quid
1165 1609 1303 1684 ego
1375 1583 1722 1656 deberem
1793 1587 2041 1658 Sextio
2082 1615 2099 1656 z
2163 1613 2387 1686 quem

270 1695 495 1780 vellet,
543 1695 768 1767 alium
808 1695 998 1768 diem
1046 1697 1104 1766 si
1150 1695 1605 1793 sumpsisset,
1641 1718 1760 1766 me
1796 1697 1862 1764 ei
1902 1714 2057 1766 non
2092 1696 2388 1770 defutu-

271 1829 432 1876 rum.
476 1810 584 1877 Ita
624 1820 782 1877 tum
827 1806 946 1876 ille
995 1803 1321 1878 discessit
1369 1805 1614 1875 iratus.
1656 1807 1840 1875 Puto
1884 1828 2001 1875 me
2045 1805 2178 1877 tibi
2218 1833 2387 1880 nar-

272 1940 458 1988 rasse.
501 1919 666 1988 Non
706 1914 1032 1988 laboravi
1069 1916 1374 2000 scilicet,
1424 1939 1561 1986 nec
1594 1914 1910 1986 hominis
1945 1915 2159 1988 alieni
2196 1917 2387 2012 inju-

273 2029 630 2098 stissimam
683 2026 1130 2098 iracundiam
1181 2024 1364 2096 mihi
1416 2023 1809 2096 curandam
1853 2026 2125 2123 putavi.
2182 2027 2389 2128 Gallo

275 2151 492 2208 autem
538 2139 866 2224 narravi,
912 2161 1150 2235 quum
1201 2135 1531 2235 proxime
1574 2137 1822 2204 Romae
1860 2132 2002 2223 fui,
2054 2136 2235 2232 quid
2270 2161 2395 2208 au·-

275 2235 505 2320 dissem
527 2299 548 2334 ,
605 2271 848 2344 neque
911 2244 1279 2317 nominavi
1332 2241 1636 2315 Balbum
1700 2247 2078 2314 minorem.
2124 2243 2395 2318 Habuit

275 2382 466 2428 suum
522 2358 902 2456 negotium
965 2357 1214 2429 Gallus
1232 2352 1290 2444 ³,
1343 2369 1431 2426 ut
1489 2354 1760 2426 scribit.
1812 2356 1932 2425 Ait
1978 2356 2221 2447 illum,
2272 2382 2389 2429 me

275 2469 472 2539 animi
510 2469 994 2558 conscientia,
1048 2465 1252 2565 quod
1295 2464 1679 2536 Phameam
1728 2462 2255 2554 destituissem‚
2300 2466 2393 2538 de

277 2604 341 2649 se
378 2582 736 2676 suspicari.
774 2582 1016 2671 Quare
1047 2575 1185 2648 tibi
1221 2576 1570 2647 hactenus
1613 2573 1922 2661 mand0,
1969 2573 2060 2643 de
2096 2574 2238 2646 illo·
2256 2600 2391 2647 no-

278 2690 465 2778 stro4,
481 2693 543 2762 si
569 2689 751 2786 quid
779 2688 1074 2787 poteris,
1093 2687 1466 2783 exquiraS,
1493 2683 1585 2755 de
1607 2708 1724 2756 me
1753 2708 1847 2755 ne
1873 2682 2053 2781 quid
2081 2684 2389 2758 labores.

279 2803 384 2870 Est
398 2800 674 2876 bellum
692 2856 712 2889 ‚
736 2800 1052 2897 aliquem
1084 2795 1398 2868 libenter
1429 2793 1693 2879 odisse,
1743 2790 2395 2890 ⁵quemadmodum

279 2935 412 2981 non
433 2912 774 2984 omnibus
800 2909 1090 2981 servire.
1124 2910 1275 2979 Etsi
1309 2904 1766 2993 mehercule,
1801 2920 1885 2975 ut
1911 2920 1993 2975 tu
2032 2905 2396 3005 intelligis,

281 3025 479 3121 magis
513 3023 699 3096 mihi
723 3024 840 3095 isti
880 3022 1243 3107 serviunt,
1299 3018 1358 3087 si
1390 3013 1775 3088 observare
1812 3016 2077 3087 servire
2113 3032 2242 3087 est.

343 3258 384 3305 3.
413 3258 600 3307 Habuit
633 3272 774 3306 snum
811 3255 1060 3322 negotium
1088 3255 1280 3303 Gallus.
1443 3253 1492 3301 5.
1521 3249 1785 3300 Addebam
1810 3261 1994 3299 veteres
2017 3251 2131 3299 edd.
2146 3264 2225 3313 ee,
2250 3270 2396 3319 quam

281 3334 374 3383 nae
398 3334 456 3385 de
471 3337 611 3385 reita
629 3336 883 3395 laboravit,
905 3346 963 3383 ut
981 3334 1134 3399 ipsius
1151 3350 1227 3382 res
1241 3334 1284 3381 si
1370 3332 1661 3397 perticulam
1705 3331 1861 3380 delere
1913 3331 2084 3380 suadet
2125 3334 2396 3387 Manutius.

283 3425 492 3475 ageretur.
525 3415 688 3463 Duxit
711 3430 852 3463 suum
893 3414 1160 3479 negotium.
1194 3414 1286 3461 Ea-
1371 3416 1548 3463 Rosius
1566 3430 1594 3461 e
1630 3428 1721 3462 suo
1758 3414 1869 3461 eod.
1906 3413 2113 3461 mutavit
2133 3415 2185 3461 in
2209 3426 2307 3474 ese,
2347 3416 2401 3465 in

284 3492 380 3541 dem
399 3494 551 3559 figura
575 3510 696 3544 usus
713 3505 787 3541 est
810 3493 955 3558 epist.
985 3509 1069 3542 υ.
1105 3493 1255 3541 Mau.
1373 3509 1474 3557 quo
1516 3493 1729 3556 aliquam
1764 3492 2014 3556 emphasin
2058 3492 2213 3553 videt,
2254 3510 2403 3558 quam

345 3574 390 3630 4.
423 3576 492 3621 De
525 3574 612 3623 illo
651 3584 839 3622 nostro.
863 3573 926 3635 Q.
951 3572 1110 3621 fratris
1132 3570 1288 3619 filium
1373 3576 1566 3622 Ernest.
1590 3588 1693 3619 non
1718 3572 1952 3635 agnoscit.
1972 3572 2195 3623 Lambin.
2222 3585 2403 3636 autem,
2430 3592 2433 3595 ·

283 3650 344 3698 εἷο
360 3640 454 3712 jani
480 3654 752 3718 designavit
777 3662 934 3700 antea.
958 3653 1070 3699 Hoc
1105 3662 1285 3707 uuum,
1375 3668 1438 3700 ex
1455 3651 1596 3714 epist.
1622 3650 1683 3697 ad
1719 3650 1837 3699 Div.
1857 3652 1979 3708 vn,
2016 3657 2105 3709 24,
2134 3652 2405 3717 suspicatur

283 3728 450 3793 inquit,
475 3732 567 3781 tihi
605 3732 810 3791 mando,
855 3742 912 3780 ut
946 3730 1203 3795 exquiras,
1241 3738 1290 3777 et
1377 3732 1458 3779 hie
1481 3728 1703 3776 lacunam
1720 3746 1822 3777 esse
1842 3727 2147 3779 libi-afiorum
2160 3732 2303 3796 culpa
2318 3750 2403 3781 ne·-

286 3822 559 3871 eoguoseere
585 3814 720 3859 omni
745 3810 897 3859 modo
915 3822 1101 3873 satagas
1115 3842 1130 3867 ,
1169 3808 1290 3872 quid
1377 3822 1479 3859 tam
1499 3822 1645 3870 quam
1672 3808 1743 3855 sio
1765 3808 1959 3871 explere
1983 3820 2135 3857 tentat
2150 3812 2270 3876 ipsis
2287 3814 2409 3861 Tul-

287 3890 442 3939 sentiat
459 3890 652 3939 dicatve
672 3890 733 3938 de
749 3900 920 3939 nostro
937 3890 1022 3937 ino
1037 3890 1233 3950 juvene.
1250 3888 1293 3935 A
1379 3888 1434 3935 lii
1457 3887 1617 3934 verbIs
1631 3885 1693 3932 de
1712 3885 1886 3934 eodem
1904 3890 2101 3952 negotio
2112 3910 2161 3946 ‚a
2174 3902 2223 3939 et
2240 3908 2411 3955 qnem-
2430 3928 2443 3951 ,

289 3980 376 4028 quo
394 3980 552 4016 autem
578 3970 908 4033 στεφάναι-ΡΑ
933 3968 1167 4031 Tigellio,
1187 3966 1298 4028 qui·
1383 3966 1647 4014 admodum
1680 3980 1783 4012 non
1812 3966 2039 4015 omuibus
2064 3968 2300 4029 dormire,
2344 3973 2409 4018 iu

291 4060 388 4093 mm
410 4059 604 4097 acturus
629 4062 732 4096 erat
769 4049 988 4107 Atticus,
1011 4057 1066 4095 ut
1099 4054 1298 4109 apparet
1386 4060 1488 4092 non
1512 4044 1739 4091 omnibus
1772 4046 1951 4093 servire
1962 4070 2005 4094 n.
2028 4050 2169 4095 Hane
2188 4050 2413 4097 emendu-

291 4128 568 4190 aepistola,
590 4144 702 4190 quae
720 4126 850 4175 hanc
867 4126 1102 4190 sequitur.
1121 4126 1300 4175 Mona.
1393 4123 1581 4173 tionem
1606 4124 1791 4190 recepit
1818 4125 1930 4173 seh.
1956 4126 1989 4173 J
1994 4162 2008 4175 .
2030 4130 2092 4174 V.
2114 4129 2167 4173 Ι..

419 4216 544 4286 111.
581 4230 673 4278 cie.
690 4246 801 4292 pm
834 4224 1013 4291 quana.
1787 4242 1795 4247 .
2144 4212 2238 4295 24
