3019 4681
14 566 37 943 muru-cu

589 389 1104 460 EPISToLAE
1153 390 1292 457 AD
1342 388 1430 476 Q.
1473 388 2126 476 FRATREM‚11,
2191 412 2293 457 ια.
2380 386 2513 457 6οι

397 509 790 609 ignobilem
805 532 1042 605 regem
1059 534 1076 577 ε
1095 506 1364 604 quibus
1382 522 1577 578 totus
1591 521 1699 579 est
1714 509 2251 606 explosus.Quo
2266 532 2531 605 genere

398 633 804 691 commotus
845 618 978 713 (ut
1021 616 1170 689 dixi
1199 618 1226 713 )
1257 618 1534 715 Appius
1559 670 1578 703 ,
1614 631 1849 688 totum
1886 643 2004 690 me
2056 618 2523 717 amplexatur.

394 727 589 800 Nihil
625 742 732 799 est
767 728 963 799 enim
1000 724 1316 815 facilius»,
1352 751 1575 822 quam
1612 726 1890 825 reliqua
1928 724 2345 800 discutere⁸.
2386 724 2525 797 Sed

395 860 544 907 non
597 835 846 909 faciam
875 892 894 925 ,
944 850 1024 907 ut
1075 836 1279 907 illum
1325 834 1726 925 offendam,
1773 862 1867 909 ne
1920 841 2262 936 imploret
2307 836 2529 909 fidem

392 948 584 1019 Jovis
611 946 1003 1045 Hospitalis
1029 956 1061 1003 9
1084 1000 1104 1033 ,
1155 948 1410 1021 Graios
1447 971 1703 1019 omnes
1740 963 2131 1037 convocet,
2175 974 2307 1047 per
2342 972 2531 1046 quos

395 1082 680 1129 mecum
719 1062 793 1128 in
831 1059 1130 1155 gratiam
1177 1056 1412 1129 rediit.
1467 1056 1949 1156 Theopompo
1996 1058 2529 1155 satisfaciemus.

395 1171 504 1240 De
552 1172 829 1239 Caesare
874 1166 1158 1263 fugerat
1207 1191 1324 1237 me
1376 1165 1468 1238 ad
1512 1181 1585 1239 te
1626 1168 1957 1241 scribere.
2018 1170 2249 1241 Video
2300 1170 2532 1256 enim,

323 1265 334 1275 ⁸
396 1302 578 1373 quas
603 1292 686 1349 tu
719 1278 960 1348 literas
987 1276 1444 1373 exspectaris.
1467 1274 1609 1347 Sed
1638 1276 1756 1348 ille
1784 1280 2069 1375 scripsit
2084 1276 2175 1349 ad
2196 1277 2535 1365 Balbum,

397 1384 818 1457 fasciculum
851 1384 1064 1455 illum
1101 1384 1569 1481 epistolarum
1592 1438 1611 1471 ,
1648 1387 1721 1456 in
1762 1412 1915 1483 quo
1950 1387 2184 1459 fuerat
2226 1402 2300 1459 et
2334 1412 2535 1474 mea,

397 1509 470 1566 et
515 1494 762 1585 Balbi,
807 1508 1042 1565 totum
1079 1492 1217 1565 sibi
1259 1516 1446 1588 aqua
1488 1492 1859 1565 madidum
1914 1496 2281 1568 redditum
2319 1521 2471 1568 esse
2510 1523 2527 1565 :

395 1620 480 1675 ut
516 1631 608 1677 ne
653 1603 833 1676 illud
870 1603 1172 1701 quidem
1205 1604 1424 1690 sciat,
1469 1626 1706 1674 meam
1755 1604 1975 1677 fuisse
2020 1606 2335 1702 aliquam
2379 1608 2533 1703 epi-

394 1716 672 1786 stolam.
697 1715 837 1788 Sed
865 1740 950 1785 ex
979 1712 1178 1785 Balbi
1208 1712 1515 1811 epistola
1542 1737 1769 1810 pauca
1798 1713 2015 1788 verba
2040 1714 2492 1787 intellexerat
2514 1769 2534 1803 ,

394 1824 486 1895 ad
527 1850 687 1923 quae
729 1824 1091 1922 rescripsit
1127 1822 1240 1894 his
1287 1820 1573 1894 verbis:
1618 1852 1653 1888 c<
1678 1827 1788 1896 De
1822 1825 2171 1897 Cicerone
2214 1824 2423 1897 video
2463 1839 2536 1895 te
2612 1872 2630 1884 -

395 1934 742 2033 quiddam
801 1935 1202 2032 scripsisse,
1270 1932 1472 2029 quod
1512 1956 1647 2029 ego
1691 1958 1842 2004 non
1877 1934 2244 2023 intellexi3
2301 1959 2534 2032 quan-

395 2058 552 2115 tum
603 2059 844 2116 autem
911 2043 1326 2137 conjectura
1376 2042 1915 2140 consequebar‚
1972 2044 2045 2116 id
2086 2060 2237 2117 erat
2277 2042 2565 2142 hujus-'

395 2152 639 2241 modi,
686 2168 770 2224 ut
803 2155 1032 2249 magis
1073 2151 1474 2251 optandum
1497 2206 1517 2239 ,
1564 2178 1785 2250 quam
1833 2153 2271 2253 sperandum
2322 2171 2535 2253 puta·

392 2288 574 2335 rem.
607 2294 640 2329 n
692 2268 948 2361 Itaque
1005 2277 1258 2362 postea
1318 2262 1481 2333 misi
1540 2261 1634 2335 ad
1690 2268 2039 2335 Caesarem
2102 2264 2361 2337 eodem
2408 2265 2535 2335 illo

393 2375 730 2473 exemplo
775 2375 1036 2446 literas.
1083 2379 1340 2445 Jocum
1392 2389 1635 2445 autem
1689 2373 1881 2446 illius
1922 2374 2013 2446 de
2054 2399 2182 2447 sua
2224 2389 2535 2473 egestate

393 2511 486 2558 ne
522 2490 616 2558 sis
642 2499 1081 2585 aspernatus
1119 2483 1228 2556 Ad
1271 2507 1494 2580 quem
1524 2508 1658 2580 ego
1686 2486 2061 2584 rescripsi,
2116 2486 2297 2557 nihil
2346 2487 2537 2573 esse,

391 2594 599 2695 quod
625 2596 928 2695 posthac
957 2619 1136 2667 arcae
1159 2609 1418 2666 nostrae
1435 2605 1496 2638 ¹⁰
1524 2593 1789 2667 fiducia
1814 2596 2325 2683 conturbaret3
2368 2597 2537 2669 lusi-

391 2733 538 2804 que
591 2710 666 2778 in
720 2709 808 2778 eo
857 2731 1126 2804 genere
1173 2719 1244 2776 et
1295 2703 1734 2778 familiariter
1754 2761 1775 2794 ,
1827 2721 1899 2778 et
1948 2733 2115 2778 cum
2169 2707 2535 2806 dignitate.

389 2823 624 2887 Amor
653 2832 896 2888 autem
937 2817 1094 2912 ejus
1133 2840 1301 2914 erga
1337 2839 1473 2887 nos
1505 2814 1870 2914 perfertur
1902 2820 2235 2890 omnium
2262 2820 2534 2890 nuntiis

393 2926 789 3023 singularis.
841 2930 930 2996 Et
983 2927 1206 2996 literae
1250 2913 1551 3022 quidem
1592 2925 1683 2997 ad
1724 2926 1840 3013 id,
1884 2929 2085 3026 quod
2128 2944 2533 3027 exspectas,

393 3033 542 3106 fere
581 3059 748 3106 cum
795 3047 926 3104 tuo
961 3035 1204 3106 reditu
1259 3037 1705 3132 jungentur3
1762 3039 2041 3136 reliqua
2082 3038 2535 3136 singulorum

393 3143 674 3214 dierum
711 3141 1106 3214 scribemus
1146 3143 1236 3216 ad
1278 3158 1385 3233 te,
1438 3146 1499 3214 si
1536 3145 1763 3217 modo
1790 3148 2199 3220 tabellarios
2234 3164 2315 3218 tu
2354 3171 2533 3244 prae-

393 3253 623 3326 bebis.
681 3257 1140 3351 Quamquam
1197 3254 1551 3349 ejusmodi
1604 3254 1833 3354 frigus
1887 3255 2392 3355 impendebat,
2447 3268 2533 3326 ut

391 3499 580 3547 honore
610 3482 848 3562 impertiri
865 3533 881 3558 ,
917 3497 1004 3561 qui
1044 3497 1413 3560 magistratuum

393 3591 702 3625 romanorum
753 3579 980 3642 proprius
1036 3593 1140 3625 esee
1195 3575 1408 3626 deberet.

391 3659 536 3705 Mn«.
560 3682 630 3692 -
650 3657 778 3705 Mine
805 3657 960 3705 variat
987 3671 1168 3704 nomen
1200 3655 1334 3705 istud
1358 3656 1411 3704 iu

391 3737 518 3785 MSS
549 3737 742 3786 nostris.
771 3735 898 3782 Nam
929 3735 1030 3784 Pal.
1057 3751 1132 3800 pr.
1170 3737 1301 3800 «qui
1324 3737 1412 3784 vix

391 3816 615 3864 Rhenum
634 3838 677 3863 a.
726 3819 837 3865 Sec.
893 3839 920 3860 α
943 3817 1030 3881 qui
1077 3819 1351 3865 Buscenum
1371 3839 1411 3866 a.

392 3895 527 3942 Tert.
561 3915 584 3936 α
603 3891 901 3944 Busthenum
915 3917 955 3943 υ.
992 3897 1166 3959 Quart.
1200 3897 1416 3944 «Burre-

393 3987 510 4020 num
527 3993 569 4020 n.
595 3975 764 4022 Gurr.

465 4053 514 4100 8.
537 4053 743 4118 Reliqua
767 4053 1020 4104 discutere.
1043 4057 1115 4104 Ite
1141 4065 1310 4103 contra
1339 4069 1414 4102 re-

393 4129 551 4196 liques
611 4132 878 4201 legationes
930 4135 1091 4184 dicere
1110 4169 1126 4195 ,
1179 4133 1326 4184 nihil·
1359 4145 1414 4184 ut

1501 3499 1705 3547 omnino
1731 3515 1758 3547 ι
1786 3509 1958 3547 senatu
1984 3499 2254 3547 obtineant.
2298 3497 2449 3561 Quod
2484 3499 2525 3547 οἱ

1499 3573 1617 3634 flat,
1650 3578 1886 3643 eripietur
1905 3580 2073 3642 Appio
2102 3577 2307 3641 pecunia
2326 3611 2342 3634 ,
2376 3593 2521 3640 quam

1499 3656 1769 3720 cupiditate
1782 3657 1882 3718 jam
1906 3673 1963 3705 ac
1980 3673 2065 3721 spe
2090 3657 2356 3705 devoravit.
2374 3657 2521 3706 Mu.

1571 3753 1620 3799 9.
1649 3735 1777 3784 lovis
1806 3735 2095 3800 Hospitalis.
2128 3737 2321 3798 Quum,
2344 3735 2521 3800 hospi-

1503 3815 1634 3864 tibus
1654 3817 1799 3877 meis,
1827 3816 1997 3879 graecia
2014 3813 2297 3863 hominibus
2313 3815 2524 3863 interce-

1503 3893 1755 3954 dentibus,
1776 3895 1827 3942 in
1855 3893 2055 3957 gratiam
2074 3907 2188 3940 eum
2204 3907 2265 3940 eo
2283 3892 2523 3944 redierim.

1502 3974 1655 4021 Iunc.

1581 4068 1661 4102 xo.
1695 4055 1839 4100 Arcoe
1879 4063 2074 4100 ποεῖν-ω.
2109 4053 2263 4100 ,10οω
2294 4051 2412 4112 joco
2448 4067 2524 4098 re·

1502 4132 1645 4183 latus.
1675 4133 1726 4182 Si
1761 4143 1841 4196 tu,
1887 4131 2079 4198 inquit,
2118 4147 2263 4197 egen
2296 4147 2389 4181 nos
2423 4142 2525 4179 nou
