3019 4681
501 428 1066 511 EPIST‘OLAE
1114 445 1262 512 AD
1310 444 2004 536 ATTICUM,XI,
2053 473 2160 521 ιι.
2289 478 2420 550 197

291 560 406 633 sed
430 565 635 661 priu's
659 619 680 653 ,
713 588 943 662 quam
975 563 1051 635 id
1083 565 1342 637 scirem
1363 621 1382 655 ,
1427 567 1608 638 nihil
1658 593 1819 640 sum
1860 595 2076 642 ausus
2116 598 2421 649 sumere.

291 675 420 762 Qui
463 675 554 744 sit
589 675 934 745 omnium
973 699 1212 746 rerum
1251 690 1478 748 status
1512 693 1783 766 noster,
1820 679 2040 751 vides.
2086 682 2285 754 Nihil
2320 700 2429 758 est

293 784 470 869 mali,
497 785 708 882 quod
747 809 905 856 non
944 798 1016 857 et
1056 784 1482 875 sustineam,
1526 802 1598 858 et
1632 804 2060 886 exspectem.
2096 794 2425 881 Quarum

291 918 520 964 rerum
562 919 655 966 eo
699 895 990 992 gravior
1017 909 1127 965 est
1154 892 1388 985 dolor,
1414 921 1566 994 quo
1602 897 1814 996 culpa
1850 899 2103 994 major.
2134 900 2263 972 Ille
2285 899 2317 957 ⁴
2348 903 2423 972 in

293 1003 540 1075 Achaia
575 1030 734 1076 non
783 1019 1014 1076 cessat
1054 1005 1143 1076 de
1177 1003 1390 1076 nobis
1417 1005 1815 1080 detrahere.
1856 1010 2052 1081 Nihil
2091 1011 2427 1085 videlicet

297 1127 420 1182 tuae
445 1113 670 1186 literae
699 1110 1192 1211 profecerunt.
1220 1115 1416 1187 Vale.
1451 1141 1580 1190 vm
1612 1117 1709 1189 id.
1742 1134 1949 1192 mart.

361 1295 408 1342 42
430 1288 532 1335 me.
561 1290 628 1352 Q.
656 1287 834 1349 frater,
861 1288 949 1352 qui
974 1288 1206 1353 epistolas
1227 1289 1488 1354 probrosas
1519 1287 1579 1336 de
1606 1288 1844 1336 Cicerone
1869 1288 2124 1338 scribebat.
2151 1292 2242 1338 En.

1739 1466 2416 1492 mmm

917 1649 1529 1729 EPISTOLA
1600 1649 1798 1726 XII.

303 1830 378 1885 De
403 1829 571 1889 literis
599 1831 676 1890 ad
703 1835 993 1892 Caesarem
1017 1833 1277 1912 scriptis3
1305 1833 1380 1890 de
1406 1844 1561 1890 statu
1582 1851 1781 1890 rerum
1806 1832 1869 1889 in
1898 1831 2126 1904 Africa3
2146 1830 2219 1888 de
2242 1832 2423 1922 literis

371 1945 465 1982 suo
490 1929 714 1986 nomini
747 1927 826 1986 ad
855 1929 997 1987 alios
1022 1929 1098 1988 ab
1131 1930 1328 1990 Attico
1357 1927 1706 2001 scribendis3
1741 1928 1815 1987 de
1838 1928 2111 1990 Galeonis
2134 1927 2419 1986 tarditate.

373 2023 686 2100 (Brundisii
709 2067 728 2096 ‚
757 2045 912 2084 anno
944 2031 1019 2086 U.
1040 2029 1104 2086 C.
1126 2025 1278 2102 706,
1309 2044 1505 2084 mense
1531 2026 1789 2098 martin.)

950 2221 1267 2286 CICERO
1313 2223 1627 2287 ATTICO
1672 2221 1739 2287 S.

391 2376 572 2447 cern
582 2402 750 2448 Amo
773 2378 952 2449 mihi
989 2403 1031 2449 a
1056 2394 1128 2451 te
1156 2379 1401 2452 literas
1425 2378 1741 2451 reddidit
1763 2404 1825 2450 a.
1858 2378 1927 2450 d.
1960 2404 2064 2451 nx
2086 2379 2182 2449 id.
2212 2392 2421 2449 mart.

312 2504 596 2581 vespere.
657 2492 772 2558 Eo
829 2503 1072 2559 autem
1138 2488 1254 2559 die
1314 2513 1525 2560 mane
1588 2488 1993 2561 tabellarios
2045 2490 2377 2559 miseram
2407 2541 2427 2574 ,

311 2592 552 2687 quibus
601 2597 698 2668 ad
757 2610 830 2669 te
882 2597 1218 2670 dederam
1274 2598 1533 2671 literas.
1586 2600 1756 2669 Tuis
1816 2614 2059 2670 tamen
2109 2597 2309 2668 lectis
2349 2596 2429 2666 li-

314 2705 460 2775 teris
483 2760 502 2795 ,
561 2711 817 2805 putavi
881 2708 1154 2805 aliquid
1218 2705 1762 2779 rescribendum
1822 2730 1975 2779 esse
2004 2733 2023 2793 ;
2074 2706 2383 2777 maxime
2404 2760 2424 2791 ,

315 2814 489 2906 quod
516 2817 840 2889 ostendis
861 2873 881 2906 ,
916 2832 990 2887 te
1015 2815 1335 2914 pendere
1363 2818 1628 2905 animi,
1656 2841 2044 2914 quamnam
2071 2817 2425 2886 rationem

317 2922 428 2991 sim
465 2928 716 2998 Caesari
756 2926 1100 2997 allaturus
1137 2924 1605 3023 profectionis
1636 2950 1811 2997 meae
1840 2940 2032 3012 tum,
2074 2948 2305 3021 quum
2336 2947 2425 2993 ex

315 3031 490 3104 Italia
533 3034 1010 3107 discesserim.
1058 3035 1256 3105 Nihil
1303 3059 1491 3133 opus
1534 3050 1640 3106 est
1680 3034 1858 3129 mihi
1898 3058 2087 3105 nova
2121 3035 2421 3103 ratione.

319 3142 492 3239 Saepe
525 3147 726 3216 enim
764 3142 857 3215 ad
893 3168 1060 3215 eum
1104 3144 1388 3242 scripsi,
1433 3144 1829 3241 multisque
1863 3142 2232 3230 mandavi,
2272 3165 2425 3211 non

321 3254 608 3343 potuisse
625 3311 646 3343 ,
675 3279 906 3352 quum
930 3257 1287 3353 cupissem
1314 3266 1362 3340 ¹,
1393 3278 1767 3326 sermones
1803 3253 2187 3326 hominum
2212 3251 2424 3321 susti·

323 3383 502 3450 nere,
545 3366 926 3462 multaque
963 3367 1041 3436 in
1085 3390 1242 3435 eam
1285 3368 1743 3437 sententiam.
1780 3364 1977 3437 Nihil
2016 3366 2211 3434 enim
2242 3374 2426 3448 erat,

325 3471 494 3563 quod
537 3479 783 3546 minus
823 3499 990 3545 eum
1025 3474 1282 3546 vellem
1325 3476 1773 3562 existimare,
1820 3498 2039 3571 quam
2073 3496 2191 3542 me
2227 3483 2428 3549 tanta

325 3575 398 3649 de
443 3607 517 3655 re
563 3611 716 3657 non
767 3610 934 3656 meo
991 3584 1295 3657 consilio
1345 3610 1563 3657 usum
1614 3612 1787 3657 esse.
1844 3589 2139 3671 Postea,
2194 3604 2428 3679 quum

327 3688 476 3761 mihi
509 3693 724 3767 literae
775 3719 817 3765 a
863 3694 1088 3766 Balbo
1143 3697 1482 3767 Cornelio
1536 3698 1820 3765 minore
1868 3696 2099 3763 missae
2148 3706 2427 3779 essent,

331 3795 502 3869 illum
530 3804 964 3891 existimare,
994 3804 1351 3894 Quintum
1387 3805 1683 3877 fratrem
1716 3805 1977 3875 lituum
1995 3812 2025 3845 ²
2064 3828 2238 3874 meae
2265 3825 2429 3900 pro-

333 3902 622 3985 fectionis
669 3912 932 3999 fuisse3
979 3917 1080 3985 ita
1137 3916 1328 3985 enim
1379 3917 1666 4015 scripsit
1700 3940 1715 3982 :
1757 3917 1882 4012 qui
1935 3911 2265 3985 nondum
2302 3936 2426 3983 co-

395 4114 430 4146 1.
455 4102 528 4152 Al.
552 4106 830 4171 cupiit-cem.
855 4106 906 4153 J.
922 4106 987 4154 V.
1011 4106 1066 4152 L.
1407 4108 1474 4157 rit
1489 4107 1718 4166 illiciam,
1744 4123 1843 4171 quo
1862 4106 2013 4155 verbo
2034 4118 2149 4154 usus
2170 4112 2243 4151 ost
2254 4104 2429 4159 Varro,

392 4190 432 4223 2·
449 4180 572 4231 fulv.
588 4186 802 4237 Ursinus
817 4185 876 4233 in
892 4194 1006 4234 vett.
1029 4184 1164 4235 libris
1183 4202 1318 4253 repe-
1405 4187 1467 4235 de
1483 4190 1546 4237 R.
1572 4190 1633 4238 R.
1660 4188 1735 4237 111
1752 4220 1771 4251 ,
1798 4204 1840 4235 c.
1866 4187 1945 4237 ιδ.
1962 4186 2057 4235 En.
