3019 4681
545 332 683 417 560
1189 336 1286 415 Μ.
1336 346 1416 415 Τ.
1467 338 2023 417 CICERONIS

636 472 846 541 Nunc
879 490 964 539 ea
1003 488 1360 563 cognosce
1383 521 1404 556 ‚
1445 490 1609 565 quoe
1650 467 1965 537 maxime
2004 483 2323 567 exoptas.
2362 472 2675 571 Rempu·

537 578 802 652 blicam
833 577 1158 651 funditus
1191 578 1559 649 amisimus
1588 593 1608 647 ἐ
1657 574 1835 648 adeo
1869 592 1956 647 ut
1998 580 2179 649 Cato
2198 632 2219 667 ‚
2256 577 2673 655 adolescens

535 688 806 761 nullius
847 686 1168 775 consilii,
1209 684 1338 759 sed
1379 701 1623 757 tamen
1654 689 1831 757 civis
1866 710 2248 771 romanus,
2282 705 2357 761 et
2386 688 2673 778 Cato³⁵‚

535 801 657 869 vix
683 800 886 869 vivus
915 795 1266 893 effugeret
1285 790 1394 884 ³⁶3
1430 795 1631 894 quod
1652 849 1673 884 ,
1710 819 1940 892 quum
1974 794 2363 869 Gabinium
2402 798 2495 872 ‹le
2522 824 2671 871 am·

533 911 698 983 bitu
745 908 960 981 vellet
1005 907 1372 1006 postulare
1392 961 1412 991 ‚
1460 930 1706 1004 neque
1768 921 2111 1003 praetores
2160 906 2421 981 diebus
2438 907 2503 967 ³⁷
2544 912 2670 983 ali-

535 1037 721 1120 quot
761 1021 940 1093 adiri
977 1033 1311 1117 possent,
1350 1017 1464 1089 vel
1507 1021 1939 1115 potestatem
1956 1012 2023 1061 ³⁸
2066 1020 2179 1091 sui
2211 1016 2568 1109 facerent,
2594 1024 2671 1092 in

437 1200 460 1217 χ
534 1134 962 1204 concionem
993 1126 1366 1199 adscendit
1392 1180 1412 1215 ‚
1449 1141 1530 1199 et
1562 1129 1989 1225 Pompeium
2010 1131 2329 1227 privatus
2350 1130 2419 1189 ³⁹
2442 1132 2673 1205 dicta·

533 1257 764 1313 torem
803 1238 1210 1336 appellavit.
1258 1240 1569 1335 Propius
1604 1236 1787 1309 nihil
1820 1252 1931 1309 est
1962 1236 2235 1311 factum
2256 1295 2278 1328 ,
2318 1266 2547 1338 quam
2588 1258 2671 1315 ut

533 1350 1000 1425 occideretur.
1035 1352 1141 1419 Ex
1169 1346 1313 1419 hoc
1334 1402 1355 1437 ‚
1397 1349 1527 1445 qui
1558 1347 1649 1418 sit
1684 1362 1913 1421 status
1948 1351 2175 1421 totius
2208 1351 2663 1449 reipublicae,

529 1460 777 1534 videre
809 1474 1040 1559 potes.
1084 1461 1358 1529 Nostrae
1399 1472 1645 1529 tamen
1680 1480 1912 1529 causae
1952 1483 2107 1531 non
2147 1460 2491 1533 videntur
2533 1462 2666 1533 ho-

529 1575 766 1645 mines
801 1568 1142 1644 defuturi.
1172 1566 1587 1640 Mirandum
1612 1570 1689 1639 in
1726 1566 2028 1640 modum
2055 1568 2518 1667 profitentur,
2552 1571 2663 1645 of-

531 1681 778 1756 ferunt
821 1705 897 1753 se
924 1734 945 1769 ‚
1001 1678 1493 1778 pollicentur:
1554 1692 1631 1749 et
1682 1676 1980 1775 quidem
2040 1703 2268 1775 quum
2322 1706 2453 1779 spe
2508 1706 2665 1754 sum

530 1796 844 1865 maxima
868 1846 889 1880 ‚
951 1803 1108 1862 tum
1167 1789 1442 1885 majore
1496 1789 1711 1860 etiam
1772 1793 2041 1861 animo.
2092 1792 2319 1889 Spero
2332 1795 2400 1844 ⁴⁰
2448 1818 2664 1893 supe-

530 1904 762 1974 riores
797 1900 952 1972 sore
985 1923 1159 1987 nos;
1211 1896 1506 1971 confido
1550 1899 1833 1987 anim0,
1872 1912 1957 1971 ut
1992 1900 2068 1971 in
2114 1900 2249 1972 hac
2292 1889 2667 2000 republica

529 2038 627 2085 ne
659 2036 907 2083 casum
949 2007 1246 2109 quidem
1283 2008 1511 2083 ullum
1545 2010 2084 2107 pertimescam:
2124 2009 2251 2084 sed
2280 2024 2525 2084 tamen
2552 2038 2667 2086 res

531 2126 633 2195 sic
663 2149 742 2195 se
777 2120 1016 2193 habet.
1056 2123 1130 2192 Si
1153 2118 1344 2191 diem
1375 2118 1591 2191 nobis
1626 2118 1923 2192 Clodius
1960 2119 2250 2209 dixerit,
2288 2137 2441 2194 tota
2466 2124 2671 2195 Italia

529 2246 950 2321 concurret,
987 2244 1070 2303 ut
1106 2230 1583 2329 multiplicata
1618 2228 1848 2327 gloria
1880 2229 2363 2320 discedamus3
2402 2234 2516 2304 sin
2547 2258 2667 2305 au-

528 2360 676 2415 tem
713 2346 786 2412 vi
818 2367 1026 2440 agere
1053 2338 1461 2427 conabitur,
1495 2363 1708 2438 spero
1737 2338 1931 2430 fore,
1966 2338 2223 2414 studiis
2248 2367 2401 2413 non
2428 2342 2669 2414 solum

529 2454 926 2524 amicorum
953 2507 974 2542 ‚
1020 2450 1147 2524 sed
1203 2452 1420 2523 etiam
1469 2451 1873 2523 alienorum
1892 2503 1912 2536 ‚
1964 2465 2075 2523 ut·
2099 2454 2171 2522 vi
2227 2452 2664 2525 resistamus.

527 2567 800 2636 Omnes
835 2577 908 2634 et
935 2585 1012 2633 se
1031 2615 1052 2650 ,
1079 2575 1154 2632 et
1185 2581 1356 2632 suos
1393 2559 1694 2649 liberos,
1732 2562 2002 2632 amicos
2021 2615 2041 2649 ,
2070 2560 2405 2647 clientes,
2438 2561 2665 2636 liber·

527 2690 679 2761 tos,
707 2697 950 2744 servos
971 2726 990 2761 ,
1015 2671 1358 2770 pecunias
1377 2667 1695 2766 denique
1714 2691 1878 2742 suas
1906 2669 2368 2768 pollicentur.
2396 2673 2671 2744 Nostra

529 2786 826 2881 antiqua
875 2805 1132 2854 manus
1183 2780 1553 2852 bonorum
1614 2779 1819 2852 ardet
1876 2778 2119 2851 studio
2170 2783 2403 2852 nostri
2444 2796 2669 2880 atque

527 2918 797 2967 amore.
841 2894 914 2963 Si
950 2893 1078 2990 qui
1122 2905 1334 2962 antea
1381 2905 1511 2962 aut
1552 2889 1933 2968 alieniores
1976 2885 2302 2978 fuerant,
2341 2906 2470 2964 aut
2512 2893 2667 2964 lan-

526 3003 892 3104 guidiores
917 3007 944 3091 ,’
990 3025 1187 3072 nunc
1240 3000 1501 3072 horum
1562 3020 1815 3098 regum
1876 2999 2048 3071 odio
2100 3025 2181 3074 se
2235 3024 2403 3072 cum
2447 2999 2669 3076 bonis

523 3115 1000 3213 conjungunt.
1053 3111 1434 3210 Pompeius
1487 3111 1731 3180 omnia
1782 3109 2207 3207 pollicetur,
2270 3125 2344 3180 et
2384 3113 2665 3200 Caesar3

527 3226 797 3326 quibus
840 3250 976 3323 ego
1014 3225 1113 3294 ita
1157 3219 1412 3308 credo,
1451 3234 1538 3292 ut
1575 3218 1756 3292 nihil
1797 3218 1887 3291 de
1930 3243 2089 3292 mea
2120 3222 2667 3318 comparatione

601 3380 686 3428 35.
715 3377 853 3427 Cato.
893 3377 950 3426 C.
978 3377 1100 3427 cato
1113 3411 1130 3438 ‚
1148 3374 1191 3421 is
1215 3373 1306 3437 qui
1331 3371 1544 3421 triennio
1703 3371 1788 3436 39.
1816 3371 1886 3419 Ee
1899 3371 2182 3437 Pompeium
2195 3369 2421 3435 privatus
2447 3371 2665 3422 didaco·

525 3471 642 3526 post
661 3457 884 3506 tribunus
907 3455 980 3520 pl.
1005 3455 1306 3518 rogationem
1327 3451 1547 3517 promul·
1632 3467 1752 3504 rem.
1778 3449 1870 3499 Ed.
1896 3453 2043 3500 Rom.
2070 3449 2217 3498 habet
2227 3448 2472 3515 primm
2484 3485 2504 3510 ,
2528 3453 2668 3517 quod

526 3538 661 3604 gavit
685 3535 748 3584 de
773 3532 1056 3598 abrogando
1085 3531 1292 3580 lentulo
1319 3529 1545 3595 imperio.
1632 3541 1681 3579 et
1712 3530 1765 3578 in
1804 3531 1894 3579 MS
1924 3529 2103 3594 reperit
2136 3530 2429 3578 vnvm-ius.
2474 3531 2667 3582 Bru-t.

529 3617 612 3667 Ad
631 3615 745 3666 Div.
767 3630 846 3678 ep.
867 3615 898 3662 5
917 3647 934 3674 ,
957 3611 1043 3661 lib.
1063 3613 1108 3661 1.
1130 3613 1280 3660 Mu.
1631 3625 1735 3660 non
1754 3609 1947 3673 prob-t.
1973 3607 2073 3658 Alii
2096 3607 2313 3659 laudaut.
2338 3609 2461 3658 Non
2492 3611 2662 3661 miror.

598 3698 683 3746 36.
707 3693 1025 3743 Scribendmn
1047 3691 1151 3741 tine
1175 3688 1330 3740 dubio
1351 3686 1545 3756 estive-
1632 3689 1683 3739 J.
1701 3690 1770 3738 V.
1798 3689 1858 3738 L.

527 3775 612 3824 rit.
641 3777 832 3823 Ernest-
861 3774 914 3822 J.
931 3775 994 3822 V.
1019 3775 1078 3821 L.
1702 3775 1787 3824 4ο.
1836 3769 1983 3832 Spem
2018 3781 2126 3830 sup.
2157 3765 2267 3828 lore
2306 3783 2431 3826 nm,-
2473 3768 2664 3836 confido

597 3856 684 3914 37.
709 3851 907 3900 Diebus.
933 3849 1158 3899 Nee-06⁸.
1177 3851 1444 3900 Tarum.
1630 3846 1817 3896 animo.
1836 3845 2174 3896 Perturbatum
2198 3845 2281 3894 hic
2306 3845 2497 3910 aliquid
2526 3847 2662 3897 vide-

599 3933 683 3980 38.
732 3933 1040 3978 potestatem.
1080 3931 1192 3978 Hoc
1215 3939 1338 3990 est,
1385 3945 1436 3977 ne
1479 3928 1547 3978 ad
1630 3937 1731 3976 tur.
1760 3926 1964 3975 Ursinus
1982 3923 2189 3972 delenda
2204 3935 2347 3989 putat
2364 3925 2516 3975 verba
2536 3926 2657 3986 her,

523 4010 726 4062 Catoni·
764 4008 1017 4057 arbitrium
1059 4023 1159 4056 non
1203 4007 1547 4058 accommoda-
1634 4028 1657 4047 ·-
1676 4007 1829 4070 Spero
1854 4004 2124 4069 superiores
2156 4005 2261 4053 fore
2294 4019 2390 4053 no·
2406 4022 2425 4070 3
2458 4005 2657 4058 confido

529 4101 654 4140 rent.
681 4092 836 4139 Innu-
1634 4086 1795 4134 animo
1807 4107 1852 4133 ι.
1874 4086 1924 4134 J.
1945 4085 2007 4132 V.
2034 4085 2089 4132 L.
