3019 4681
511 348 516 353 ’
560 380 659 447 M.
686 381 763 447 T.
798 366 1288 451 οΙοΕΒοΝιε
1317 380 1589 450 EPIST.
1631 378 1756 449 AD
1792 380 1879 470 o.
1925 381 2063 449 Fa.
2106 378 2245 467 111,
2288 401 2347 451 1.
2412 366 2554 478 6η-
2640 395 2644 400 ·

416 503 813 601 prae-sertim
843 501 1154 571 maxima
1177 502 1494 572 siccitate
1524 555 1544 591 ‚
1582 500 2147 599 uberioremque
2182 500 2555 600 aliquanto

301 670 308 679 ,
415 637 572 684 sese
629 610 1060 684 collecturos
1107 636 1260 683 esse
1312 610 1673 684 dicebant.
1728 612 1946 711 Apud
1995 610 2317 684 Herum⁵
2357 629 2553 687 recte

413 737 588 795 erat.
631 726 718 793 In
752 723 1122 795 Manliano
1159 712 1434 793 offendi
1475 722 1855 820 Diphilum
1887 721 2187 820 Diphilo
2209 718 2247 767 θ’
2291 722 2553 795 tardio-

409 858 583 905 rem.
623 833 761 905 Sed
797 848 1038 905 tamen
1077 832 1260 903 nihil
1298 835 1365 905 ei
1401 832 1717 905 restabat
1754 848 2013 931 praeter
2044 830 2409 903 balnearia
2432 888 2451 922 ‚
2480 848 2553 905 et

409 943 1012 1034 ambulationem,
1060 957 1134 1015 et
1170 944 1540 1015 aviarium.
1576 942 1762 1015 Villa
1794 942 1979 1013 mihi
2014 941 2217 1012 valde
2255 943 2550 1041 placuit,

407 1068 796 1152 propterea
871 1052 1074 1151 quod
1153 1078 1507 1125 summam
1581 1053 2005 1152 dignitatem
2070 1040 2553 1151 pavimentata

405 1164 729 1259 porticus
766 1160 1128 1251 habebat;
1167 1162 1372 1263 quod
1401 1163 1582 1235 mihi
1608 1188 1806 1235 nunc
1833 1162 2151 1261 denique
2180 1165 2515 1262 apparuit
2534 1218 2553 1253 ,

404 1286 881 1369 posteaquam
947 1287 1022 1345 et
1073 1278 1232 1373 ipsa
1286 1289 1438 1347 tota
1495 1289 1700 1374 patet
1726 1330 1744 1361 ‚
1794 1289 1868 1347 et
1915 1274 2272 1346 columnae
2309 1274 2549 1373 politae

401 1395 598 1453 sunt.
636 1387 900 1454 Totum
936 1387 1012 1454 in
1047 1409 1138 1456 eo
1173 1400 1282 1457 est
1313 1385 1341 1479 (
1365 1385 1566 1483 quod
1612 1386 1791 1457 mihi
1830 1388 1967 1457 erit
2006 1410 2196 1458 curae
2218 1387 2281 1480 )‚
2322 1372 2544 1458 tecto-

401 1493 598 1563 rium
635 1507 718 1564 ut
757 1496 1198 1568 concinnum
1221 1506 1248 1551 ⁷
1297 1498 1408 1566 sit.
1448 1499 1864 1567 Pavimenta
1906 1509 2102 1567 recte
2142 1495 2301 1567 fieri
2344 1495 2544 1568 vide-

401 1600 688 1675 bantur.
749 1609 1082 1677 Camaras
1136 1604 1484 1704 quasdam
1537 1630 1692 1677 non
1739 1603 2087 1704 probavi,
2134 1611 2546 1702 mutarique

396 1714 600 1809 jussi.
643 1718 813 1806 Quo
850 1715 1012 1789 loco
1049 1720 1127 1789 in
1168 1718 1457 1817 porticu
1499 1731 1573 1787 te
1620 1714 1933 1787 scribere
1972 1718 2179 1787 aiunt
2211 1730 2296 1787 ut
2330 1716 2549 1786 atrio·

403 1824 551 1896 lum
599 1823 766 1915 fiat,
810 1826 1028 1916 mihi,
1061 1842 1148 1898 ut
1191 1842 1337 1915 est,
1394 1827 1616 1923 magis
1653 1824 1999 1925 placebat.
2044 1828 2301 1923 Neque
2346 1827 2539 1898 enim

401 1937 568 2009 satis
604 1936 745 2008 loci
783 1961 937 2009 esse
973 1935 1356 2009 videbatur
1386 1936 1681 2023 atriolo;
1726 1958 1967 2032 neque
1996 1932 2147 2005 fere
2188 1934 2371 2007 solet
2405 1935 2543 2004 nisi

395 2050 477 2117 in
511 2046 624 2117 his
659 2045 976 2119 aedificiis
1012 2046 1172 2119 fieri
1194 2104 1214 2138 ‚
1250 2050 1326 2118 in
1358 2044 1632 2143 quibus
1662 2060 1774 2117 est
1807 2046 2072 2115 atrium
2110 2045 2377 2140 majus;
2408 2066 2545 2114 nec

398 2153 668 2228 habere
705 2172 992 2256 poterat
1034 2158 1370 2253 adjuncta
1413 2156 1782 2245 cubicula,
1820 2169 1895 2226 et
1930 2154 2287 2249 ejusmodi
2318 2178 2545 2225 mem·
2650 2216 2661 2227 ,

393 2262 557 2335 bra.
617 2269 833 2338 Nunc
883 2262 1074 2339 hoc8
1127 2268 1243 2340 vel
1287 2269 1668 2340 honestate
1715 2264 2134 2355 testudinis,
2175 2265 2287 2336 vel
2335 2264 2545 2336 valde

398 2374 578 2447 boni
638 2382 964 2450 aestivum
1024 2378 1266 2453 locum
1327 2376 1711 2452 obtinebit.
1762 2383 1877 2470 Tu
1923 2392 2164 2449 tamen
2218 2379 2275 2446 si
2340 2375 2545 2448 aliter

395 2490 666 2576 sentis,
709 2488 1024 2563 rescribe
1062 2517 1282 2590 quam
1327 2492 1670 2590 primum.
1726 2495 1812 2560 In
1856 2487 2281 2575 balneariis,
2332 2500 2541 2559 assa9

391 2599 468 2670 in
507 2598 817 2672 alterum
848 2599 1336 2700 apodyterii¹⁰
1361 2602 1711 2700 angulum
1748 2600 2115 2699 promovi,
2152 2613 2539 2697 propterea

391 2711 596 2808 quod
628 2714 730 2784 ita
770 2728 978 2785 erant
1008 2702 1286 2813 posita,
1329 2730 1416 2786 ut
1447 2738 1699 2786 eorum
1736 2714 2190 2810 vaporarium
2230 2709 2360 2808 [ex
2388 2736 2537 2808 quo

392 2823 576 2915 ignis
599 2822 956 2920 erumpit]
988 2839 1175 2896 esset
1199 2823 1611 2919 subjectum
1638 2821 1992 2894 cubiculis
2011 2833 2033 2865 ¹
2049 2833 2092 2892 ¹.
2114 2819 2537 2918 Subgrande

390 2928 807 3002 cubiculum
846 2949 1124 3024 autem,
1163 2949 1237 3006 et
1272 2933 1663 3006 hibernum
1701 2933 1927 3004 altum
1962 2930 2173 3004 valde
2206 2930 2534 3028 probavi,

457 3163 506 3211 5-
550 3165 745 3212 Herum·
781 3165 1016 3214 V'lllicum
1075 3167 1130 3215 31²
1173 3169 1370 3215 Arcano
1388 3202 1404 3228 ‚
1495 3175 1661 3224 locum
1688 3175 1990 3224 obtinebit».
2024 3177 2209 3222 Locum
2236 3179 2339 3220 e'ase
2366 3187 2533 3219 corrn-

381 3252 439 3291 ut
464 3242 800 3308 Nicephorum
827 3247 881 3292 in
906 3246 1127 3305 Laterio,
1155 3263 1300 3310 quem
1327 3248 1406 3295 in·
1493 3255 1768 3319 ptizsimnm
1804 3269 1948 3302 nomo
1986 3269 2089 3301 non
2124 3252 2367 3316 agnoscit.
2399 3251 2527 3298 Vide

382 3322 454 3370 sm
479 3322 716 3370 nomint&
742 3325 886 3372 MAR-
1493 3334 1708 3382 Tui-neb.
1732 3333 1934 3382 Advers.
1964 3334 2158 3392 XXIV,
2202 3333 2286 3394 39.
2320 3357 2393 3367 -
2413 3331 2527 3380 Sela.

452 3403 507 3452 6-
533 3402 752 3468 Diphilo·
778 3406 838 3452 Se
865 3405 992 3470 ipso·
1028 3405 1289 3469 Diphilus,
1325 3408 1404 3454 in·
1495 3434 1519 3456 ιι
1541 3414 1687 3463 Nunc
1713 3414 1819 3461 haec
1851 3411 1931 3459 vel
1962 3411 2215 3460 honestate
2248 3409 2525 3472 testudinis,

379 3483 488 3545 quit
503 3517 519 3541 ,
543 3498 594 3530 ιο
613 3484 774 3546 ipsum
795 3484 1026 3532 tarditate
1041 3485 1302 3549 superavit.
1327 3489 1402 3535 In.
1492 3481 1635 3540 v‘alde
1670 3493 1792 3540 boni
1835 3491 1993 3540 nativi
2030 3491 2193 3539 locum
2226 3489 2469 3538 obtinebit
2486 3512 2527 3539 ι..

447 3575 504 3626 7.
545 3562 798 3612 Manutius
839 3564 976 3612 malit
1010 3566 1334 3613 «continuum
1354 3586 1398 3614 n.
1490 3575 1552 3622 J.
1571 3574 1635 3621 V.
1660 3575 1719 3621 L.
2492 3579 2511 3590 ⁸

377 3643 587 3690 Frustra.
611 3643 664 3690 J.
696 3642 762 3689 V.
782 3645 837 3692 L.
1564 3667 1618 3714 9.
1640 3653 1779 3700 Assa.
1806 3651 2099 3698 Laconicum
2116 3648 2274 3720 ,five
2305 3649 2443 3696 locus
2464 3651 2517 3698 in

449 3721 498 3767 8.
517 3720 662 3768 Nunc
679 3719 789 3769 Ιιοσ.
807 3723 863 3772 P.
879 3721 1131 3771 Manutius
1151 3723 1404 3787 ingeniose
1491 3747 1593 3796 quo
1617 3731 1768 3780 ,udor
1794 3729 2005 3778 elicitur.
2030 3733 2107 3778 De
2130 3745 2232 3793 quo
2248 3729 2521 3792 Vitruvius,

376 3798 662 3851 divinabat:
692 3823 718 3842 ο·
742 3801 886 3849 Nunc
920 3803 1016 3850 hoc
1045 3803 1121 3852 vel
1147 3803 1200 3851 in
1237 3816 1402 3854 aestate
1487 3811 1577 3861 lib.
1591 3811 1654 3870 V,
1678 3826 1786 3876 cap.
1814 3825 1891 3858 xo.

377 3879 658 3938 testudinis,
689 3880 765 3928 vel
787 3882 944 3930 hieme
980 3883 1204 3932 oestivum
1227 3885 1395 3958 locum
1560 3906 1637 3939 10.
1675 3889 1981 3954 Apodyterii.
2019 3889 2117 3938 Ubi
2160 3899 2317 3938 vestes
2347 3890 2515 3938 inituri

375 3959 616 4008 obtinebit
629 3981 672 4008 n.
687 3961 948 4010 Lambinus
967 3962 1100 4011 haud
1123 3964 1288 4028 paullo
1307 3981 1394 4012 m-
1482 3970 1653 4020 balnea
1682 3970 2009 4036 deponebant.
2046 3971 2194 4019 Man.

376 4039 574 4090 dacius:
606 4062 629 4084 ιι
652 4043 799 4090 Nune
819 4042 914 4090 hoc
931 4043 1004 4090 vel
1024 4043 1212 4104 hieme,
1244 4055 1396 4092 testu-
1560 4065 1642 4099 11.
1681 4049 1855 4114 Scalig.
1888 4050 2069 4110 conjic.
2112 4050 2367 4101 ”cubiculi
2394 4051 2510 4100 sub-

376 4116 534 4170 cunis:
576 4120 653 4169 vel
679 4133 869 4184 estate,
907 4123 1046 4174 valde
1083 4123 1203 4176 boni
1241 4127 1393 4176 aestivi
1483 4129 1704 4194 grundae.
1732 4129 1904 4181 Cubic.
1925 4141 2064 4180 aut.»
2090 4131 2273 4181 J-V.L.
