3019 4681
558 299 698 396 298
795 301 894 371 M.
919 301 996 366 T.
1032 297 1521 374 ctcssaoms
1549 303 1821 374 Emsr.
1860 301 1987 370 AD
2024 302 2221 372 ATr.
2259 302 2429 388 ΧΠ,
2462 297 2557 373 52.

523 413 728 494 'sane
773 419 1052 494 laboro.
1103 423 1216 492 Tu
1257 424 1360 492 mi
1404 438 1531 497 aut
1574 422 2087 522 Scapulanos¹,
2130 437 2259 496 aut
2308 423 2649 501 Clodianos

556 529 860 619 efficias,
898 553 1188 607 necesse
1227 546 1357 604 est.
1399 531 1541 604 Sed
1579 534 1828 606 nescio
1856 532 2035 630 quid
2064 531 2329 612 videris
2366 531 2649 602 dubitare

553 641 646 714 de
670 623 961 728 Clodia3
991 656 1280 730 utrum,
1310 642 1611 739 quando
1634 645 1946 732 veniat²‚
1974 667 2067 714 an
2094 642 2335 712 sintne
2362 639 2651 712 venales?

547 749 698 842 ‘Sed
734 750 916 848 quid
957 764 1098 838 est,
1134 749 1337 848 quod
1373 751 1631 840 audio,
1674 752 2138 850 Spintherem
2178 749 2427 824 fecisse
2460 749 2653 822 divor·-

560 862 786 932 tium?
811 864 920 932 De
949 859 1195 958 lingua
1213 861 1429 933 latina
1453 866 1690 936 securi
1714 889 1791 938 es
1816 865 2077 950 animi,
2106 863 2325 947 dices,
2344 865 2467 960 qui
2492 857 2651 932 talia³

565 965 988 1038 conscribis.
1017 959 1408 1066 Απόγραφα4
1428 984 1637 1056 sunt;
1665 995 1947 1046 minore
1965 968 2213 1040 labore
2232 967 2455 1039 fiunt.
2440 964 2651 1038 wetha

567 1091 847 1147 tantum
889 1074 1153 1168 affer03
1186 1077 1457 1174 quibus
1485 1075 1807 1152 abundo.

635 1255 684 1289 r.
709 1239 1041 1306 Scapulanos,
1059 1253 1158 1290 aut
1167 1241 1436 1294 Clodianos.
1458 1245 1591 1293 Hor·
1678 1261 1943 1311 graecorum
1984 1245 2248 1294 verborum
2282 1244 2385 1292 vim
2431 1243 2647 1307 exprimere

565 1329 664 1366 tos.
1674 1323 1838 1374 latinis
1860 1323 2021 1372 verbis
2047 1333 2304 1388 cogeretur
2320 1333 2487 1388 :atque
2504 1320 2650 1369 idaim

636 1414 685 1446 a.
713 1397 872 1446 Aldus
895 1397 1051 1448 edidit
1083 1413 1329 1463 veneant,
1367 1401 1504 1468 quod
1539 1414 1591 1452 et
1676 1403 1837 1452 verbis
1856 1405 1931 1454 uti
1946 1421 2052 1452 non
2070 1403 2337 1452 admodum
2354 1399 2656 1452 consuetudine

565 1477 799 1526 Gruterus
835 1487 949 1542 pont
990 1479 1188 1527 Bosium
1217 1481 1444 1530 servavit.
1492 1481 1591 1530 Sed
1677 1483 1823 1534 tritis.
1848 1483 1994 1532 Mur.

565 1572 731 1613 verum
753 1567 825 1605 est
850 1557 1046 1605 veniat.
1068 1560 1102 1607 J
1105 1593 1116 1604 .
1137 1560 1202 1608 V.
1222 1561 1278 1608 L.
1750 1569 1801 1618 4.
1828 1549 2120 1630 Ᾰπόγραφσ..
2140 1561 2374 1626 Exempla
2387 1595 2404 1618 ,
2423 1576 2495 1608 res
2514 1556 2660 1607 desed-

637 1635 688 1684 3.
720 1635 878 1686 Talia.
924 1639 1000 1684 De
1041 1637 1350 1704 philosophia
1385 1653 1403 1687 t
1439 1655 1592 1704 quum
1680 1649 1796 1704 pte.

1019 1784 1665 1818 mmmm
2318 1781 2663 1806 vuum-mm

1173 1925 1786 2006 EPISTOLA
1854 1926 2094 2005 LIII.

569 2084 784 2146 Scribit
813 2105 874 2144 se
919 2085 1114 2145 literas
1146 2084 1325 2144 Attici
1355 2097 1721 2163 exspectare,
1758 2098 1816 2144 et
1852 2084 2001 2162 petit
2040 2096 2108 2142 ut
2149 2083 2423 2163 epistolas
2464 2102 2583 2142 suas
2614 2079 2678 2139 ad

649 2182 1014 2240 Marcianum
1053 2194 1112 2240 et
1155 2180 1227 2240 ad
1277 2186 1625 2241 Montanum
1660 2201 1777 2240 una
1825 2201 1956 2240 cum
1991 2180 2304 2260 Epiroticis
2342 2172 2685 2260 perferendas

653 2290 835 2336 curet.
865 2280 958 2359 (In
989 2279 1346 2352 Tusculano,
1370 2298 1524 2338 anno
1548 2283 1623 2340 U.
1656 2280 1723 2336 C.
1748 2278 1893 2352 708,
1925 2297 2120 2337 mense
2138 2277 2355 2357 junio.)

1254 2392 1571 2495 clcERo
1619 2430 1929 2495 Arnco
1975 2428 2041 2494 5.

672 2558 864 2644 Ean,
906 2558 1038 2627 etsi
1066 2556 1249 2628 nihil
1285 2556 1525 2629 habeo
1544 2612 1563 2647 ,
1609 2554 1812 2655 quod
1842 2553 1932 2627 ad
1968 2570 2041 2627 te
2083 2552 2390 2627 scribam
2413 2608 2433 2643 ,
2472 2550 2692 2626 scribo

575 2681 855 2753 tamen,
902 2668 1072 2763 quia
1112 2682 1355 2739 tecum
1387 2666 1590 2765 loqui
1634 2666 1904 2737 videor.
1942 2668 2077 2735 Hic
2114 2662 2502 2736 nobiscum
2542 2674 2697 2732 sunt

576 2777 807 2848 Nicias
861 2789 934 2847 et
977 2776 1323 2849 Valerius.
1369 2776 1599 2849 Hodie
1643 2792 1801 2848 tuas
1835 2776 2075 2847 literas
2120 2772 2697 2874 exspectabamus

581 2887 988 2956 matutinas.
1035 2892 1270 2959 Erunt
1296 2885 1596 2959 fortasse
1622 2886 1860 2963 alterae
1882 2883 2430 2983 pomeridianae‚
2474 2883 2601 2954 nisi
2632 2895 2696 2950 te

577 2993 954 3093 Epiroticae
993 2994 1216 3066 literae
1237 3007 1258 3040 ¹
1296 2995 1699 3095 impedient
1716 3051 1735 3086 ,
1764 3019 1943 3095 quas
1969 3018 2105 3093 ego
2128 3018 2281 3065 non
2306 2990 2695 3092 interpello.

577 3106 742 3175 Misi
789 3104 877 3176 ad
921 3118 994 3177 te
1033 3106 1368 3204 epistolas
1403 3106 1494 3177 ad
1534 3110 1979 3179 Marcianum
2016 3118 2090 3176 et
2132 3103 2222 3175 ad
2256 3107 2697 3175 Montanum.

574 3218 712 3287 Eas
759 3217 841 3285 in
897 3215 1233 3288 eumdem
1277 3216 1749 3289 fasciculum²
1794 3214 2012 3287 velim
2064 3212 2321 3301 addas,
2354 3214 2497 3283 nisi
2532 3210 2701 3283 forte

571 3325 721 3420 jam
764 3324 1042 3397 dedisti.

654 3494 702 3529 ι.
718 3478 977 3542 Epirotica·
991 3478 1163 3529 Ie‘eeroe.
1180 3480 1314 3543 Qua·
1329 3478 1601 3543 inEpirum
1686 3478 1991 3543 negotiorum
2018 3489 2221 3525 suorum
2264 3486 2411 3521 canna
2452 3468 2697 3521 scribebat.

575 3556 748 3606 scribis
773 3570 971 3607 tuorum
985 3560 1292 3623 negotiorum
1310 3574 1468 3606 causa.
1486 3560 1601 3607 For·
1760 3572 1808 3605 a.
1853 3554 2177 3606 fasciculum.
2220 3552 2380 3614 Quem
2424 3554 2481 3599 in
2514 3548 2699 3614 Epirum

577 3648 626 3685 te
647 3648 806 3685 autem
828 3637 984 3687 tieem
1007 3638 1240 3688 abundat.
1265 3638 1446 3703 Aptius
1469 3648 1601 3685 certe
1688 3634 1839 3683 mittin
1858 3670 1873 3694 ,
1891 3645 1951 3683 ut
1992 3650 2057 3682 ex
2092 3633 2243 3696 Epiro
2285 3630 2467 3679 deinde
2498 3628 2699 3678 Athenas

577 3714 642 3763 ad
668 3714 949 3765 brevitatem
975 3717 1239 3767 videretur.
1253 3716 1603 3767 Mne-Sunt
1690 3714 2119 3767 mantuanam
2134 3711 2343 3765 Athenis
2356 3722 2497 3763 enm
2510 3706 2701 3762 uam·-

576 3803 738 3842 autem
762 3792 914 3843 literne
936 3811 1056 3860 qm
1085 3798 1279 3846 Atticus
1312 3797 1366 3845 in
1401 3797 1603 3863 Epirum
1690 3811 1783 3843 nus
1814 3807 1865 3843 ct
1890 3797 2157 3845 Montanus
2182 3808 2295 3841 cum
2328 3792 2565 3841 Cicerone
2590 3783 2699 3835 filiu·

1193 4066 2089 4101 -ᾥ--ῄ
