3019 4681
416 294 563 392 396
1060 297 1159 367 M.
1212 298 1291 364 T.
1344 296 1908 369 CICERONIS

415 413 763 515 prodesse
796 414 1069 513 possim
1104 413 1544 513 reipublicae.
1595 421 1750 487 Jam
1787 414 1906 485 illa
1943 414 2242 487 consilia
2289 419 2562 515 privata

412 541 623 615 sunt,
668 524 871 624 quod
906 527 1141 597 sentio
1174 526 1381 598 valde
1412 550 1570 598 esse
1599 525 1776 597 utile
1803 523 1894 597 ad
1929 524 2562 600 confirmationem

415 640 816 725 Ciceronis,
836 660 957 707 me
984 634 1159 707 illuc
1192 638 1475 725 venire3
1512 661 1650 709 nec
1685 636 1820 707 alia
1849 660 2062 707 causa
2093 634 2564 733 profectionis

414 747 599 817 mihi
644 746 793 817 ulla
840 744 982 818 fu'it
1033 761 1231 835 tum,
1292 771 1521 843 quum
1571 746 1955 819 consilium
2009 751 2170 845 cepi
2215 748 2436 846 legari
2471 747 2563 819 ab

416 862 695 929 Caesare
716 866 769 925 ⁹.
826 862 1007 928 Tota
1052 857 1271 954 igitur
1310 857 1449 929 hac
1482 858 1576 929 de
1615 882 1728 946 re,
1769 874 1856 929 ut
1893 858 2122 947 soleS‚
2167 862 2228 929 si
2260 859 2436 957 quid
2473 858 2566 929 ad

415 991 537 1039 me
574 967 939 1064 pertinere
976 981 1227 1065 putas,
1260 966 1636 1065 cogitabis,
1661 967 1908 1041 Redeo
1941 993 2141 1040 nunc
2175 969 2264 1041 ad
2303 972 2568 1068 episto-

416 1076 561 1147 lam
598 1090 821 1147 tuam.
862 1074 1132 1148 Scribis
1167 1080 1365 1148 enim
1406 1102 1561 1149 esse
1593 1101 1968 1167 rumoreS,
2007 1102 2126 1149 me
2153 1133 2174 1165 ,
2208 1077 2298 1149 ad
2330 1078 2566 1149 lacum

418 1184 623 1283 quod
658 1183 1010 1273 habeo¹⁰‚
1048 1186 1560 1278 venditurum3
1601 1188 2086 1260 minusculam
2117 1213 2290 1260 vero
2325 1188 2570 1260 villam

418 1296 677 1391 utique
714 1296 993 1385 Quinto
1024 1296 1457 1369 traditurum
1478 1353 1499 1385 ,
1529 1297 1642 1371 vel
1670 1292 2000 1395 impenso
2023 1308 2082 1342 ¹¹
2111 1302 2388 1397 preti0‚
2418 1324 2570 1397 quo

418 1404 929 1476 introducatur
952 1417 1051 1494 ¹²,
1087 1421 1173 1477 ut
1207 1406 1340 1478 tibi
1380 1408 1699 1498 Quintus
1748 1408 1942 1479 filius
1991 1408 2287 1495 dixerit,
2327 1408 2572 1479 dotata

420 1516 750 1613 Aquillia.
802 1520 953 1615 Ego
1006 1541 1181 1588 vero
1234 1516 1326 1589 de
1379 1518 1802 1591 venditione
1869 1518 2052 1589 nihil
2105 1520 2388 1617 cogito,
2437 1520 2576 1589 nisi

424 1625 647 1724 quid,
690 1627 895 1725 quod
946 1630 1172 1725 magis
1236 1652 1354 1699 me
1416 1628 1773 1716 delectet,
1827 1630 2203 1701 invenero.
2256 1632 2574 1721 Quintus

424 1751 669 1808 autem
694 1738 785 1809 de
814 1738 1129 1810 emendo
1158 1739 1341 1809 nihil
1376 1753 1581 1813 curat
1613 1740 1754 1811 hoc
1779 1754 2130 1839 tempore.
2169 1742 2351 1811 Satis
2380 1741 2576 1812 enim

424 1863 817 1946 torquetur
836 1847 1210 1920 debitione
1243 1848 1435 1921 dotis
1465 1877 1482 1919 ε
1513 1850 1591 1919 in
1624 1875 1768 1948 qua
1799 1848 2137 1922 mirificas
2185 1854 2487 1949 Egnatio
2511 1846 2574 1893 ¹³

426 1960 686 2055 gratias
721 1960 887 2057 agit.
927 1964 983 2031 Α
1032 1959 1367 2030 ducenda
1402 1974 1646 2030 autem
1685 1983 1913 2031 uxore
1949 1961 2053 2031 sic
2089 1959 2464 2045 abhorret,
2495 1972 2578 2029 ut

424 2067 657 2141 libero
694 2068 969 2143 lectulo
1032 2085 1249 2167 neget
1307 2093 1462 2141 esse
1535 2069 1940 2167 quidquam
1976 2069 2393 2166 jucundius.
2435 2067 2576 2141 Sed

426 2178 581 2251 haec
622 2205 925 2277 quoque
962 2180 1337 2252 hactenus.
1381 2181 1628 2253 Redeo
1679 2183 1872 2253 enim
1912 2179 2002 2252 ad
2039 2182 2414 2267 miseram,
2449 2204 2580 2251 seu

427 2288 701 2361 nullam
746 2291 993 2388 potius
1032 2289 1580 2389 rempublicam.
1609 2292 1708 2360 M.
1743 2290 2104 2362 Antonius
2132 2288 2222 2360 ad
2261 2312 2376 2361 me
2404 2289 2578 2360 scri-

424 2401 573 2500 psit
612 2398 703 2472 de
730 2402 1271 2473 restitutione14
1318 2407 1512 2474 Sext.
1559 2400 1796 2473 Clodii
1825 2425 2088 2500 :quam
2124 2397 2533 2472 honorifice
2557 2453 2580 2486 ,

428 2511 632 2609 quod
672 2511 764 2582 ad
801 2537 919 2583 me
964 2516 1253 2605 attinet,
1292 2539 1381 2584 ex
1416 2514 1646 2612 ipsius
1677 2513 1902 2585 literis
1944 2535 2379 2609 cognosces;
2421 2509 2582 2582 misi

426 2622 624 2692 enim
650 2620 787 2694 tibi
818 2623 1236 2720 exemplum
1268 2651 1285 2692 ε
1328 2648 1554 2721 quam
1587 2621 1972 2710 dissolute,
1997 2646 2216 2720 quam
2249 2623 2582 2719 turpiter,

498 2793 549 2841 9.
568 2777 747 2843 legari
766 2779 833 2826 ab
856 2779 1061 2826 arsat-e.
1078 2777 1205 2826 Nam
1222 2779 1366 2826 etiam
1382 2779 1456 2826 vi·
1543 2795 1678 2828 mum
1701 2779 1908 2829 ducatuu-
1920 2778 2142 2841 locuple·
2159 2787 2212 2825 et
2229 2775 2396 2824 dotata
2414 2775 2588 2840 Aquil-

427 2873 495 2906 νο
520 2859 705 2908 Caeeare
732 2857 933 2906 liberam
976 2858 1267 2920 legationem
1304 2857 1369 2906 ab
1394 2875 1455 2906 eo
1545 2857 1610 2906 lia
1631 2872 1646 2904 τ
1669 2873 1816 2921 qnam
1843 2859 1907 2918 Q.
1945 2866 2086 2921 pater
2125 2855 2302 2904 ducere
2335 2855 2586 2920 cogitabat

430 2937 753 3000 cogitare-ran
782 2935 909 2984 hane
950 2951 1097 2984 unam
1122 2937 1191 2984 ob
1228 2951 1421 2983 eausam
1439 2972 1457 2997 ,
1549 2945 1664 3000 poet
1689 2935 1934 2986 diminuam
1951 2934 2294 2999 Pomponiam,
2311 2943 2368 2982 nt
2390 2943 2587 2984 constat

430 3025 485 3062 nt
504 3016 557 3062 in
580 3017 820 3064 Graeciam
844 3013 935 3062 filii
965 3029 1107 3063 cansa
1125 3011 1460 3078 proficiscere·
1551 3031 1616 3062 ex
1637 3015 1780 3079 epist.
1810 3029 1890 3076 17.
1920 3016 2122 3063 Ponu-

430 3107 531 3144 mr.
558 3096 703 3142 Mu.
1633 3095 1714 3142 13.
1733 3091 1978 3158 Egnatio.
2014 3091 2269 3157 'I'rapeaita
2289 3107 2307 3142 ε
2331 3091 2470 3156 quod
2490 3092 2586 3156 ipei

514 3189 591 3222 ιο.
612 3173 698 3222 Ad
710 3173 873 3222 laeum
888 3169 1207 3237 quodbabeo.
1226 3171 1469 3220 Praedinm
1557 3171 1790 3223 obtulerit
1807 3173 2064 3236 pecuniam
2087 3171 2151 3219 ad
2176 3171 2470 3220 aolntionem
2497 3171 2590 3220 do-

430 3249 487 3299 in
513 3268 633 3316 agro
654 3253 876 3301 Cumano
916 3250 981 3298 ad
1000 3248 1161 3298 lacum
1185 3252 1467 3300 Lucrinum.
1558 3253 1646 3312 tis,
1672 3267 1818 3315 qnam
1837 3249 2106 3314 Pomponia
2123 3285 2138 3304 .
2163 3250 2337 3298 mulier
2361 3265 2582 3308 moron,

434 3333 703 3380 Ponu.—
722 3331 815 3380 Ed.
837 3331 1040 3379 Jenaon.
1058 3327 1209 3377 habet
1225 3345 1391 3393 quem,
1414 3330 1469 3376 in
1555 3331 1728 3379 acerbe
1751 3329 1990 3394 exigebat.
2018 3331 2094 3379 De
2115 3331 2356 3394 Egnatio,
2385 3329 2477 3379 lib.
2510 3331 2588 3386 11,

436 3427 541 3474 qno
566 3409 939 3474 intelligendum
958 3405 1313 3472 eoeetfundum
1333 3426 1355 3466 ‚-
1380 3407 1469 3456 aed
1555 3411 1698 3475 epiet.
1724 3410 1778 3459 3.
1806 3412 1998 3458 Peon.
2011 3435 2084 3446 —
2101 3408 2264 3456 Editio
2284 3407 2588 3466 Victoriana,

434 3489 571 3554 vulg.
594 3489 743 3538 lectio
766 3490 911 3552 longe
931 3487 1109 3536 verior.
1125 3491 1158 3537 J
1162 3523 1179 3538 .
1201 3491 1267 3536 V.
1284 3490 1341 3536 L.
1553 3491 1617 3553 Q.
1645 3488 1882 3554 Egnatio.
1906 3490 1940 3537 J
1945 3521 1960 3534 .
1975 3490 2022 3535 V
2069 3489 2128 3536 1..

512 3585 533 3616 ι
550 3585 593 3619 1.
638 3571 882 3633 Impense.
926 3571 1207 3632 Inpenanm
1248 3567 1461 3631 pretinm
1627 3575 1710 3622 η.
1723 3563 2049 3615 Restimtione.
2063 3565 2349 3627 Abexassio,
2365 3580 2470 3630 qno
2487 3564 2592 3614 fne-

432 3657 507 3697 ett
530 3647 733 3712 ingena,
748 3647 1003 3713 profusum
1018 3681 1035 3706 ,
1056 3645 1460 3695 immoderatum:
1551 3657 1626 3694 rat
1650 3646 1918 3695 mulctatus
1933 3681 1950 3704 ,
1970 3643 2108 3709 qnod
2129 3647 2188 3694 P.
2219 3644 2384 3694 Clodii
2408 3661 2590 3709 corpus

434 3729 574 3789 enjna
607 3727 795 3776 acilieet
834 3727 1219 3791 magnitudinem
1268 3737 1465 3792 emptor
1549 3726 1606 3774 in
1622 3725 1804 3774 curiam
1823 3724 2054 3773 intulerat
2065 3757 2082 3781 ,
2099 3734 2148 3771 et
2161 3736 2458 3772 cremaverat
2473 3723 2592 3771 ’anb-

436 3821 543 3855 non
566 3805 828 3870 expendit,
852 3823 945 3854 nec
971 3805 1273 3856 reformidat.
1288 3811 1463 3856 Horat.
1553 3805 1702 3854 aelliia
1725 3815 1778 3854 et
1801 3803 1978 3852 mensis
1995 3813 2046 3850 et
2085 3801 2341 3850 codicibus
2362 3803 2589 3851 librario·

436 3885 1043 3944 mutuandum
1076 3887 1466 3953 aoliti'impenao
1553 3883 2589 3949 rnm‚qnoigneetipaacnria,etcnrioe

438 3964 677 4028 prandere
693 3976 943 4030 coemptas
955 3988 996 4016 ιο.
1016 3967 1217 4014 Ponu-
1551 3967 1720 4026 innota
1731 3964 1903 4012 Pord-
1923 3961 2118 4011 baailica
2131 3961 2590 4030 flagraverat-Asco-

508 4059 590 4094 ια.
638 4045 746 4110 Quo
785 4043 1147 4096 beandum.
1180 4047 1245 4094 Ut
1280 4061 1339 4094 eo
1372 4043 1471 4094 do·
1555 4045 1739 4093 nimiu
1763 4053 1888 4092 orat.
1914 4057 2006 4106 pro
2029 4042 2140 4092 Mil.
2171 4043 2334 4094 Con.
