3019 4681
692 379 1231 479 EPIsToL'AE
1276 412 1414 480 AD
1464 413 1981 498 ATTIGUM‚
2023 416 2204 502 ΧΠ,
2261 412 2323 484 5.
2397 409 2402 414 ·
2451 377 2592 488 233

450 544 696 602 cernat
756 529 1028 630 duplici
1082 531 1441 605 dedecore
1499 534 1946 608 cumulatam.
1993 535 2318 608 domum.
2379 537 2588 612 Addo

450 641 669 730 etiam
702 639 1169 712 Philotimum
1194 647 1514 715 tertium.
1548 648 1612 714 O
1641 646 2049 732 stultitiam,
2089 649 2226 720 nisi
2251 671 2410 719 mea
2437 674 2588 721 ma-

441 749 559 844 jor
586 765 771 822 esset
786 749 841 838 4,
876 751 1352 848 singularem!
1394 751 1608 843 Quod
1641 768 1884 826 autem
1918 781 2000 828 os
2019 753 2072 842 ⁵,
2101 761 2176 827 in
2213 757 2400 830 hauc
2435 783 2588 831 rem

447 860 651 952 ἔρανον
686 881 727 927 a
762 870 836 928 te
865 857 893 928 Ρ
926 864 1061 929 Fac
1087 913 1108 948 ‚
1152 885 1305 930 non
1354 859 1447 930 ad
1483 850 1813 952 διιιιῶσοιν,6
1845 868 2098 960 κρήνην,
2161 863 2289 935 sed
2327 861 2418 936 ad
2451 871 2592 934 Πει-

450 967 627 1056 ρήνην
662 986 833 1035 eum
860 966 1179 1053 venisse3
1244 965 1369 1037 sed
1434 965 1764 1064 ἄμπνευμα
1799 972 2010 1064 σεμνὸν
2065 961 2332 1052 Ᾱλφειοῦ·
2384 973 2464 1040 in
2511 983 2584 1040 te

450 1073 709 1164 κρήνην,
759 1084 843 1140 ut
885 1070 1171 1157 scribis,
1216 1071 1504 1144 haurire
1549 1099 1566 1141 ε
1607 1075 1681 1143 in
1733 1077 1946 1145 tantis
1987 1075 2134 1146 suis
2183 1076 2584 1173 praesertim

446 1175 825 1270 angustiis,
858 1182 1158 1248 ποῖταῢτ’
1187 1177 1283 1276 ἄρ’
1304 1178 1691 1272 ἀποσκήψειὲ)
1714 1178 1853 1251 Sed
1881 1181 2035 1277 ipse
2058 1180 2338 1252 viderit.
2366 1184 2584 1252 Cato⁷

448 1304 567 1350 me
595 1282 891 1378 quidem
918 1284 1263 1374 delectat,
1295 1289 1420 1360 sed
1452 1291 1668 1362 etiam
1689 1294 1983 1378 Bassum
2012 1287 2402 1363 Lucilium⁸
2441 1315 2588 1362 sua.

448 1395 559 1464 De
596 1393 831 1465 Coelio
850 1406 915 1482 9,
953 1409 1031 1466 tu
1063 1421 1381 1494 quaereS,
1422 1413 1505 1470 ut
1541 1400 1794 1472 scribis
1841 1429 1856 1471 :
1911 1426 2046 1498 ego
2083 1400 2347 1472 nihil¹⁰
2388 1403 2586 1472 novi.

451 1502 835 1575 Noscenda
857 1519 965 1575 est
990 1521 1250 1578 natura
1269 1519 1355 1596 ¹¹,
1382 1533 1536 1580 non
1571 1507 1872 1581 facultas
1891 1518 1954 1554 ¹²
1985 1511 2228 1582 modo.
2265 1517 2376 1586 De
2409 1517 2588 1582 Hor·

455 1613 693 1684 tensio
734 1628 809 1684 et
844 1616 1215 1712 Virginio,
1254 1631 1333 1688 tu
1361 1615 1424 1661 ¹3
1464 1620 1520 1688 si
1545 1618 2163 1722 quid‘dubitabis:
2205 1622 2373 1710 etsi,
2409 1619 2590 1717 quid

516 1796 567 1844 4.
602 1781 715 1836 Nisa·
736 1805 847 1837 mea
870 1783 1045 1856 'major
1066 1803 1207 1842 essee.
1236 1791 1350 1840 Scil.
1379 1792 1471 1857 qui

444 1875 697 1931 tantopere
715 1867 920 1917 atultitia
940 1869 1101 1917 fratris
1117 1887 1330 1919 movear.
1352 1871 1471 1920 Ideo

443 1959 563 1994 mox
580 1967 607 1988 α
620 1945 707 1994 sed
732 1947 838 2012 ipse
858 1947 1035 1996 viderit
1048 1969 1089 1996 υ.
1109 1951 1201 1997 En.

515 2025 570 2076 5⁸
599 2025 750 2090 Quod
772 2038 938 2073 autem
964 2044 1037 2076 os.
1059 2029 1187 2076 Scite
1212 2029 1469 2079 Turnebus

439 2105 548 2153 hec
566 2105 711 2152 verba
735 2105 806 2152 sic
832 2105 1075 2172 distinxit,
1104 2129 1127 2152 ι
1144 2109 1293 2172 Quod
1310 2121 1471 2158 autem

445 2199 530 2246 os,
553 2183 606 2230 in
630 2183 757 2232 hanc
785 2199 885 2232 rem
926 2183 1087 2253 ἔρανον
1112 2204 1140 2234 a
1160 2191 1277 2236 teu?
1308 2199 1357 2236 et
1392 2190 1471 2236 in-

375 2299 381 2304 .
450 2271 743 2326 terpretatus
772 2274 843 2310 est
863 2278 877 2313 ε
898 2285 924 2305 α
940 2267 1063 2328 Quae
1080 2267 1379 2332 impudentia
1400 2279 1472 2317 est

446 2342 499 2389 in
512 2343 701 2404 Quinto
720 2354 883 2407 petere
902 2360 928 2391 a
950 2354 997 2393 te
1016 2345 1177 2413 ἔρανον
1192 2370 1239 2406 ι,
1264 2348 1359 2396 hoc
1380 2360 1470 2411 est,

447 2436 623 2469 munus
664 2421 891 2486 aliquod,
922 2434 1166 2488 tamquam
1194 2427 1392 2491 stipem,
1416 2427 1471 2475 id

446 2510 547 2562 est,
571 2502 873 2551 emendicare
900 2519 926 2551 a
956 2515 1003 2551 te
1022 2506 1299 2568 pecuniam,
1325 2506 1388 2554 ad
1411 2507 1471 2554 il·

443 2580 531 2628 lud
555 2580 887 2646 Lupercorum
912 2583 1251 2632 sacerdotium.
1276 2586 1470 2634 Atticus

444 2668 607 2705 autem
633 2675 684 2707 se
708 2673 1036 2709 excusaverat.
1060 2664 1151 2711 En.

514 2736 565 2786 6.
606 2734 842 2803 Διψῶσαιν.
894 2743 985 2790 Fac
1000 2776 1018 2799 ,
1056 2742 1217 2805 inquit
1236 2776 1251 2801 ,
1280 2758 1382 2790 non
1408 2743 1469 2791 ad

444 2810 661 2881 διψῶσαν
700 2815 867 2885 κρήνην
883 2854 897 2879 ,
931 2820 1226 2869 siticulosum
1236 2820 1434 2887 fontem
1452 2858 1469 2885 ‚

444 2894 530 2943 sed
548 2896 613 2943 ad
626 2894 861 2963 Πειρήνην,
878 2899 1104 2958 Pirenen,
1128 2916 1235 2948 eum
1261 2902 1474 2961 venisse3

444 2974 531 3021 sed
556 2970 816 3044 ἄμπνευμα
842 2976 1005 3044 σεμνὸν
1032 2966 1231 3042 Amne&
1247 3014 1261 3039 ,
1284 2983 1473 3045 «respi-

444 3054 688 3102 rationem
710 3057 1027 3105 veneraudam
1069 3058 1313 3124 Alphei»,
1339 3060 1389 3106 in
1425 3070 1472 3108 te

442 3129 637 3199 κρήνην,
647 3133 845 3197 fontem
870 3135 1090 3186 haurire:
1120 3137 1204 3185 ποῖ
1232 3141 1369 3186 ταῦτ’
1394 3135 1473 3205 ἄρ’

444 3208 710 3276 &veona-riis:
741 3230 755 3272 3
798 3236 825 3255 οι
844 3230 1076 3277 quorsum
1128 3215 1231 3263 haec
1278 3218 1473 3265 tandem

442 3294 731 3354 erumpent?
757 3314 783 3335 n
816 3295 1004 3343 Horum
1026 3306 1187 3343 autem
1216 3295 1472 3343 verborum

444 3370 681 3419 sententia
708 3372 812 3420 hoec
838 3384 943 3422 est:
966 3394 989 3418 ιι
1006 3374 1095 3421 Fac
1121 3377 1361 3437 Quintum
1386 3376 1475 3423 fra·

444 3458 567 3496 trem
584 3484 599 3508 ,
619 3464 769 3512 quum
794 3468 821 3509 a
846 3463 893 3500 te
921 3452 1081 3518 ἔρανον
1100 3453 1265 3515 petiit,
1290 3468 1392 3500 non
1409 3453 1473 3501 ad

443 3522 659 3593 διψῶσαν
672 3526 837 3595 κρήνην
850 3532 1143 3593 venisse,sed
1160 3532 1223 3580 ad
1232 3530 1474 3598 Πειρήνην,

442 3608 521 3655 sac
538 3610 681 3656 etiam
700 3610 921 3659 eumdem
938 3612 1139 3660 summis
1156 3612 1387 3675 augustiis
1402 3614 1472 3660 rei

442 3686 691 3734 familiaris
705 3704 921 3752 pressum
944 3691 995 3736 in
1024 3702 1071 3737 te
1092 3690 1285 3737 haurire
1301 3687 1469 3757 κρήνην

440 3764 495 3812 id
541 3776 613 3813 est
628 3802 642 3825 ‚
688 3766 875 3815 fontem
920 3768 1245 3825 uberrimum,
1297 3786 1472 3833 nempe

442 3842 699 3911 ἄμπνευμα
711 3844 874 3912 σεμνὸν
894 3832 1219 3912 Ᾰλφιιοῦ,ὴοο
1235 3858 1331 3906 est,
1349 3850 1470 3896 Are-

442 3922 655 3980 thusam,
684 3940 793 3987 quae
836 3924 1049 3973 Pindaro
1075 3938 1147 3973 est
1187 3926 1370 3989 Alphei
1390 3943 1465 3975 re-

442 4000 651 4065 spiratio
678 4018 825 4050 sacra
836 4021 857 4061 ,·
886 4020 986 4067 quo
1015 4004 1209 4064 tandem
1232 4006 1339 4054 haeo
1358 4021 1471 4055 eva·

442 4078 601 4129 denti·
634 4082 728 4129 En.

518 4174 543 4220 7
554 4194 565 4208 .
588 4160 725 4209 Cato.
740 4160 885 4209 Liber
898 4160 959 4210 de
975 4161 1177 4211 Catonis
1193 4164 1307 4212 vita.
1332 4165 1465 4213 Con-

1054 4390 1081 4409 b

1563 1795 1636 1833 tra
1671 1801 1817 1850 quem
1854 1787 2014 1836 Caesar
2056 1787 2300 1853 rescripsit
2333 1789 2590 1838 Anticato-

1559 1879 1690 1913 ncm.
1721 1867 1816 1915 En.

1632 1945 1680 1992 Β.
1709 1946 1912 1991 Bassum
1938 1944 2176 1992 Lucilium
2205 1961 2315 1993 sua.
2338 1945 2582 1994 Subintel—

1560 2023 1690 2086 gitur
1712 2057 1726 2082 ,
1753 2023 2009 2073 delectant.
2050 2027 2229 2074 Sensus
2268 2035 2340 2072 est
2361 2039 2375 2073 ε
2399 2027 2587 2074 Catone

1559 2117 1672 2150 meo
1701 2103 2041 2163 delector‚sed
2071 2104 2272 2152 sortasse
2297 2105 2401 2152 sine
2425 2121 2584 2166 causa,

1560 2181 1760 2244 quando
1788 2183 1934 2230 etiam
1969 2185 2170 2232 Bassum
2204 2183 2469 2243 Lucilium,
2486 2200 2588 2232 ma·

1560 2261 1664 2308 lum
1690 2263 1974 2326 scriptorem
1991 2297 2005 2320 ‚
2031 2279 2116 2311 sua
2141 2263 2398 2312 delectant.
2435 2265 2582 2314 Mur.

1632 2359 1684 2404 9.
1720 2340 1886 2391 Coelio.
1925 2344 2020 2392 Hic
2062 2344 2414 2392 nummularius
2450 2356 2583 2406 erat,

1561 2437 1672 2469 cum
1695 2436 1853 2485 eoque
1890 2422 2060 2472 Cicero
2086 2424 2258 2487 agebat
2285 2424 2348 2472 de
2383 2436 2584 2488 argento

1559 2516 1741 2549 aurove
1769 2502 1927 2558 facto,
1967 2513 2051 2552 aut
2091 2504 2309 2565 inrecto,
2339 2520 2450 2555 cum
2485 2504 2584 2552 alio

1561 2580 1752 2644 signato
1777 2582 2144 2632 commutando.
2173 2586 2369 2632 Bosms.

1638 2674 1714 2707 xo.
1741 2660 1846 2725 Ego
1875 2660 1999 2707 m'lut'l
2031 2661 2157 2709 novi.
2193 2661 2374 2727 Supple
2389 2699 2404 2724 ‚
2426 2660 2580 2711 habeo

1561 2737 1702 2806 quod
1720 2738 1944 2787 scribam.
1972 2740 2100 2787 Male
2125 2742 2320 2789 Manat.
2350 2740 2584 2804 interpre-

1561 2826 1712 2876 tatur,
1743 2818 1882 2881 «Ego
1901 2815 2004 2863 haec
2035 2834 2135 2864 non
2151 2817 2371 2881 intelligo
2387 2839 2428 2865 υ.
2457 2818 2582 2865 Nam

1561 2896 1616 2944 in
1637 2896 1781 2959 epist.
1813 2912 1914 2959 seq.
1941 2910 2032 2959 ego
2069 2894 2166 2942 isca
2188 2896 2322 2954 novi,
2339 2896 2425 2944 ubi
2447 2900 2583 2945 Man.

1561 2976 1678 3041 legit
1697 2990 1798 3022 non
1820 2974 1956 3032 novi,
1980 2974 2068 3021 sed
2089 2986 2258 3023 contra
2285 2976 2428 3023 MSS.
2452 2976 2545 3023 En.

1641 3070 1720 3103 11.
1763 3055 1979 3101 Natura.
2028 3054 2262 3103 ‘Naturam
2304 3064 2446 3101 vocat
2481 3055 2584 3100 auri

1563 3133 1840 3199 qualitatem
1866 3144 1916 3181 et
1942 3142 2345 3198 temperaturam3
2373 3132 2581 3179 bonum-

1562 3229 1626 3260 ne
1650 3229 1712 3259 au
1737 3210 1915 3259 malum
1934 3212 2020 3271 sit,
2047 3228 2222 3277 purum
2239 3222 2416 3277 putum
2435 3220 2484 3257 et
2499 3210 2584 3257 ob-

1563 3308 1730 3356 ryzum
1751 3328 1766 3355 ,
1809 3304 1874 3347 an
1898 3302 2206 3355 argentosum
2227 3325 2242 3349 ,
2277 3288 2582 3338 orichalcove

1561 3372 1888 3436 permixtum:
1913 3370 2186 3418 facultatem
2211 3386 2352 3427 vero,
2371 3368 2581 3416 aestima-

1562 3452 1749 3499 tionem
1793 3462 1842 3498 et
1869 3450 2094 3516 pretium.
2133 3454 2250 3499 Hm
2275 3464 2338 3496 ex
2363 3448 2582 3512 pecuniae

1559 3532 1760 3594 signatae
1785 3540 1902 3577 nota
1931 3528 2072 3576 facile
2096 3528 2413 3593 perspicitur:
2437 3542 2583 3591 pecu-

1559 3611 1689 3657 niam
1703 3619 1862 3655 autem
1885 3608 2117 3671 signatam
2131 3606 2463 3664 contrahebat,
2479 3622 2579 3669 quo

1561 3689 1750 3736 facilius
1775 3687 2058 3734 auferretur.
2083 3688 2196 3733 Bos.

1640 3782 1718 3814 ια.
1763 3764 1890 3814 olim
1927 3764 2285 3829 distinguebant
2309 3764 2410 3823 sic,
2444 3780 2582 3813 «non

1561 3846 1778 3895 facultas.
1806 3845 1965 3893 Modo
1983 3844 2044 3891 de
2062 3846 2328 3893 Hortensio
2351 3853 2400 3891 et
2413 3844 2579 3908 Vix-g.»

1554 3926 1778 3977 Correxit
1805 3924 2068 3971 Manutius.
2095 3926 2144 3973 J.
2165 3927 2230 3972 V.
2261 3926 2298 3970 L

1633 4006 1714 4052 13.
1742 4006 1818 4051 De
1841 4002 2094 4051 Hortensio
2126 4014 2172 4050 et
2205 4001 2424 4067 Virgae'nio
2441 4036 2459 4061 ‚
2504 4013 2574 4048 eu.

1555 4087 1663 4133 Hos
1692 4098 1886 4147 quoque
1925 4084 2222 4145 argentarios
2257 4094 2382 4146 puto
2409 4081 2575 4129 fuisse.

1565 4166 1633 4211 Tu
1653 4181 1671 4211 .-
1692 4162 1924 4221 subaudi,
1942 4177 2126 4226 quaeres
2143 4174 2302 4213 autem
2321 4160 2415 4209 hoc
2428 4192 2443 4219 ‚
2460 4174 2576 4207 uum
