3019 4681
481 448 566 493 10
1122 424 1220 489 Μ.
1275 422 1352 489 Τ.
1407 422 1967 493 CICERONIS

466 544 684 617 nullae
711 545 896 615 vires
917 594 940 627 ‚
970 542 1172 613 nulla
1205 540 1410 614 sedes
1429 598 1449 627 ‚
1483 568 1635 640 quo
1657 559 2135 635 concurrant,
2167 548 2297 645 qui
2326 572 2631 646 rempu-

465 655 732 727 blicam
761 651 1132 725 defensam
1162 653 1407 725 velint.
1447 654 1709 751 Apulia
1743 655 2019 727 delecta
2050 670 2193 743 est,
2219 658 2635 728 inanissima

465 790 635 864 pars
669 763 924 850 Italiae,
979 776 1054 833 et
1114 761 1208 834 ab
1257 765 1540 863 impetu
1580 764 1827 860 ‚hujus
1884 764 2058 839 belli
2116 771 2631 854 remotissima;

464 874 636 975 fuga
689 890 762 947 et
816 875 1174 945 maritima
1233 880 1753 973 opportunitas
1807 878 1957 949 visa
2004 880 2230 975 quaeri
2287 877 2631 977 despera-

465 989 684 1059 tione.
727 988 963 1059 Invite
1002 988 1158 1085 cepi
1191 992 1511 1085 Capuam
1540 1042 1559 1075 ‚
1588 1013 1742 1059 non
1784 1013 1943 1085 quo
1978 1012 2249 1060 munus
2285 988 2465 1061 illud
2509 989 2632 1061 de-

467 1095 791 1195 fugerem
812 1152 832 1184 ,
884 1094 1012 1167 sed
1049 1097 1150 1167 sic
1179 1120 1272 1167 ne
1300 1122 1589 1168 causam
1617 1094 1673 1187 ⁸,
1721 1099 1795 1167 in
1830 1122 1977 1195 qua
2015 1098 2259 1171 nullus
2295 1115 2482 1172 esset
2516 1126 2633 1172 or-

461 1208 756 1297 dinum,
803 1207 1050 1279 nullus
1096 1222 1391 1307 apertus
1431 1212 1877 1306 privatorum
1918 1207 2215 1299 dolor93
2262 1208 2631 1281 bonorum

467 1334 718 1391 autem
757 1334 944 1391 esset
983 1320 1286 1416 aliquiS,
1323 1318 1448 1390 sed
1491 1318 1752 1403 hebeS,
1788 1333 1870 1389 ut
1914 1319 2139 1408 solet3
2194 1334 2267 1393 et
2292 1376 2311 1408 ‚
2358 1335 2443 1391 ut
2476 1322 2633 1418 ipse

470 1431 854 1501 sensissem
880 1429 1408 1515 ¹⁰‚.multitudo
1447 1444 1519 1503 et
1557 1427 1853 1502 infimus
1889 1432 2201 1529 quisque
2219 1456 2634 1530 propensus

465 1544 544 1611 in
574 1540 872 1612 alteram
895 1555 1174 1637 partem
1190 1540 1433 1627 ‚multi
1456 1542 1879 1613 mutationis
1903 1566 2148 1613 rerum
2174 1543 2441 1642 cupidi.
2464 1543 2633 1613 Dixi

464 1652 638 1751 ipsi,
673 1676 788 1722 me
818 1652 999 1722 nihil
1025 1666 1539 1750 suscepturum
1570 1656 1723 1725 sine
1758 1654 2089 1752 praesidio
2126 1669 2199 1725 et
2226 1658 2381 1726 sine
2411 1678 2631 1752 pecu-

464 1763 606 1832 nia.
641 1768 897 1859 Itaque
928 1761 1153 1834 habui
1183 1762 1364 1833 nihil
1401 1768 1707 1835 omnino
1737 1767 2044 1863 negotii3
2080 1766 2281 1863 quod
2302 1763 2394 1836 ab
2423 1766 2633 1835 initio

461 1872 654 1962 vidi,
687 1874 870 1945 nihil
903 1864 1126 1971 quaeri
1165 1890 1426 1974 praeter
1460 1874 1729 1973 fugam.

557 1990 734 2056 Earn
759 1996 820 2029 ¹¹
866 1988 925 2057 si
957 2012 1158 2058 nunc
1187 2012 1490 2085 sequor,
1536 1986 1915 2084 quonam?
1940 1990 2126 2057 Cum
2152 1985 2277 2055 illo
2307 2008 2499 2075 non3
2540 1986 2633 2057 ad

463 2119 688 2191 quem
723 2120 956 2193 quum
996 2122 1228 2169 essem
1257 2097 1629 2195 profectus
1650 2153 1668 2183 ‚
1698 2101 2009 2193 cognovi
2039 2100 2113 2167 in
2152 2097 2237 2167 iis
2265 2096 2441 2169 locis
2476 2122 2633 2171 esse

467 2208 855 2291 Caesarem,
881 2220 964 2276 ut
992 2221 1152 2277 tuto
1184 2209 1563 2278 Luceriam
1587 2208 1837 2279 venire
1866 2231 2017 2276 non
2052 2231 2365 2304 possem.
2387 2205 2633 2278 Infero

465 2317 737 2386 marin
776 2313 990 2388 nobis
1013 2373 1032 2406 ,
1071 2318 1350 2391 incerto
1381 2343 1639 2408 cursu,
1678 2318 1917 2390 hieme
1952 2320 2266 2390 maxima
2297 2323 2636 2416 navigan-

467 2425 644 2498 dum
689 2442 819 2500 est.
877 2432 1024 2526 Age
1067 2428 1260 2522 jam,
1299 2453 1468 2501 cum
1527 2428 1745 2502 fratre
1774 2485 1793 2516 ‚
1820 2455 1931 2509 ,an
1974 2430 2183 2500 sine?
2228 2453 2397 2500 cum
2432 2427 2587 2500 filio
2614 2481 2634 2516 ,

467 2551 596 2609 aut
637 2565 790 2636 quo
827 2539 1103 2610 modo?
1139 2546 1220 2612 In
1249 2555 1557 2638 utraque
1592 2545 1787 2630 enim
1822 2566 1903 2612 re
1932 2565 2213 2612 summa
2244 2538 2633 2612 difficultas

467 2651 636 2739 erit,
675 2675 1004 2722 summus
1035 2653 1254 2723 animi
1283 2651 1517 2724 dolor.
1546 2654 1690 2743 Qui
1726 2667 1969 2724 autem
1998 2655 2314 2752 impetus
2351 2653 2539 2724 illius
2568 2649 2630 2694 ¹3

467 2763 606 2832 erit
619 2763 696 2832 in
730 2786 864 2833 nos
891 2761 1228 2834 absentes
1261 2760 1737 2859 fortunasque
1773 2762 2107 2833 nostras?
2130 2763 2391 2848 acrior,
2410 2783 2634 2856 quam

467 2873 548 2941 in
580 2887 992 2944 ceterorum
1015 2876 1127 2960 ¹43
1167 2871 1370 2970 quod
1405 2872 1696 2971 putabit
1732 2871 2072 2960 fortasse,
2110 2876 2189 2942 in
2228 2868 2445 2942 nobis
2477 2870 2634 2946 vio-

467 3151 637 3202 qtmm.
673 3135 757 3185 Ad
796 3148 1086 3203 apparatum
1113 3137 1261 3201 belli,
1301 3153 1406 3187 non
1441 3139 1506 3188 ad

467 3217 751 3282 equitatem
780 3219 1010 3282 respexit.
1052 3219 1166 3266 Hoc
1193 3218 1364 3284 paullo
1391 3230 1508 3284 post

1670 3155 1722 3202 9.
1743 3139 2048 3187 privatorum
2086 3139 2255 3188 dolor.
2284 3137 2571 3202 Indignatio
2608 3151 2636 3183 e

1604 3219 1809 3270 Caesaris
1836 3219 1983 3267 ansis.
2014 3221 2131 3268 Sca.

472 3297 618 3360 dixit,
634 3298 774 3346 «sine
795 3314 958 3347 causa.
977 3299 1162 3358 Invite,
1185 3299 1347 3362 inquit
1360 3333 1376 3360 ,
1395 3299 1508 3364 cepi

472 3377 716 3442 Capuam,
763 3377 901 3441 quod
958 3378 1322 3442 propemodum
1362 3391 1509 3426 causa

466 3467 594 3506 esset
617 3457 888 3521 deperdita,
915 3468 966 3505 et
986 3457 1130 3522 plane
1156 3457 1291 3506 nulla
1313 3480 1354 3507 a.
1380 3459 1521 3507 Cam·

469 3553 542 3585 ,σο
570 3551 689 3584 vero
709 3538 913 3584 nomine
939 3549 1104 3601 partes
1127 3537 1357 3602 intelligit
1371 3573 1385 3597 ,
1405 3553 1505 3602 quo

467 3633 618 3666 sensu
655 3619 878 3664 Lucanus
903 3631 918 3665 :
959 3639 986 3660 α
1007 3617 1208 3667 Victrix
1231 3632 1376 3665 eausa
1410 3614 1504 3665 diis

471 3697 682 3762 placuit,
699 3694 788 3743 aed
815 3697 942 3744 vieta
966 3697 1146 3746 Catoni
1165 3717 1210 3746 a.
1237 3697 1465 3746 Mum.

545 3777 596 3824 8.
621 3774 755 3823 Olim
769 3774 1038 3838 legebatur,
1056 3776 1173 3825 used
1189 3776 1296 3824 sine
1315 3791 1502 3825 canaan.

472 3855 720 3904 Debemus
737 3855 888 3902 Bosio
907 3857 1152 3920 vulgatam
1179 3873 1312 3905 nunc
1333 3855 1504 3905 lectio·

477 3952 608 3985 nan.
642 3939 702 3983 In
731 3935 827 3984 hac
861 3947 1020 3984 autem
1047 3938 1287 3996 lectione,
1313 3939 1406 3986 sed
1434 3937 1506 3985 sic

477 4033 542 4065 ne
576 4031 800 4076 causam,
827 4014 1025 4064 schiitz.
1061 4017 1256 4066 nullum
1280 4027 1365 4065 aut
1401 4017 1504 4064 ine-

477 4105 618 4160 ptum
645 4111 748 4144 esne
775 4113 972 4146 sensum
995 4099 1301 4162 pronuntiat.
1325 4099 1511 4162 Legen-

475 4173 594 4224 dum
619 4176 788 4224 atatuit
807 4191 822 4225 t
843 4175 1049 4245 sedfide
1069 4193 1282 4227 cassam.
1309 4177 1402 4226 En.

1676 3315 1758 3348 ιο.
1793 3297 2071 3348 Sensissem.
2096 3298 2340 3346 Vidissem
2364 3298 2467 3359 jam
2492 3307 2634 3353 ante,

1598 3395 1752 3443 quum
1772 3377 1821 3426 in
1846 3379 2073 3427 exsilium
2090 3379 2222 3426 abire
2250 3389 2454 3426 coactus
2464 3393 2633 3426 essem.

1662 3473 1698 3504 -ι
1712 3473 1756 3504 1.
1783 3459 1934 3507 Eam.
1963 3459 2128 3506 Lamb.
2152 3475 2282 3507 eum.
2310 3457 2509 3506 Planius
2524 3458 2635 3522 qui·

1594 3537 1741 3585 dem:
1786 3536 1874 3586 sed
1908 3537 2092 3586 habent
2122 3555 2264 3599 eam„
2316 3549 2439 3586 teste
2479 3535 2635 3584 Mala-

1592 3617 1761 3682 spina,
1786 3617 1903 3665 libri
1922 3618 2065 3666 Mss,

1672 3713 1751 3747 ια.
1770 3695 1939 3763 Infero
1956 3696 2101 3748 mari.
2112 3696 2390 3762 Tyrrheno.
2406 3693 2459 3742 Si
2474 3695 2635 3741 Brun-

1594 3778 1722 3827 disio
1748 3779 1977 3828 solvisset
1998 3814 2013 3840 ‚
2043 3777 2200 3827 multo
2228 3775 2375 3824 citius
2396 3789 2453 3822 ac
2482 3775 2635 3823 tutius

1596 3859 1651 3907 in
1678 3859 1916 3907 Graeciam
1942 3857 2264 3924 pervenisset.
2291 3857 2387 3903 En.

1674 3940 1755 3987 13.
1775 3938 1931 3988 Illius.
1956 3941 2145 4002 Nempe
2172 3934 2396 3986 Caesaris.
2422 3935 2514 3982 En.

1674 4026 1755 4075 14.
1810 4021 1972 4082 Quam
2016 4017 2067 4064 in
2114 4027 2398 4064 ceterorum.
2459 4013 2634 4062 Cicero

1602 4098 1732 4147 enim
1762 4109 1811 4146 et
1829 4100 1893 4162 Q.
1912 4098 2085 4145 fratrea
2102 4095 2222 4145 novi
2238 4093 2461 4142 homines
2478 4105 2633 4151 erant,

1602 4187 1650 4225 et
1666 4178 1781 4226 ideo
1803 4176 1978 4238 majori
1999 4175 2199 4226 invidie
2223 4175 2447 4236 subjecti.
2480 4174 2577 4222 En.
