3019 4681
698 399 1215 472 EPISTOLAE
1265 403 1406 472 AD
1458 399 1968 482 ATTICUM‚
2015 397 2207 483 XII,
2253 393 2314 466 5.

2435 391 2572 464 235

442 527 522 592 L.
563 521 779 610 Libo,
833 524 993 612 ille,
1028 527 1155 622 qui
1186 525 1279 598 de
1322 529 1516 598 Serv.
1565 521 1798 596 Galba
1825 515 1928 610 ¹⁸,
1967 522 2470 592 Censorinone
2498 531 2576 588 et

445 632 781 720 Manilio,
814 659 909 706 an
948 639 1026 708 T.
1071 637 1373 728 Quintio
1398 690 1418 723 ,
1462 633 1578 706 Μ’.
1619 631 1848 704 Acilio
1882 626 2308 701 consulibus
2344 625 2580 697 tribu—

446 767 585 814 nus
626 743 857 842 plebis
882 743 1121 817 fuerit.
1160 745 1792 818 conturbat-enim
1819 753 1880 802 ¹9
1897 765 2014 812 me
2033 741 2347 838 epitome
2375 739 2580 808 Bruti

446 855 811 925 Fanniana
830 911 851 944 ‚
872 881 965 927 an
992 858 1195 928 Bruti
1214 859 1532 954 epitome
1561 855 2098 925 Fannianorum
2109 849 2230 918 ²0?
2261 849 2576 946 Scripsi,

450 963 651 1059 quod
700 980 857 1036 erat
902 968 981 1037 in
1036 981 1415 1053 extrem03
1473 965 1700 1063 idque
1745 987 1882 1062 ego
1933 975 2286 1057 sequutus
2305 1013 2327 1046 ‚
2376 958 2580 1028 hunc

450 1074 841 1162 Fannium,
878 1078 1010 1174 qui
1053 1079 1336 1176 scripsit
1363 1077 1773 1161 historiam,
1819 1095 2165 1170 generum
2219 1091 2372 1141 esse
2409 1067 2584 1140 scri·-

452 1204 730 1277 pseram
790 1183 1002 1255 Laelii.
1060 1183 1198 1255 Sed
1244 1198 1326 1254 tu
1368 1207 1485 1254 me
1527 1189 2022 1281 γεωμετρωιῶςΜ
2056 1175 2416 1250 refelleras
2459 1201 2475 1244 ε
2517 1189 2587 1244 te

453 1306 691 1362 autem
731 1317 930 1364 nunc
968 1299 1229 1366 Brutus
1268 1309 1341 1366 et
1388 1295 1726 1366 Fannius.
1783 1295 1936 1388 Ego
1975 1305 2219 1362 tamen
2257 1287 2349 1360 de
2385 1285 2590 1358 bono

452 1413 742 1490 autore,
772 1406 1163 1474 Hortensio
1180 1413 1246 1446 ²²
1268 1459 1286 1493 ‚
1320 1406 1419 1476 sic
1457 1425 1872 1500 acceperam
1894 1455 1912 1488 ,
1951 1414 2036 1470 ut
2069 1396 2262 1498 apud
2288 1402 2593 1467 Brutum

455 1523 584 1580 est.
644 1515 856 1582 Hunc
906 1513 1127 1610 igitur
1168 1513 1411 1584 locum
1454 1512 1818 1611 expedies.
1864 1515 2016 1606 Ego
2052 1510 2211 1580 misi
2248 1511 2594 1578 Tironem

456 1617 845 1690 Dolabellae
906 1620 1234 1709 obviam3
1296 1625 1357 1694 is
1412 1622 1504 1693 ad
1557 1647 1676 1694 me
1727 1619 1968 1692 idibus
2019 1632 2456 1690 revertetur..
2493 1619 2596 1686 Te

455 1729 889 1827 exspectabo
936 1731 1306 1830 postridie.
1356 1735 1467 1804 De
1518 1731 1755 1803 Tullia
1797 1754 1954 1801 mea
1997 1727 2128 1800 tibi
2181 1726 2594 1824 antiquissi-

458 1863 657 1909 mum
686 1865 841 1912 esse
868 1840 1117 1932 video;
1142 1841 1363 1940 idque
1392 1844 1490 1913 ita
1522 1857 1602 1912 ut
1627 1843 1755 1928 sit,
1782 1854 1854 1911 te
1881 1837 2352 1910 vehementer
2379 1859 2582 1930 rogo.

456 1951 644 2045 Ergo
680 1965 755 2022 et
800 1952 877 2022 in
928 1949 1296 2050 integr0²³
1335 1954 1582 2023 omnia
1621 1978 1637 2022 :
1685 1953 1787 2022 sic
1829 1951 2025 2021 enim
2081 1946 2354 2020 scribis.
2405 1945 2594 2018 Mihi

457 2058 587 2126 etsi
613 2055 936 2128 kalendae
970 2058 1272 2130 vitaudae
1312 2057 1613 2142 fuerunt
1633 2113 1652 2146 ‚
1688 2057 2377 2152 Nicasionumque²4
2401 2057 2592 2152 ἀρχέ·

458 2251 599 2283 suum
622 2241 985 2301 recognovisse,
1008 2239 1097 2287 ubi
1129 2239 1407 2304 scripserat,
1434 2253 1477 2288 e.

461 2314 527 2364 26
544 2348 561 2375 ,
572 2317 807 2365 Fannium
824 2317 1109 2367 historicum
1136 2330 1363 2383 generum
1379 2333 1480 2366 esse

460 2394 609 2445 Laelii.
628 2396 837 2446 Videtur
853 2410 1011 2447 sutem
1032 2414 1132 2447 non
1150 2398 1360 2463 probare
1377 2399 1483 2462 opi-

462 2474 655 2523 nionem
670 2477 821 2526 Attici
840 2495 855 2539 ;
872 2478 995 2527 nihil
1006 2480 1133 2527 enim
1148 2479 1369 2528 mutavit.
1386 2479 1481 2525 En.

540 2556 619 2603 18.
666 2558 738 2604 De
776 2560 898 2605 Serv.
946 2558 1126 2608 Galba.
1167 2555 1379 2621 supple,
1419 2556 1485 2604 ad

460 2634 701 2698 populum
744 2634 873 2685 tulit.
920 2638 1148 2703 Epitome
1198 2637 1321 2683 Livii
1336 2671 1351 2689 ,
1392 2635 1482 2685 lib.

460 2715 645 2765 xux.
702 2718 778 2763 De
821 2731 923 2779 quo
976 2715 1148 2766 Cicero
1194 2716 1249 2763 iu
1298 2716 1453 2763 Bruto
1470 2750 1489 2777 ‚

464 2810 571 2858 esp.
592 2796 680 2843 23.
708 2797 800 2843 En.

540 2888 622 2937 19.
649 2877 698 2923 ,1.
724 2876 779 2925 F.
805 2876 1106 2933 Gronovius,
1132 2874 1353 2922 adhibito
1369 2876 1489 2922 Tor-

464 2954 666 3001 uoesisn.
705 2954 903 3016 codiee,
938 2956 1012 3003 sic
1032 2953 1259 3003 emendet
1278 2968 1488 3017 sequen·

468 3033 532 3081 tia
554 3047 607 3082 τι
620 3034 895 3083 Conturbat
914 3033 1046 3081 enim
1063 3048 1141 3081 me
1164 3034 1217 3079 in
1236 3032 1376 3080 Bruti
1392 3032 1492 3095 epi·

470 3124 599 3161 tome
640 3114 995 3161 Fannianorum
1030 3112 1166 3177 quod
1194 3122 1295 3160 eret
1322 3112 1373 3157 in
1400 3128 1489 3158 ex-

468 3202 652 3242 tremo:
694 3192 841 3257 idque
883 3208 975 3256 ego
992 3226 1009 3253 ‚
1059 3203 1153 3241 etc.
1178 3213 1203 3233 ι·
1246 3192 1493 3239 Ernestius

468 3282 656 3319 tautum
674 3272 931 3319 delendum
951 3280 1090 3335 putat
1112 3269 1252 3317 Bruti
1267 3269 1490 3333 epitome.

467 3350 607 3399 Nihil
628 3352 755 3400 forte
781 3349 1056 3399 delendum.
1081 3352 1130 3399 J.
1145 3348 1211 3396 ‘V-
1234 3350 1293 3397 1..

536 3444 623 3477 no.
635 3427 1281 3480 Romanorumn-adium
1300 3430 1357 3479 C.
1371 3430 1498 3474 Fan-

469 3508 539 3557 nii
560 3506 651 3571 (de
676 3507 853 3573 quibus
864 3509 976 3572 Leg.
994 3510 1018 3555 1
1034 3542 1049 3567 ,
1072 3506 1160 3572 2),
1178 3522 1304 3571 quos
1322 3508 1373 3553 in
1393 3506 1497 3571 epi·

472 3598 637 3635 tomen
652 3588 831 3636 Bmtus
857 3596 1179 3635 contraxerat.
1202 3588 1252 3635 J.
1278 3589 1334 3635 F.
1358 3588 1496 3634 Gno-

472 3682 671 3715 novius.

542 3760 572 3793 s
584 3760 633 3795 ι.
650 3748 1001 3813 Γιομιτραῶς.
1018 3746 1161 3793 More
1178 3744 1492 3809 geometrico.

542 3840 627 3872 ηπ.
670 3824 939 3873 Bor-tensio.
978 3825 1137 3887 Quem
1162 3824 1215 3871 in
1240 3826 1417 3885 Bruto,
1450 3840 1496 3873 ο.

474 3904 742 3967 88‚msgua
756 3904 984 3951 ine-oris
1007 3912 1211 3952 metetur
1228 3904 1390 3953 fuisse.
1403 3904 1497 3953 En.

546 3982 634 4030 23.
656 3984 789 4048 Ergo
808 3992 855 4029 et
878 3982 927 4030 in
954 3981 1163 4047 integro.
1186 3984 1317 4047 Ergo
1340 3994 1389 4031 et
1417 4000 1497 4031 se-

474 4062 613 4109 natui
626 4078 731 4112 uon
744 4062 943 4111 interfui
953 4096 969 4123 ,
992 4073 1045 4110 et
1063 4060 1379 4113 nihilominus
1396 4080 1498 4112 om-

478 4142 555 4190 nia
583 4144 699 4191 mihi
724 4145 780 4191 in
804 4145 993 4207 integro
1020 4154 1133 4192 sunt
1166 4144 1301 4208 apud
1336 4146 1495 4193 cm-

1531 2257 1546 2268 ·
1567 2253 1672 2286 rem
1693 2238 1912 2286 :suimus
1951 2235 2082 2284 illius
2121 2250 2232 2310 erga
2255 2251 2335 2282 me
2370 2231 2496 2281 nihil
2523 2243 2599 2280 est

1567 2319 1876 2379 immutatus,
1902 2331 2194 2383 quamquam
2227 2313 2449 2363 kalendis
2489 2311 2614 2361 Ro-'

1569 2414 1660 2448 mae
1687 2416 1792 2448 non
1810 2399 2049 2447 adfuerim
2066 2433 2080 2453 ,
2105 2412 2258 2461 quum
2288 2402 2482 2443 emtus
2507 2392 2598 2440 hs-

1569 2478 1703 2528 bitus
1719 2488 1807 2529 est.
1831 2480 1983 2527 Man.

1642 2566 1730 2614 24.
1769 2556 2180 2619 Nicasionumque
2213 2550 2482 2621 ἀρχέτυπα..
2517 2548 2600 2598 Sic

1571 2636 1706 2700 lego,
1723 2637 1814 2685 etsi
1830 2636 1912 2684 aiii
1929 2636 2070 2684 diter
2087 2642 2290 2681 mutent.
2311 2630 2600 2679 Nicasiones

1573 2726 1708 2765 erant
1727 2716 2010 2779 argentarii,
2025 2724 2110 2763 aut
2129 2713 2474 2761 soenerstores:
2501 2710 2601 2757 for-

1575 2796 1711 2843 tassis
1739 2798 1804 2843 its
1842 2794 1958 2843 dieti
1976 2828 1990 2853 ‚
2029 2791 2166 2857 quod
2199 2802 2389 2839 eeteros
2419 2790 2472 2836 in
2502 2788 2604 2835 hoo

1576 2874 1920 2937 negotiationis
1969 2886 2143 2938 genere
2191 2872 2458 2919 vincerent.
2513 2868 2602 2915 Est

1577 2955 1706 3001 euim
1723 2954 1918 3003 Nicasio
1935 2968 2116 3001 nomen
2133 2950 2388 3015 proprium
2410 2947 2603 3009 origiue

1580 3050 1816 3098 graecnm3
1835 3032 1968 3099 apud
1995 3033 2281 3083 Ciceronem
2306 3028 2603 3082 iuven-rem,

1580 3116 1672 3171 IV,
1701 3116 1786 3162 51.
1813 3112 2041 3161 Afranius
2065 3114 2116 3158 in
2145 3108 2306 3157 fabula
2333 3105 2597 3163 lucendio,

1583 3216 1608 3236 α
1627 3194 1803 3241 Servus
1829 3205 1902 3241 est
1927 3192 2047 3239 mihi
2079 3187 2278 3239 Nicasio
2313 3184 2568 3234 sceleratus
2585 3216 2601 3237 ,

1585 3274 1805 3322 curiosus
1824 3294 1866 3318 ιι.
1886 3270 2112 3321 Caecilius
2125 3268 2141 3315 i
2147 3284 2178 3315 n
2193 3266 2508 3331 inscriptione
2522 3279 2612 3311 co·-

1581 3352 1800 3410 moediae‚
1826 3350 1966 3415 eujus
1993 3347 2270 3397 testimonio
2297 3344 2492 3393 Nonius
2517 3344 2604 3391 ali-

1583 3431 1776 3496 quoties
1823 3431 1980 3477 utitur
1999 3463 2015 3487 ‚
2071 3426 2384 3476 Botonieasio
2397 3458 2412 3481 ‚
2465 3424 2606 3487 qussi

1581 3510 1838 3575 pecuarius
1852 3544 1866 3567 ,
1887 3506 1966 3556 vel
1981 3506 2173 3572 peeoris
2191 3502 2432 3567 magister.
2457 3490 2608 3571 Ᾰρχί-

1581 3606 1714 3641 mor.
1737 3602 1882 3639 vocet
1907 3584 2208 3638 calendar-12⁸
2231 3584 2573 3633 foenerstorum
2589 3620 2606 3645 ‚

1583 3672 1637 3719 in
1661 3686 1772 3735 quse
1805 3670 1938 3718 velut
1975 3668 2032 3715 in
2066 3662 2379 3731 primigenius
2415 3664 2608 3714 tabulas

1581 3750 1782 3799 nomine
1825 3747 2062 3797 referunt.
2105 3746 2305 3795 Ponu.
2343 3772 2413 3782 --
2454 3745 2606 3793 Bosio

1584 3828 1806 3895 placebat
1831 3824 2259 3876 Neoet‘easionum.
2293 3824 2467 3873 Rosius
2489 3840 2608 3872 vero

1583 3920 1802 3957 morien-s
1835 3916 1964 3955 smst
2002 3905 2208 3952 nimium
2225 3938 2239 3963 ‚
2279 3916 2330 3953 et
2363 3903 2608 3969 quidquid

1585 4002 1768 4036 novum
1789 3995 1878 4034 est.
1901 3985 1979 4033 Sic
2004 3998 2133 4048 saepe
2156 3986 2204 4033 J.
2224 3986 2278 4032 F.
2302 3983 2609 4040 Gronovius,

1583 4068 1670 4131 qui
1693 4065 1747 4115 h.
1778 4064 1812 4114 1.
1839 4063 2042 4125 coniicit
2069 4058 2453 4111 νιοιικοστώνων.
2489 4060 2602 4110 sch.

1583 4143 1840 4209 Mongaltit
1865 4144 2107 4193 rationem
2125 4142 2320 4208 probat.
2342 4144 2391 4191 J.
2411 4144 2475 4191 V.
2499 4142 2554 4187 L.
