3019 4681
593 355 736 427 208
1221 357 1315 424 M.
1366 358 1439 424 T.
1491 357 2078 428 CICERONIS

593 502 834 578 quam.
876 477 1019 568 Qui
1061 479 1138 548 in
1184 480 1347 549 Asia
1407 493 1614 566 sunt,
1656 503 1899 550 rerum
1954 482 2227 550 exitum
2279 493 2685 578 exspectant.

592 590 879 662 Achaici
916 589 1132 659 etiam
1184 585 1392 659 Fufio
1440 613 1645 686 spem
1702 588 2232 686 deprecationis
2290 589 2588 663 afferunt
2614 595 2687 658 ¹⁴.

583 706 862 772 Horum
891 714 964 770 et
991 701 1210 770 timor
1241 697 1432 769 idem
1468 697 1607 771 fuit
1634 700 1901 796 primo,
1929 701 2056 797 qui
2082 723 2328 788 mem,
2354 717 2427 772 et
2460 701 2695 771 consti·

583 825 822 882 tutum
844 805 927 878 ¹⁵.
957 813 1162 880 Mora
1189 807 1665 880 Alexandrina
1704 833 1990 880 causam
2036 809 2327 880 illorum
2372 811 2695 884 correxit.

587 945 821 992 meam
855 921 1130 990 evertit.
1152 919 1645 1010 Quamobrem
1679 919 1871 991 idem
1898 944 1939 991 a
1966 933 2039 990 te
2070 943 2269 991 nunc
2280 937 2451 1019 peto
2469 975 2487 1008 ‚
2514 918 2697 1016 quod

594 1025 1093 1126 superioribus
1125 1027 1378 1112 literis,
1415 1042 1541 1116 ut,
1584 1032 1645 1100 si
1689 1029 1866 1126 quid
1901 1030 1975 1099 in
2008 1029 2311 1126 perditis
2358 1029 2569 1102 rebus
2603 1029 2697 1098 di-

594 1143 908 1237 spiceres
926 1191 946 1226 ‚
976 1137 1178 1234 quod
1208 1138 1386 1208 mihi
1422 1153 1715 1237 putares
1744 1135 2157 1209 faciendum
2175 1193 2195 1226 ‚
2224 1163 2342 1210 me
2370 1161 2697 1210 monere&

601 1250 678 1322 Si
737 1249 1050 1346 recipior
1113 1246 1206 1318 ab
1277 1247 1390 1318 his
1419 1303 1438 1336 ‚
1499 1248 1703 1345 quod
1746 1246 1944 1319 vides
1994 1273 2145 1318 non
2202 1246 2399 1338 fieri3
2442 1264 2661 1320 tamen
2682 1303 2703 1334 ,

589 1361 834 1460 quoad
879 1361 1158 1434 beilum
1191 1366 1361 1450 erit,
1402 1362 1582 1459 quid
1610 1387 1851 1461 agam,
1891 1377 2018 1434 aut
2058 1360 2186 1432 ubi
2224 1365 2396 1453 sim,
2441 1389 2585 1434 non
2604 1387 2701 1432 re-

600 1461 809 1572 perio
856 1500 871 1542 ε
921 1477 1030 1543 sin
1063 1473 1337 1568 jactor,
1382 1497 1470 1543 eo
1524 1471 1784 1542 minus.
1821 1475 2074 1568 Itaque
2117 1485 2275 1542 tuas
2320 1472 2553 1544 literas
2594 1497 2704 1542 ex·

601 1596 894 1681 spect03
952 1606 1218 1679 easque
1264 1596 1347 1652 ut
1398 1581 1486 1652 ad
1542 1607 1657 1654 me
1714 1586 1869 1653 sine
1920 1580 2373 1653 dubitatione
2424 1580 2707 1659 scribas,

587 1719 789 1792 roge.
838 1694 1058 1784 Quod
1108 1689 1404 1780 suades,
1449 1707 1533 1763 ut
1576 1691 1665 1762 ad
1721 1692 2077 1782 Quintum
2130 1692 2435 1763 scribam
2488 1693 2575 1764 de
2608 1692 2705 1760 his

589 1801 921 1892 literis¹⁶‚
970 1802 1322 1890 facerem,
1375 1806 1436 1872 si
1471 1825 1589 1873 me
1632 1801 2035 1900 quidquam
2079 1803 2228 1872 istae
2278 1802 2497 1874 literae
2528 1799 2709 1872 dele-

590 1929 888 1986 ctarent.
920 1909 1071 1984 Etsi
1096 1911 1394 2011 quidam
1433 1912 1716 2011 scripsit
1751 1911 1843 1982 ad
1877 1935 1992 1982 me
2020 1911 2131 1982 his
2155 1911 2441 1984 verbis=
2472 1943 2506 1978 α
2532 1916 2668 2008 Ego
2688 1965 2705 1995 ,

587 2041 675 2097 ut
709 2027 785 2096 in
824 2025 938 2116 bis
965 2024 1168 2095 malis
1190 2077 1210 2112 ,
1246 2023 1470 2094 Patris
1505 2046 1666 2093 sum
1688 2047 1837 2093 non
1873 2023 2186 2110 invitus3
2230 2047 2457 2095 essem
2496 2021 2707 2095 liben-

589 2141 764 2224 tiuS,
810 2135 870 2206 si
907 2133 1122 2203 frater
1159 2147 1328 2202 tuus
1365 2155 1446 2202 ea
1477 2130 1568 2202 de
1605 2145 1676 2202 te
1713 2131 2176 2228 loqueretur,
2220 2157 2381 2229 quae
2425 2157 2558 2230 ego
2590 2155 2706 2202 au-

592 2245 748 2319 dire
784 2243 1116 2316 vellem».
1155 2241 1377 2333 Quod
1419 2243 1520 2313 ais
1560 2241 1767 2312 illum
1801 2238 1890 2312 ad
1931 2256 2002 2312 te
2054 2239 2367 2312 scribere
2390 2295 2407 2328 ‚
2445 2267 2562 2313 me
2592 2239 2713 2311 sibi

593 2356 829 2427 nullas
864 2355 1104 2425 literas
1152 2357 1553 2436 remittere3
1588 2351 1807 2423 semel
1845 2351 1937 2422 ab
1972 2354 2131 2449 ipso
2167 2354 2431 2450 accepi.
2471 2352 2577 2423 Ad
2609 2376 2713 2423 eas

594 2464 1022 2564 Cephalioni
1052 2462 1238 2563 *dedi
1260 2519 1279 2550 ‚
1339 2466 1468 2560 qui
1518 2462 1787 2533 multos
1834 2486 2117 2534 menses
2180 2462 2711 2562 tempestatibus

593 2589 919 2665 retentus
961 2587 1088 2643 est.
1137 2573 1489 2662 Quintum
1528 2571 1755 2644 filium
1794 2571 1887 2642 ad
1914 2597 2030 2643 me
2066 2572 2523 2645 acerbissime
2557 2575 2717 2645 scri·

598 2687 858 2784 psisse‚
878 2684 1026 2779 jam
1057 2698 1224 2753 ante
1261 2683 1348 2753 ad
1387 2698 1458 2753 te
1485 2686 1759 2783 scripsi.
1798 2688 2216 2754 Extremum
2246 2698 2388 2773 est,
2431 2684 2625 2782 quod
2654 2698 2715 2753 te

597 2819 799 2867 orem
821 2847 841 2882 ‚
865 2794 924 2865 si
961 2808 1172 2892 putas
1207 2805 1482 2863 rectum
1504 2818 1691 2881 esse,
1726 2808 1796 2865 et
1820 2817 1857 2863 a
1878 2808 1949 2863 te
1982 2795 2248 2891 suscipi
2291 2818 2537 2891 posse,
2567 2818 2719 2866 cum

599 2903 902 2975 Camillo
941 2904 1464 2989 communiceS‚
1487 2904 1993 2975 utTerentiam
2026 2905 2378 2975 moneatis
2398 2902 2491 2975 de
2522 2920 2716 2975 testa-

670 3076 748 3123 ιι.
779 3065 1022 3133 Aff'emnt.
1063 3068 1192 3115 Puto
1220 3065 1478 3129 legendum
1514 3082 1616 3115 esse
1784 3068 1866 3115 15.
1902 3066 2243 3115 Constitutum.
2270 3068 2589 3117 Deliberatio.
2610 3070 2715 3117 Nam

593 3145 841 3212 uersuum.
879 3146 1004 3194 Puto
1047 3154 1208 3192 tamen
1225 3180 1242 3205 ‚
1286 3160 1385 3192 nou
1427 3159 1617 3193 censeo.
1707 3136 2065 3222 constituerunt
2084 3180 2098 3204 ,
2124 3146 2299 3195 Caenri
2316 3164 2367 3195 se
2392 3149 2715 3196 committere:

595 3226 807 3275 Videtur
829 3226 958 3273 enim
983 3234 1031 3271 et
1075 3220 1295 3289 affl-rum
1330 3238 1472 3287 posse
1500 3226 1616 3271 reti·
1708 3223 1795 3271 sed
1814 3257 1829 3282 ,
1852 3224 2147 3288 interposito
2164 3225 2498 3274 Alexandrino
2516 3226 2657 3285 bello,
2678 3236 2721 3273 et

596 3308 700 3355 neri
723 3321 740 3366 ς
777 3318 836 3353 ut
879 3306 942 3353 sit
969 3319 982 3352 x
1011 3304 1168 3351 Etiam
1207 3318 1342 3365 spem
1376 3302 1587 3351 afferunt
1604 3335 1623 3363 ,
1712 3302 1914 3351 Caesaris
1941 3302 2083 3349 rebus
2110 3304 2165 3349 in
2192 3302 2453 3352 discrimen
2478 3305 2713 3363 adductis,

595 3402 732 3451 spem
746 3385 955 3449 ‘quidem
997 3382 1158 3431 adhuc
1195 3379 1334 3429 Fufio
1373 3381 1583 3429 afferunt
1605 3417 1621 3442 ,
1710 3382 1955 3443 integrum
1994 3380 2089 3428 sibi
2130 3394 2461 3438 reservarunt,
2492 3382 2609 3431 beni
2632 3383 2719 3431 exi-

597 3468 753 3514 ituros
769 3480 819 3511 ae
837 3463 900 3511 ad
913 3463 1149 3511 caesarem
1164 3493 1178 3517 ,
1197 3470 1254 3507 ut
1273 3458 1621 3522 deprecentur;
1712 3472 1815 3509 tum
1830 3468 2177 3524 exspectantes.
2196 3464 2366 3524 Itaque
2386 3478 2523 3511 mora
2538 3463 2719 3510 Alenu-

597 3560 700 3592 non
718 3554 878 3591 moen
895 3550 1030 3588 eunt.
1053 3536 1483 3587 Μυρὼ-Μῶα.
1505 3552 1619 3585 cum
1709 3538 1848 3587 drina
1862 3538 2091 3588 effectum
2108 3550 2196 3599 est,
2210 3551 2265 3588 ut
2282 3556 2451 3589 eorum
2470 3556 2720 3606 eumqua-

594 3624 816 3671 Gronov.
841 3620 954 3682 legit
973 3616 1226 3683 dcffirunt.
1249 3616 1396 3665 ovid.
1425 3620 1502 3664 xl
1516 3618 1620 3665 Me·
1710 3616 1751 3665 si
1772 3618 2117 3680 corrigeretur,
2134 3629 2193 3666 ut
2211 3634 2380 3667 eornm
2394 3620 2539 3684 culpa
2560 3622 2719 3669 minue·

597 3713 714 3750 tam.
759 3698 859 3747 306
887 3711 902 3745 z
937 3718 962 3741 ιι
979 3696 1126 3761 Spem
1153 3696 1353 3743 Veneris
1380 3696 1545 3745 differt
1569 3696 1621 3743 in
1714 3708 1875 3755 retur,
1907 3698 2149 3761 siquidem
2182 3698 2309 3747 nihil
2346 3700 2569 3749 fecerunt
2604 3698 2719 3764 quod

597 3790 818 3843 tempora
839 3775 1002 3825 noetis
1019 3774 1250 3838 Apollo».
1271 3776 1517 3823 Sententia
1536 3786 1627 3836 est,
1718 3776 2044 3841 Pompeianos
2068 3776 2157 3840 qui
2184 3777 2237 3823 in
2265 3778 2431 3825 Αἰτίαι
2456 3777 2633 3827 bellum
2654 3792 2719 3824 re·

597 3876 734 3923 spem
761 3856 992 3904 dederant
1017 3850 1152 3901 Fufio
1177 3852 1375 3903 Achaiae
1392 3855 1627 3919 praefeeto
1716 3864 1924 3914 novant,
1950 3855 2145 3917 gravius
2173 3855 2469 3907 offenderet.
2490 3860 2632 3905 Mur.

601 3933 893 4001 deprecandi
920 3931 1260 3982 cmx-innon
1279 3944 1626 3997 exsequuntur,
1793 3934 1873 3980 16.
1896 3934 2042 3994 Quod
2060 3934 2241 3983 suades
2250 3971 2268 3993 ‚
2302 3947 2377 3985 ue.
2394 3973 2408 3985 .
2424 3938 2648 3985 aee-ibam
2668 3933 2719 3980 de

600 4017 684 4064 sed
717 4023 966 4063 morantur
1013 4022 1060 4058 et
1099 4028 1149 4059 se
1191 4012 1446 4062 sustinent.
1487 4014 1536 4062 J.
1570 4015 1623 4060 F.
1718 4010 1789 4059 his
1808 4009 2122 4075 literis.Quae.
2142 4014 2313 4063 mihin
2333 4016 2521 4067 Caute
2540 4013 2719 4065 redditae

603 4096 836 4143 Gtoxov.
939 4164 951 4169 -
1718 4100 1845 4139 sunt.
1874 4092 2017 4143 Mau.
