3019 4681
448 396 727 417 mmm

1098 392 2567 419 mmnmmmmmmmmm

955 434 2098 587 ARGUMENTUM.

876 656 1159 725 LIBRI
1210 654 1598 723 DECIMI
1643 654 1770 721 ET
1818 655 2142 723 SEXTI.

442 774 600 835 Male
637 774 845 833 affecta
880 793 1275 853 oppressaque
1310 772 1536 831 civitate
1571 772 1746 832 armis
1780 772 2060 840 Antonii,
2091 774 2292 852 reique
2334 774 2582 853 publicae

527 866 709 926 salute
754 866 1059 944 desperata
1080 909 1097 938 ,
1155 864 1315 943 quod
1346 864 1540 925 adhuc
1569 868 1634 923 C.
1669 868 1894 923 Caesare
1921 867 2154 925 vivente
2193 868 2546 947 cogitaverat
2563 911 2581 939 ,

524 960 637 1018 iter
663 959 723 1017 in
749 960 1033 1017 Graeciam
1060 970 1147 1018 est
1170 960 1461 1037 ingressus
1482 1000 1499 1030 ,
1529 976 1598 1015 re
1625 970 1816 1016 tamen
1851 958 2013 1037 prius
2042 960 2196 1017 lente
2231 958 2548 1020 deliberata
2563 1004 2582 1031 ‚

524 1051 685 1131 quod
704 1066 763 1111 et
792 1052 999 1113 futuris
1028 1050 1103 1111 de
1130 1071 1192 1111 se
1218 1051 1524 1111 hominum
1551 1049 1916 1109 sermonibus
1947 1064 2282 1113 moveretur
2299 1096 2318 1126 ,
2346 1067 2405 1116 et
2431 1072 2581 1131 aegre

526 1164 561 1203 a
587 1144 707 1205 suis
734 1144 947 1206 villulis
972 1145 1256 1221 Italiaque
1288 1144 1654 1211 avelleretur.
1685 1146 1838 1223 Ergo
1864 1145 2136 1205 Puteolos
2161 1146 2408 1224 primum
2439 1165 2582 1225 pro·

528 1256 776 1315 gressus,
795 1237 971 1315 inque
998 1236 1209 1297 Neside
1232 1242 1477 1295 Brutum
1506 1235 1858 1315 alloquutus,
1885 1237 2123 1297 classem
2150 1257 2266 1296 una
2293 1256 2424 1296 cum
2452 1240 2586 1297 Cas·

528 1330 615 1388 sio
640 1343 966 1412 parantem,
992 1349 1107 1407 qua
1128 1329 1221 1387 ille
1232 1330 1303 1389 in
1326 1328 1730 1386 Macedoniam
1744 1371 1761 1400 ,
1783 1328 1878 1387 hic
1903 1328 1962 1385 in
1977 1327 2204 1407 Syriam
2219 1330 2584 1407 navigarent,

520 1422 779 1481 kalendis
800 1436 941 1481 sext.
972 1422 1210 1501 Rhegio,
1225 1418 1616 1479 conscendens
1631 1463 1646 1491 ,
1677 1421 1837 1477 venit
1861 1422 2192 1495 Syracusas.
2215 1416 2388 1478 Unde
2403 1436 2584 1494 quum

530 1516 915 1574 transmittere
940 1516 1118 1574 vellet
1143 1515 1204 1573 in
1240 1513 1522 1574 Graeciam
1542 1556 1557 1583 ,
1601 1510 1810 1591 bisque
1838 1512 1912 1571 ad
1941 1518 2356 1591 Leucopetram
2373 1554 2390 1581 ,
2425 1509 2588 1588 quod

528 1620 613 1665 est
642 1608 767 1687 agri
800 1608 1051 1687 Rhegini
1084 1608 1585 1687 promontorium,
1625 1613 1844 1666 Austro
1879 1605 2124 1683 rejectus
2163 1617 2342 1676 esset,
2389 1604 2590 1682 prose-

527 1700 731 1759 ctionis
745 1701 1048 1781 consilium
1073 1700 1313 1779 abjecit:
1344 1719 1534 1778 eoque
1557 1699 1766 1777 magis,
1788 1698 1948 1777 quod
1971 1698 2115 1761 boni
2137 1698 2376 1777 quidam
2399 1696 2590 1755 nuntii

524 1812 595 1851 eo
618 1798 805 1855 Roma
831 1807 1143 1866 venerunt,
1174 1794 1301 1853 fore
1330 1806 1393 1851 ut
1422 1792 1714 1854 Antonius
1741 1804 1892 1852 esset
1920 1792 1981 1849 in
2009 1802 2294 1873 potestate
2325 1802 2586 1864 senatus,

528 1899 818 1944 senatores
850 1886 910 1944 in
960 1886 1179 1948 Urbem
1228 1885 1513 1957 redirent,
1567 1904 1659 1943 res
1701 1886 2058 1943 conveniret.
2100 1890 2226 1944 Hac
2270 1883 2447 1962 igitur
2484 1901 2588 1961 spe

532 1992 856 2037 commotus
902 1983 1151 2037 Romam
1208 1978 1413 2059 rediit,
1460 1976 1799 2055 Urbemque
1848 1978 2136 2055 ingressus
2196 1988 2282 2035 est
2333 1974 2592 2035 kalendis

528 2070 905 2149 septembris,
934 2084 991 2129 et
1018 2076 1093 2127 lv
1115 2090 1252 2129 non.
1284 2070 1400 2128 hoc
1430 2082 1536 2142 est,
1570 2068 1850 2151 postridie
1884 2068 2188 2141 kalendas,
2221 2080 2288 2126 ut
2317 2064 2592 2126 scribitur

525 2162 739 2241 Philip.
781 2169 855 2231 V,
896 2181 1023 2221 earn
1054 2162 1204 2221 dixit
1239 2163 1601 2235 orationem,
1633 2181 1761 2239 quae
1790 2174 1877 2219 est
1919 2161 1983 2219 in
2023 2160 2346 2219 Antonium
2382 2158 2588 2236 prima:

522 2256 661 2314 Fuit
694 2254 903 2315 deinde
933 2256 1145 2334 partim
1172 2260 1403 2326 Romae,
1445 2255 1749 2333 partimin
1781 2254 1905 2313 suis
1933 2252 2206 2331 praediis3
2239 2268 2370 2329 quae
2397 2250 2592 2311 omnia

528 2364 1055 2409 commemorantur
1084 2369 1184 2410 sex
1226 2351 1423 2430 primis
1453 2349 1728 2430 epistolis.
1758 2351 2018 2428 Reliquae
2058 2349 2294 2427 scriptae
2327 2359 2462 2406 sunt
2493 2347 2590 2405 in-

531 2441 703 2498 certis
734 2441 968 2518 quidem
1008 2441 1213 2501 diebus
1246 2461 1451 2518 magna
1482 2463 1556 2500 ex
1586 2455 1752 2520 parte
1785 2465 1799 2499 :
1833 2461 2032 2502 omnes
2076 2455 2266 2500 tamen
2304 2452 2436 2498 ante
2478 2439 2590 2500 kal.

524 2529 648 2607 jan.
680 2551 797 2608 quo
819 2545 943 2591 toto
968 2533 1380 2610 tempore,haec
1409 2547 1567 2611 gesta
1589 2535 1764 2592 fuisse
1797 2535 2124 2597 traduntur.
2142 2541 2338 2607 Quum
2365 2535 2445 2590 M.
2475 2537 2594 2588 An-

534 2620 725 2680 tonius
751 2636 811 2681 et
839 2624 1193 2683 Octavianus
1220 2627 1460 2684 occultis
1488 2625 1685 2703 potius
1707 2626 1856 2685 odiis
1887 2628 2041 2685 inter
2066 2646 2155 2698 se,
2187 2645 2362 2704 quam
2391 2637 2594 2701 aperta

530 2713 586 2769 vi
612 2726 935 2786 certarent,
984 2715 1242 2792 alterque
1291 2717 1538 2776 alterum
1577 2717 1798 2776 insidiis
1841 2731 2194 2798 praevertere
2235 2727 2551 2775 conaretur
2571 2759 2588 2786 ,

533 2807 821 2864 Antonius
850 2820 983 2865 ante
1014 2807 1167 2868 diem
1192 2813 1305 2867 VII
1340 2807 1418 2866 id.
1446 2808 1670 2870 octobr.
1703 2811 2074 2868 Brundisium
2101 2810 2276 2882 venit,
2302 2809 2596 2892 profectus

533 2896 765 2956 obviam
787 2899 1111 2977 legionibus
1135 2899 1524 2960 Macedonicis
1551 2915 1821 2979 quatuor,
1846 2917 1911 2962 ut
1928 2923 2024 2962 eas
2053 2901 2167 2960 sibi
2189 2903 2434 2980 pecunia
2457 2921 2592 2960 con·

534 2989 794 3064 ciliaret3
860 3012 1005 3070 quas
1036 3005 1261 3065 tamen,
1313 2993 1473 3071 quod
1515 2993 1751 3071 quidam
1795 2994 1870 3054 ab
1910 2997 2232 3056 Octaviano
2272 2995 2589 3073 praemissi,

532 3084 717 3141 multo
746 3084 879 3162 plus
924 3083 1257 3144 obtulerant
1278 3097 1301 3153 ,“
1341 3085 1633 3144 attrahere
1673 3085 1748 3144 ad
1787 3105 1850 3145 se
1881 3107 2001 3144 non
2045 3086 2254 3164 potuit.
2279 3090 2501 3163 .Itaque
2533 3099 2594 3143 et

422 3235 429 3241 ,
532 3177 743 3235 Martia
776 3191 835 3236 et
864 3178 1103 3236 Decima
1133 3179 1293 3236 illum
1327 3191 1531 3255 postea
1561 3178 1976 3251 deseruerunt,
2009 3191 2069 3238 et
2097 3179 2168 3237 ad
2209 3179 2592 3239 Octavianum

540 3269 891 3328 transierunt
924 3291 939 3325 τ
982 3270 1084 3348 qui
1110 3271 1245 3328 item
1275 3271 1628 3330 Octavianus
1658 3291 1729 3328 eo
1762 3271 1892 3350 ipso
1929 3284 2216 3350 tempore,
2248 3291 2366 3350 quo
2405 3276 2596 3329 Anto-

538 3366 668 3424 nius
693 3364 987 3424 Brundisii
1018 3365 1145 3439 fuit,
1162 3367 1286 3444 ipse
1314 3367 1373 3423 in
1397 3369 1771 3446 Campaniam
1801 3387 2067 3448 pergem,
2092 3387 2360 3445 magnum
2376 3381 2596 3425 vetera-

532 3477 740 3518 norum
756 3477 1058 3518 numerum
1072 3457 1323 3536 ,ingenti
1346 3478 1469 3536 spe,
1494 3459 1830 3536 ingentique
1857 3461 2102 3538 pecunia
2121 3461 2290 3538 cepit.
2307 3459 2595 3518 Nimirum

536 3549 807 3624 denariis,
836 3566 900 3610 ut
922 3552 1126 3610 Cicero
1142 3551 1253 3618 ait,
1273 3554 1481 3610 CCCC.
1509 3551 1696 3629 quue
1723 3552 1954 3610 initium
1982 3552 2092 3612 fuit
2117 3570 2415 3612 armorum
2442 3551 2594 3610 inter

534 3640 722 3718 ipsos,
740 3664 922 3721 quum
954 3656 1121 3702 antea
1152 3663 1342 3720 neque
1370 3642 1585 3702 bellum
1619 3657 1914 3722 gererent,
1959 3665 2148 3723 neque
2175 3665 2378 3723 pacem
2408 3643 2595 3702 habe—

536 3747 683 3791 rent.
710 3739 785 3793 Et
811 3735 923 3794 hoc
952 3748 1177 3812 tempus
1212 3734 1357 3793 illud
1395 3735 1537 3807 fuit,
1564 3755 1746 3812 quum
1773 3737 1978 3795 Cicero
2011 3736 2086 3795 ab
2105 3737 2455 3807 Octaviano,
2487 3755 2596 3814 per

544 3827 793 3904 speciem
826 3827 1191 3906 capessendae
1217 3828 1361 3906 reip.
1390 3828 1449 3886 in
1478 3829 1792 3887 Antonium
1817 3830 2156 3889 sollicitatus
2178 3844 2294 3902 est,
2333 3829 2476 3888 nihil
2501 3851 2592 3898 se,

540 3921 650 3978 nisi
675 3920 747 3978 de
774 3922 929 3979 illius
952 3923 1192 3980 consilio
1207 3965 1224 3994 ,
1250 3942 1357 3980 nec
1379 3923 1487 3980 nisi
1511 3943 1618 4000 per
1641 3938 1904 3982 senatum
1933 3924 2241 3998 facturum,
2265 3923 2590 4002 pollicente.

536 4013 777 4091 Scriptae
807 4026 940 4073 sunt
962 4033 1193 4082 omnes,
1224 4016 1481 4074 Antonio
1506 4027 1566 4073 et
1592 4015 1898 4076 Dolabella
1923 4036 2067 4074 coss
2102 4038 2172 4076 ex
2203 4039 2255 4076 a.
2283 4015 2339 4074 (l.
2369 4019 2482 4083 vu
2513 4013 2589 4075 id.

540 4106 738 4178 Quint.
761 4105 836 4164 ad
867 4109 1051 4166 nonas
1076 4107 1307 4168 circiter
1333 4105 1671 4170 decembris,
1692 4113 1883 4184 Atque
1907 4108 1995 4166 his
2019 4108 2252 4184 quidem
2281 4108 2458 4166 multa
2480 4105 2598 4176 alia

538 4199 929 4270 continentur,
961 4196 1061 4257 sed
1089 4198 1181 4256 vel
1208 4197 1557 4274 domestica,
1587 4201 1678 4260 vel
1708 4200 1822 4258 huc
1851 4200 2218 4280 pertinentia.
