3019 4681
521 351 652 432 114
1147 349 1245 418 Μ.
1293 351 1369 416 Τ.
1425 347 1991 419 CICERONIS

1896 556 2638 578 mmmmm

1116 759 1724 840 EPISTOLA
1787 761 2029 838 XIX.

503 950 716 1013 Scribit
755 971 817 1010 se
846 948 965 1010 mio
997 949 1208 1029 Arpini
1241 963 1433 1028 togam
1462 967 1671 1029 puram
1703 945 1929 1009 dedisse
1950 993 1971 1020 ‚
2021 947 2249 1029 sibique
2271 949 2393 1028 jam
2420 963 2645 1010 eertum

584 1064 708 1108 esse
739 1047 1208 1224 ‘adfompeium
1251 1061 1514 1126 pergere.
1556 1047 1841 1128 (Arpini,
1890 1063 2041 1106 anno
2069 1047 2239 1148 U‘.C‘
2267 1051 2415 1122 704,
2450 1061 2649 1107 mense

583 1159 814 1206 marno-

1176 1311 1492 1376 CICERO
1538 1311 1857 1378 ATTICO
1900 1311 1967 1378 S.

604 1474 762 1540 Eoo
802 1485 973 1538 meo
1010 1459 1375 1555 Ciceroni,
1413 1469 1762 1564 quoniam
1806 1467 2037 1537 Roma
2088 1483 2455 1556 caremus,
2514 1471 2647 1539 Ar-

507 1581 660 1679 pini
693 1579 1146 1677 potissimum
1182 1577 1430 1674 ‘togam
1471 1593 1727 1675 puram
1762 1574 1970 1664 dedi3
2006 1573 2233 1674 idque
2266 1577 2648 1677 municipi-

509 1689 649 1762 bus
691 1688 956 1760 nostris
993 1677 1136 1758 fuit
1176 1702 1485 1785 gratum.
1524 1689 1675 1759 Etsi
1710 1705 2003 1772 omnes,
2044 1701 2118 1757 et
2154 1680 2349 1776 illos,
2391 1702 2465 1760 et
2502 1689 2649 1787 qua'

507 1803 646 1874 iter
680 1798 856 1888 feci,
895 1813 1196 1870 moestos
1233 1795 1687 1896 afflictosque
1714 1795 1861 1868 vidi
1888 1817 1909 1868 ε
1938 1811 2085 1868 tam
2114 1797 2364 1886 tristi8‚
2400 1807 2473 1871 et
2500 1787 2648 1871 tam

508 1923 718 1980 atrox
767 1921 874 1979 est
923 1908 1324 1998 ἀναθεώρησις
1350 1915 1372 1949 ¹
1425 1901 1648 2000 hujus
1702 1904 2015 2001 ingentis
2064 1904 2255 1975 mali.
2311 1905 2651 1978 Delectus

508 2017 950 2103 habentur23
1002 2016 1080 2086 in
1125 2013 1432 2086 hiberna
1463 2013 1953 2085 deducuntur.
1980 2017 2121 2100 Ea,
2180 2039 2379 2112 quae,
2434 2017 2648 2089 etiam

513 2149 742 2226 quum
780 2151 820 2197 a
855 2125 1068 2196 bonis
1103 2129 1316 2212 viris,
1357 2147 1586 2221 quum
1620 2123 1820 2218 justo
1858 2124 1931 2192 in
1962 2122 2193 2212 bello,
2230 2145 2461 2224 quum
2488 2149 2651 2198 mo-

513 2237 713 2308 deste
765 2231 994 2322 fiunt,
1040 2248 1280 2306 tamen
1331 2231 1490 2332 ipsa
1527 2256 1661 2331 per
1710 2259 1787 2306 se
1838 2231 2141 2305 molesta
2187 2248 2393 2325 sunt;
2431 2253 2651 2335 qua'm

515 2366 765 2420 censes
815 2344 1077 2415 acerba
1125 2368 1326 2415 nunc
1369 2368 1565 2431 esse,
1606 2367 1841 2441 quum
1886 2368 1929 2414 a
1962 2344 2307 2443 perditis,
2346 2348 2425 2417 iu
2464 2346 2652 2418 civili

517 2454 797 2529 nefario
821 2453 1017 2526 bello
1038 2508 1058 2543 ,
1089 2453 1655 2553 petulantissime
1678 2451 1899 2525 fiant?
1924 2457 2110 2525 Cave
2135 2468 2376 2527 autem
2404 2470 2613 2555 putes
2632 2512 2653 2547 ‚

521 2590 968 2664 quemquam
1006 2562 1376 2636 hominem
1410 2558 1485 2635 in
1528 2562 1730 2636 Italia
1768 2580 2053 2662 turpem
2094 2590 2281 2654 esse,
2320 2568 2447 2665 qui
2482 2564 2653 2639 hinc

524 2676 728 2748 absit.
775 2674 940 2747 Vidi
975 2675 1464 2773 ipse-Formiis
1501 2677 1877 2746 universos
1906 2702 1921 2743 :
1960 2697 2203 2773 neque
2238 2677 2654 2750 mehercule

523 2810 870 2884 umquam
899 2780 1234 2855 homines
1263 2782 1547 2882 putavi;
1582 2799 1655 2857 et
1689 2810 1941 2857 noram
1972 2800 2259 2876 omnes}
2294 2788 2421 2861 sed
2448 2815 2656 2860 num-

529 2920 758 2996 quam·
777 2919 929 2966 uuo
955 2894 1119 2965 loco
1146 2892 1488 2965 videram.
1520 2898 1911 2992 Pergamus
1934 2898 2183 2994 igitur,
2210 2923 2361 2995 quo
2387 2900 2655 2997 placet,

529 3022 602 3081 et
633 3016 880 3077 nostra
915 3004 1159 3075 omnia
1191 3005 1712 3103 relinquamus.
1738 3005 2291 3080 Proficiscamur
2325 3010 2416 3082 ad
2452 3030 2655 3103 eum,

523 3120 644 3193 cui
677 3116 944 3214 gratior
987 3129 1234 3187 noster
1273 3108 1625 3187 adventus
1661 3114 1795 3189 erit
1816 3172 1839 3203 ‚
1875 3142 2095 3215 quam
2132 3114 2191 3189 si
2224 3144 2371 3192 una
2410 3114 2657 3194 fuisse-

527 3224 756 3300 mus³.
799 3230 984 3297 Tum
1022 3228 1219 3297 enim
1252 3246 1536 3297 eramus
1567 3227 1641 3297 in
1686 3230 2000 3299 maxima
2036 3250 2206 3327 spe3
2251 3252 2487 3321 nunc,
2524 3254 2659 3329 ego

530 3338 870 3438 quidem,
909 3337 988 3407 in
1032 3332 1270 3425 nulla3
1312 3360 1484 3425 nec,
1528 3351 1788 3434 praeter
1834 3362 1996 3426 me,
2039 3336 2419 3437 quisquam
2460 3338 2661 3415 Italia

531 3452 774 3537 cessit,
808 3449 943 3519 nisi
973 3447 1106 3544 qui
1135 3445 1381 3518 hunc‘*
1411 3447 1784 3519 inimicum
1820 3446 1957 3518 sibi
1986 3462 2301 3545 putaret.
2342 3454 2497 3523 Nec
2517 3476 2662 3523 me-

529 3557 822 3630 hercule
876 3556 1020 3627 hoc
1071 3548 1258 3627 facio
1307 3553 1725 3655 reipublicae
1772 3576 2026 3647 causa,
2074 3580 2292 3657 quam
2332 3560 2665 3633 funditus

607 3785 656 3817 ι.
697 3754 1028 3833 Ᾰναθιώρησις.
1073 3766 1403 3833 Conspectu,
1441 3784 1554 3832 spe·
1639 3769 1869 3818 libentius
1900 3787 1979 3819 me
2009 3772 2203 3821 visurus
2240 3780 2315 3820 est
2342 3788 2475 3821 nune
2512 3772 2574 3820 nd
2610 3788 2667 3820 se

533 3846 792 3897 clnculum.
1640 3849 1939 3908 venientem,
1962 3866 2107 3913 quam
2125 3852 2169 3897 ui
2190 3866 2379 3915 semper
2394 3868 2420 3899 a
2438 3851 2599 3917 primo
2617 3852 2663 3899 οἰ

605 3942 653 3975 2.
679 3926 762 3973 Al.
788 3924 1009 3974 habetur.
1040 3928 1089 3975 J.
1109 3928 1175 3975 V.
1209 3928 1264 3974 L.
1638 3923 1967 3987 adhesissem,
2001 3928 2243 3993 simulque
2278 3930 2339 3977 ab
2364 3930 2501 3979 Urbe
2528 3940 2577 3980 et
2602 3946 2668 3978 ex

602 4008 652 4055 3.
674 4006 832 4069 Quam
853 4004 898 4051 si
917 4003 1306 4067 umfiissomus.
1325 4004 1551 4055 Scriben-
1638 4006 1773 4054 Italia
1797 4006 2104 4071 aufugissem.
2124 4010 2160 4057 J
2161 4042 2173 4055 .
2198 4010 2254 4058 F.
2288 4010 2522 4057 (iuonov.

530 4088 647 4137 dum
664 4118 679 4144 ,
700 4105 725 4128 ιι
744 4098 890 4147 quem
911 4083 951 4130 si
971 4095 1066 4130 um
1084 4082 1369 4144 fugiuemu·
1385 4104 1427 4133 n.
1448 4082 1552 4146 Qui
1629 4076 1639 4090 ⁸
1710 4086 1758 4145 4.
1792 4086 1949 4137 Hunc.
1979 4086 2234 4136 Centem-
