3019 4681
601 384 1134 453 EPISTOLAE
1181 384 1320 454 An
1367 385 1454 473 Q.
1507 386 2037 473 FRATREM,
2078 396 2135 475 Ι,
2196 414 2252 459 1.
2358 389 2485 461 551

370 509 548 604 gior.
579 504 763 577 Illud
807 520 879 577 te
909 505 1002 577 ad
1041 520 1443 580 extremum
1482 525 1556 581 et
1586 535 1744 600 oro,
1788 526 1861 583 et
1901 512 2176 600 hortor,
2208 528 2289 583 ut
2318 529 2495 585 tam-

371 638 588 711 quam
625 616 858 712 poetae
897 615 1181 689 boniet
1206 632 1484 691 actores
1516 620 1851 691 industrii
1880 622 2150 710 solent,
2184 624 2283 693 sic
2312 638 2391 694 tu
2422 626 2495 693 in

373 740 693 796 extrema
729 740 936 823 parte
973 740 1046 798 et
1083 728 1549 800 conclusione
1586 734 1909 800 muneris
1952 756 2035 802 ac
2080 734 2351 829 negotii
2392 734 2503 803 tui

373 834 956 933 diligentissimus
1003 838 1138 924 sie,
1174 852 1258 907 ut
1296 838 1414 909 hic
1461 843 1717 910 tertius
1766 856 2000 911 annus
2038 842 2323 939 imperii
2356 844 2503 928 tui,

373 962 740 1045 tamquam
777 950 1038 1019 tertius·
1061 963 1262 1019 actus
1279 946 1371 1038 ⁹⁶,
1415 948 1973 1047 perfectissimus
2018 965 2237 1049 atque
2283 976 2499 1023 orna-

375 1058 688 1127 tissimus
719 1055 940 1129 fuisse
971 1054 1317 1130 videatur.
1359 1059 1440 1130 Id
1471 1058 1803 1132 facillime
1832 1059 2044 1133 facies
2067 1116 2087 1149 ,
2117 1066 2176 1132 si
2202 1060 2502 1157 me“(''cui

372 1188 660 1263 semper
691 1171 824 1237 uni
863 1170 1126 1265 magiS‚
1164 1192 1383 1266 quam
1421 1171 1815 1258 universis,
1850 1170 2135 1269 placere
2170 1170 2506 1257 volhisti)

371 1292 617 1347 tecum
663 1300 956 1376 semper
1009 1296 1162 1351 esse
1221 1279 1545 1376 putabis,
1592 1296 1665 1352 et
1719 1280 2059 1352 omnibus
2111 1282 2197 1351 iis
2247 1282 2505 1367 rebus,

373 1404 553 1483 quas
589 1380 782 1459 dices
835 1412 918 1459 ac
954 1387 1170 1461 facies
1190 1440 1210 1471 ‚
1261 1393 1630 1461 interesse.
1676 1390 2066 1487 Reliquum
2121 1405 2229 1461 est
2250 1445 2270 1479 ,
2308 1398 2399 1461 ·'ut
2435 1406 2506 1462 te

373 1518 619 1582 orem,
658 1512 742 1570 ut
771 1498 1147 1571 valitudini
1177 1514 1358 1585 tuae,
1401 1502 1461 1570 si
1498 1524 1615 1572 me
1658 1515 1733 1572 et
1773 1515 1939 1571 tuos
1979 1525 2231 1603 omnes
2272 1501 2510 1572 Valere

373 1610 512 1695 vis,
558 1608 1096 1706 diligentissime
1133 1615 1420 1682 serviaS.

442 1778 532 1839 96.
568 1776 748 1825 Tertius
778 1789 935 1827 actus.
986 1778 1116 1826 Hine
1152 1790 1354 1843 apparet
1375 1812 1392 1839 ‚
1487 1778 1652 1827 minor
1680 1776 1858 1843 quinto
1886 1811 1902 1837 ,
1936 1788 2039 1826 etc.
2061 1798 2088 1819 n
2111 1754 2339 1828 Ceterum
2364 1778 2511 1839 hujus

369 1854 638 1919 aliquando
658 1856 814 1905 tribus
835 1856 1024 1905 actibus
1046 1856 1233 1905 stabulas
1249 1858 1394 1905 fuisse
1481 1858 1582 1906 loci
1607 1858 1909 1923 comparatio
1948 1872 2050 1905 non
2085 1856 2219 1904 eadit
2253 1856 2307 1905 in
2334 1871 2509 1904 nume-

371 1936 659 1996 conclu-⁸23
695 1939 918 1999 quamvis
951 1932 1132 1985 scribat
1154 1939 1393 1987 nomina
1479 1952 1609 1997 rum,
1625 1937 1711 1985 sed
1729 1937 1785 1985 in
1798 1935 1947 1985 finem
1972 1947 2023 1985 et
2044 1936 2505 1985 conclusionem.—

371 2014 425 2063 in
451 2015 596 2080 epist.
621 2014 684 2063 ad
709 2016 930 2079 Pisones,
957 2032 1030 2065 ve.
1059 2025 1192 2079 149:
1219 2018 1394 2067 «Neve
1481 2012 1709 2083 Repetita
1730 2028 1807 2065 est
1834 2016 1895 2065 de
1930 2017 2122 2065 Senect.
2152 2032 2260 2081 cap.
2295 2031 2346 2065 a.
2368 2015 2461 2063 En.
2494 2086 2500 2091 ἣ
2580 2070 2587 2076 ,

393 2182 1318 2205 mmmmm

1688 2182 2515 2207 mmm

1033 2357 1647 2437 EPISTOLA
1726 2357 1837 2436 ΙΙ.

375 2541 459 2592 De
483 2531 652 2592 Statii
683 2531 879 2590 liberti
905 2531 1074 2590 nimis
1104 2531 1261 2611 apud
1293 2531 1577 2606 Quintum
1608 2532 1847 2610 gratiosi
1878 2533 2131 2591 adventu
2150 2576 2168 2606 ‚
2215 2547 2275 2592 et
2310 2533 2503 2593 homi-

452 2651 594 2688 num
612 2629 686 2688 de
701 2649 772 2687 eo
787 2629 1176 2703 sermonibus;
1198 2629 1272 2688 de
1287 2649 1605 2709 graecorum
1624 2629 2068 2708 provincialium
2088 2629 2363 2692 adversus
2376 2653 2509 2692 eum

453 2727 706 2808 quemlis
729 2772 748 2802 ,
797 2747 1021 2805 suoque
1050 2748 1150 2788 eos
1183 2728 1455 2808 placandi
1487 2727 1721 2799 studi03
1755 2727 1829 2786 de
1854 2729 2113 2788 romanis
2142 2731 2525 2808 negotiatori-·

452 2824 565 2884 bus
593 2825 814 2898 Quinto
843 2823 1039 2896 iratis3
1066 2843 1128 2882 se
1155 2824 1300 2882 nihil
1327 2824 1390 2882 in
1413 2825 1635 2897 Quinto
1659 2823 1771 2882 nisi
1794 2824 2073 2883 orationis
2102 2824 2474 2885 acerbitatem
2491 2871 2509 2901 ‚

449 2920 808 2980 iracundiam
831 2935 891 2978 et
917 2921 1217 2979 literarum
1246 2920 1320 2979 ad
1343 2921 1486 2978 alios
1504 2920 1851 2998 scriptarum
1874 2919 2289 2998 indiligentiam
2316 2943 2513 3002 repre·

452 3017 738 3077 hendisse.
791 3019 992 3097 Itaque
1029 3031 1094 3076 ut
1123 3016 1404 3097 ejusmodi
1437 3018 1709 3098 epistolas
1752 3016 1916 3076 tollat
1946 3019 2183 3078 fratrem
2222 3021 2506 3079 hortatur.

443 3119 512 3176 L.
563 3113 748 3174 Flavii
788 3115 1054 3194 praetoris
1099 3113 1382 3194 designati
1432 3114 1699 3193 querelas
1743 3112 2019 3192 exponit3
2076 3114 2513 3193 objurgationes

453 3234 586 3274 suas
613 3227 866 3272 excusat.
905 3213 1088 3274 Attali
1114 3213 1405 3292 Iphimeni
1434 3225 1494 3271 et
1518 3212 1721 3290 AEsopi
1752 3211 1995 3288 tragoedi
2028 3213 2323 3290 negotium
2354 3231 2513 3272 com-

455 3311 706 3369 mendat.
735 3313 958 3370 Statum
981 3311 1126 3388 reip.
1157 3311 1399 3388 exponit
1415 3354 1432 3383 ‚
1467 3329 1747 3386 suamque
1768 3328 1930 3387 spem
1957 3308 2043 3366 rei
2071 3308 2348 3367 adversus
2370 3309 2511 3368 Clo-

454 3409 618 3468 dium
643 3407 794 3467 bene
820 3407 1084 3488 gerendae
1111 3407 1487 3468 demonstrat.
1512 3405 1763 3488 (Romae,
1779 3425 1933 3464 anno
1952 3409 2027 3466 U.
2053 3407 2118 3464 C.
2142 3405 2287 3482 694,
2316 3425 2511 3465 mense

453 3499 800 3576 novembri.)

963 3613 1316 3678 MARCUS
1360 3613 1443 3696 Q.
1490 3613 1809 3676 FRATRI
1854 3613 1917 3676 s.

469 3751 768 3818 S‘rums
821 3745 910 3816 ad
950 3769 1065 3815 me
1116 3744 1314 3815 venit
1359 3769 1422 3818 a.
1474 3740 1545 3813 d.
1591 3767 1719 3813 vm
1780 3739 2067 3813 kalend.
2131 3741 2511 3815 novembr.

375 3858 546 3954 Ejus
576 3856 955 3943 adventus,
991 3853 1192 3952 quod
1229 3857 1328 3924 ita
1365 3853 1750 3952 scripsisti,
1790 3853 2195 3951 direptum¹
2231 3855 2316 3924 iri
2354 3869 2427 3925 te
2474 3880 2513 3925 a

453 4063 498 4096 1.
520 4044 774 4112 Direptum
795 4045 856 4093 iri
871 4057 917 4093 ee
938 4063 973 4092 a
993 4045 1102 4103 mis,
1129 4055 1224 4093 etc.
1249 4043 1401 4107 Quod
1487 4059 1545 4093 ac
1574 4041 1808 4092 fidelitate
1835 4045 2109 4093 conservari
2143 4046 2357 4110 Quintus
2388 4043 2517 4092 arbi-

379 4143 479 4182 rem
512 4125 828 4174 domesticam
863 4125 1005 4174 statii
1037 4124 1202 4174 liberti
1236 4121 1402 4172 studio
1495 4131 1723 4172 traretnr.
1746 4123 1891 4172 Mu.
