3019 4681
2176 276 2197 309 0
2232 302 2238 309 .

574 380 1116 451 EPISTOLAE
1162 383 1304 452 AD
1356 381 1446 475 Q.
1489 384 2037 477 FRATREM,
2076 392 2191 478 ΙΙ,
2241 388 2313 460 6.
2369 390 2513 490 589

378 522 544 574 rum
561 502 653 592 ²³,
672 506 730 575 si
749 503 884 595 sibi
899 526 1064 577 cum
1087 506 1364 604 populo
1385 505 1540 577 dies
1558 505 1817 603 agendi
1836 524 2076 581 essent
2096 516 2519 612 exemptiu.

375 610 738 711 Appius²⁵
789 638 832 685 a
879 617 1150 686 Caesare
1199 614 1535 687 nondum
1579 615 1911 689 redierat.
1967 623 2154 691 Tuas
2206 621 2510 695 mirifice

377 722 622 795 literas
681 737 1022 821 exspecto
1070 750 1086 793 ε
1144 740 1364 823 atque
1430 724 1670 797 adhuc
1739 726 2061 799 clausum
2120 754 2316 803 mare
2362 720 2528 805 scio'

377 832 638 922 fuisse3
683 831 808 905 sed
845 832 1197 932 quosdam
1230 838 1513 907 venisse
1539 851 1785 907 tamen
1826 839 2029 909 Ostia
2043 835 2111 883 ²⁶
2149 838 2511 929 dicebant,

375 946 508 1041 qui.
541 958 613 1016 te
656 944 869 1016 unice
905 943 1280 1015 laudarent
1306 999 1325 1032 ‚
1367 943 1807 1044 plurimique
1848 948 1925 1016 in
1952 949 2318 1045 provincia
2347 948 2510 1021 fieri

373 1054 719 1127 dicerent.
761 1052 1069 1125 Eosdem
1089 1064 1153 1109 ²⁷
1197 1053 1486 1125 aiebant
1519 1060 1892 1142 nuntiare,
1931 1061 2004 1128 te
2040 1060 2275 1155 prima
2310 1061 2511 1129 navi-

371 1168 656 1262 gatione
702 1166 1308 1235 transmissurum.
1353 1165 1439 1236 Id
1484 1168 1739 1265 cupio;
1792 1180 1900 1253 et,
1948 1190 2392 1263 quamquam
2439 1181 2509 1239 te

373 1276 612 1372 ipsum
646 1272 918 1345 scilicet
953 1275 1303 1361 maxime,
1340 1288 1582 1347 tamen
1620 1280 1834 1348 etiam
1871 1276 2111 1349 literas
2146 1292 2305 1349 tuas
2340 1292 2509 1351 ante

372 1398 734 1483 exspecto.
763 1388 866 1453 Mi
898 1381 1140 1471 frater,
1175 1383 1352 1453 vale.

368 1562 460 1611 bus
475 1562 674 1627 quidem
698 1561 920 1633 proxime
937 1560 1248 1624 sequentibus
1265 1596 1280 1620 ,
1301 1560 1386 1609 sed
1473 1561 1663 1623 consul,
1681 1574 1739 1611 ut
1756 1564 1860 1624 ejus
1871 1564 2292 1627 perniciosissimis
2305 1564 2499 1631 legibus

367 1658 428 1690 ex
455 1644 732 1705 interregno
759 1641 982 1691 consules
1005 1656 1095 1705 per
1121 1640 1386 1689 trienninm
1473 1640 1746 1690 obsisteret.
1767 1643 1942 1707 Supra.
1969 1645 2121 1691 Inna.

367 1732 554 1769 creatos
569 1757 585 1784 ‚
608 1722 780 1771 Cicero
800 1721 907 1784 ipse
932 1720 1123 1783 aliquot
1145 1718 1298 1779 locis,
1335 1728 1384 1768 et
1542 1722 1627 1769 25.
1662 1708 1865 1786 Appius.
1898 1723 1952 1769 P.
1980 1722 2143 1770 Clodii
2168 1723 2336 1782 frater,
2365 1739 2497 1772 non·

366 1799 465 1845 Dio
491 1798 620 1847 libro
643 1798 875 1846 xxxlx
892 1833 908 1860 ,
931 1808 1163 1862 praeterea
1192 1796 1384 1846 Plutar·
1470 1800 1587 1848 dum
1610 1817 1637 1849 e
1654 1800 1813 1849 Gallia
1836 1801 2040 1851 Cauris
2067 1802 2340 1867 provincia,
2358 1810 2457 1853 etc.

365 1876 485 1924 chus
498 1878 851 1942 Appiannsqne
871 1876 1134 1925 declarant.
1163 1878 1275 1924 Hoc
1297 1894 1384 1925 an·
1471 1880 1624 1927 Inna.

367 1968 462 2003 tem
487 1972 644 2013 anno,
681 1955 885 2004 sublatis
918 1956 1130 2004 comima
1153 1970 1182 2001 ι
1205 1956 1266 2007 C.
1287 1957 1378 2005 Ca·
1540 1959 1625 2007 26.
1670 1959 1753 2007 Al.
1794 1958 1985 2007 malunt
2032 1959 2175 2007 Olbia
2197 1994 2214 2018 ‚
2260 1960 2503 2011 Sardiniae

367 2046 482 2083 tone
508 2034 708 2082 tribuno
736 2034 891 2100 plebis
915 2070 930 2093 ,
969 2045 1152 2083 vestem
1185 2044 1379 2083 senatus
1473 2036 1614 2084 urbe.
1642 2037 1771 2085 J.v.
1797 2038 1859 2085 L.

363 2118 580 2163 mutavit.
600 2116 822 2180 Epitome
835 2154 852 2178 ,
871 2116 998 2175 Dio,
1025 2128 1118 2164 etc.
1139 2118 1288 2165 Mur,
1540 2131 1623 2177 ²7·
1652 2116 1731 2164 Sic
1747 2116 2026 2176 Victorius,
2053 2117 2271 2167 Lambin.
2302 2120 2501 2168 Ernest.

435 2202 518 2248 21'4.
533 2196 778 2259 Exempli.
793 2195 1048 2245 Eximebat
1064 2195 1378 2243 Marcellinus
1465 2195 1619 2259 Vulg.
1637 2195 1817 2245 Iidem.
1834 2190 1962 2245 LV.
1982 2199 2041 2245 1..

359 2340 1373 2362 mmmm-mmmm
1381 2334 2495 2364 mmmmmmmmfflm

985 2509 1594 2592 EPISTOLA
1646 2511 1853 2590 VII.

358 2685 445 2738 De
477 2681 683 2741 itinere
711 2701 856 2756 su0,
904 2692 962 2739 et
987 2679 1420 2760 exspectatione
1447 2678 1665 2752 Quinti.
1712 2677 1928 2759 (Antii,
1967 2699 2118 2738 anno
2156 2683 2229 2740 U.
2268 2684 2332 2744 C.
2358 2681 2495 2759 697,

1200 2797 1394 2836 mense
1424 2774 1650 2855 aprili.)

942 2953 1294 3018 MARCUS
1340 2953 1421 3035 Q.
1469 2951 1789 3017 FRATm
1836 2955 1898 3019 s,

451 3079 529 3144 A.
564 3098 630 3142 n.
663 3097 743 3142 111
781 3071 878 3144 id.
917 3072 1121 3170 april.
1158 3086 1324 3160 ante
1361 3072 1597 3142 lucem
1639 3070 1831 3142 hanc
1868 3071 2243 3169 epistolam
2275 3071 2492 3143 dicta-

353 3207 632 3269 veram,
690 3183 1261 3278 scripseramque
1314 3181 1392 3250 in
1453 3181 1707 3250 itinere
1737 3235 1756 3266 ,
1824 3193 1907 3250 ut
1966 3205 2053 3250 eo
2113 3179 2231 3250 die
2284 3175 2492 3277 'apu‘d

355 3298 428 3363 T.
472 3293 736 3363 Titium
781 3292 856 3362 in
899 3291 1280 3388 Anagnino
1319 3313 1713 3361 manerem.
1758 3289 2107 3360 Postridie
2144 3291 2384 3359 autem
2413 3290 2488 3360 in

350 3404 684 3474 Laterio¹
736 3400 1175 3499 cogitabam3
1230 3399 1442 3490 inde,
1495 3425 1724 3496 quum
1772 3401 1848 3468 in
1898 3401 2229 3496 Arpinati
2280 3401 2488 3498 quin-

351 3537 496 3611 que
551 3513 704 3584 dies
756 3513 1088 3599 fuissem,
1131 3513 1234 3580 ire
1287 3513 1364 3580 in
1411 3509 1975 3607 Pompeianum;
2030 3507 2316 3580 rediens
2360 3509 2485 3582 ad-

349 3625 622 3721 spicere
666 3627 1075 3695 Cumanum
1095 3632 1152 3710 ²,
1199 3637 1316 3709 ut,
1364 3620 1710 3719 quoniam
1755 3621 1831 3688 in
1875 3643 2045 3690 non.
2094 3619 2312 3692 maias
2344 3621 2481 3691 Mi-

347 3732 500 3804 loni
548 3731 743 3804 dies³
791 3731 1075 3832 prodita
1112 3746 1254 3819 est,
1304 3729 1492 3829 prid.
1550 3753 1720 3799 non.
1765 3733 2009 3798 Romae
2058 3753 2327 3819 essem,
2372 3745 2481 3804 te-

422 3959 466 3992 1.
509 3941 716 3990 Laterio.
745 3941 919 3992 Fando
945 3942 1149 4005 Quinti,
1193 3941 1246 3988 in
1279 3941 1365 3988 Ar·
1530 3955 1576 3988 a.
1596 3939 2029 4002 Pompeiaemum...
2061 3917 2346 3988 Cumammi.
2359 3941 2476 3989 Non
2557 3973 2565 3981 ·

347 4022 518 4083 pinati.
544 4023 638 4086 Ep.
667 4025 717 4081 1,
745 4022 836 4070 lib.
865 4023 938 4070 111
957 4056 970 4080 ‚
991 4033 1038 4070 et
1066 4021 1130 4068 ad
1149 4023 1254 4068 Att.
1279 4035 1360 4084 ep.
1454 4019 1657 4084 Quinti,
1702 4019 1787 4066 sed
1814 4019 1963 4082 ipsius
1990 4019 2147 4067 Marci
2170 4019 2366 4069 fundos.
2398 4021 2475 4070 In.

351 4117 396 4160 ς,
421 4099 450 4146 l.
479 4099 564 4148 1V.
587 4101 881 4149 Mutunus.
1531 4099 1578 4144 3.
1612 4095 1742 4145 Dt'es.
1766 4096 1973 4148 Judicii.
1996 4099 2165 4164 Supra.
2184 4101 2335 4147 Inxx.
