3019 4681
666 388 1181 465 EPISTOLAE
1229 398 1363 465 AD
1413 398 1914 487 ATTICUM,
1949 402 2160 489 XIV,
2219 426 2326 500 19·
2431 405 2574 491 415

440 540 597 589 rem
637 521 851 619 πρᾶξιν
898 520 1055 615 ejus
1105 517 1259 591 fore
1282 574 1301 609 ,
1340 523 1398 591 si
1448 520 1625 593 mihi
1650 577 1669 612 ,
1721 522 1924 619 quod
1975 523 2264 613 debuit,
2317 526 2576 601 dissol-

438 632 640 703 verit.
693 636 995 719 BrutuS,
1038 629 1287 715 velim,
1336 631 1427 700 sit
1464 636 1752 703 Asturae.
1796 633 2014 725 Quod
2052 650 2291 708 autem
2325 638 2574 714 laudas

439 764 557 811 me
574 797 593 827 ,
617 743 815 839 quod
840 742 1021 813 nihil
1047 754 1212 811 ante
1238 740 1329 811 de
1352 740 1807 840 profectione
1832 748 2260 818 constituam
2287 804 2306 837 ,
2330 775 2574 848 quam,

439 854 569 923 ista
610 878 760 951 quo
806 877 1102 925 evasura
1144 856 1325 939 sint,
1364 850 1652 941 videm,
1698 870 1904 926 muto
1940 861 2396 931 sententiam.
2439 866 2576 936 Ne-

437 989 578 1059 que
613 966 1015 1062 quidquam
1060 978 1303 1033 tamen
1340 978 1539 1052 ante,
1581 988 1800 1062 quam
1843 980 1916 1037 te
1957 966 2228 1039 videro.
2265 974 2575 1069 Atticam

434 1098 669 1145 meam
706 1080 969 1172 gratias
1008 1073 1185 1144 mihi
1227 1096 1436 1169 agere
1481 1072 1572 1144 de
1613 1089 1837 1146 matre
1882 1075 2164 1171 g'audeo
2199 1104 2216 1147 τ
2257 1082 2372 1149 cui
2417 1084 2574 1179 qui-

435 1182 603 1254 dem
663 1208 799 1282 ego
866 1200 1095 1255 totam
1153 1181 1393 1253 villam
1458 1182 1862 1283 cellamque
1919 1186 2216 1273 tradidi3
2259 1214 2576 1288 eamque

434 1292 835 1390 cogitabam
866 1317 909 1363 v
938 1294 1097 1364 idus
1122 1292 1389 1363 videre.
1424 1296 1533 1363 Tu
1563 1297 1810 1367 Atticae
1843 1296 2145 1368 salutem
2175 1297 2390 1371 dices.
2422 1306 2575 1375 Nos

430 1402 679 1474 Piliam
722 1404 1103 1501 diligenter
1137 1401 1530 1474 tuebimur.

1082 1595 1357 1615 *sm

434 1594 803 1615 mmmm
1633 1596 2279 1620 mmmmm
2287 1602 2376 1621 m
2382 1604 2564 1623 mm

1076 1776 1674 1859 EPISTOLA
1739 1778 1928 1857 XX.

460 1946 675 2007 Tribus
700 1948 883 2007 Attici
906 1949 1168 2029 epistolis
1194 1947 1528 2026 respondet.
1577 1946 1596 2025 (
1623 1950 1692 2005 In
1719 1948 2141 2027 Neapolitano,
2172 1968 2326 2009 anno
2344 1954 2428 2013 Ἡ.
2459 1955 2524 2012 C.

1198 2064 1346 2123 709,
1370 2064 1570 2103 mense
1593 2044 1808 2121 maio.)

1090 2206 1405 2271 CICERO
1452 2204 1772 2271 ATTICO
1817 2204 1880 2269 S.

520 2340 580 2408 E
612 2340 1051 2437 Pompeiano
1084 2339 1249 2410 navi
1278 2335 1620 2408 advectus
1647 2360 1808 2406 sum
1852 2337 1930 2406 in
1958 2334 2240 2408 Luculli
2265 2347 2286 2381 ¹
2332 2345 2565 2411 nostri

424 2444 827 2544 hospitium
872 2473 943 2518 v1
994 2446 1155 2520 idus
1178 2501 1197 2534 ‚
1250 2447 1433 2518 hora
1488 2443 1638 2517 fere
1685 2469 1804 2533 1¹¹3
1861 2471 2189 2544 egressus
2237 2463 2478 2520 autem
2525 2477 2566 2522 e

424 2559 630 2644 navi,
673 2558 918 2655 accepi
970 2574 1129 2629 tuas
1184 2559 1500 2643 litera-5²,
1559 2581 1740 2653 quas
1798 2571 1969 2626 tuus
2025 2555 2442 2630 tabellarius
2483 2561 2562 2631 in

424 2669 836 2738 Cumanum
894 2668 1213 2739 attulisse
1272 2665 1670 2752 dicebatur,
1741 2669 1958 2736 nonis
2019 2670 2184 2736 mai.
2243 2665 2476 2757 datas3
2515 2697 2558 2742 a

421 2777 731 2849 Lucullo
764 2778 1110 2875 postridie
1142 2776 1395 2848 eadem
1429 2773 1582 2846 fere
1610 2775 1787 2845 hora
1810 2828 1829 2862 ,
1863 2798 2007 2872 qua
2039 2779 2203 2845 veni
2223 2830 2241 2861 ,
2271 2801 2372 2848 vn
2399 2777 2562 2849 idus

420 2889 747 2958 Lanuvio
798 2888 1019 2958 datas.
1074 2886 1264 2958 Audi
1302 2889 1524 2983 igitur
1560 2884 1647 2956 ad
1692 2910 1966 2956 omnes.
2007 2886 2364 2974 Primum,
2401 2913 2562 2984 quae

424 2994 515 3064 de
559 3021 638 3067 re
688 3019 847 3066 mea
896 3011 1093 3092 gesta
1149 3011 1221 3066 et
1277 2997 1353 3066 in
1398 2995 1803 3081 solutione,
1854 2997 2042 3063 etin
2098 2994 2404 3066 Albiano
2439 3023 2563 3069 ne·

422 3107 660 3202 gotio,
694 3120 914 3202 grata.
954 3109 1062 3176 De
1101 3119 1231 3176 tuo
1268 3120 1513 3176 autem
1547 3103 1940 3190 ButhrotO,
1977 3128 2206 3199 quum
2246 3106 2316 3175 iu
2351 3109 2562 3177 Pom-

420 3216 683 3312 peiano
740 3239 963 3287 essem
993 3271 1011 3302 ,
1062 3218 1421 3286 Misenum
1479 3217 1677 3286 venit
1728 3216 2134 3284 Antonius:
2175 3213 2345 3286 inde
2387 3231 2560 3289 ante

420 3327 785 3415 discessit,
841 3349 1059 3423 quam
1120 3326 1322 3396 illum
1387 3328 1669 3397 venisse
1732 3323 2128 3410 audissem3
2184 3347 2224 3394 a
2273 3349 2422 3422 quo
2474 3328 2550 3396 in

419 3436 813 3507 Samnium.
862 3436 1084 3525 Vide,
1140 3433 1320 3532 quid
1362 3459 1608 3535 speres
1629 3431 1683 3504 ³.
1728 3434 2231 3529 Romaeigitur
2279 3434 2369 3506 de
2419 3441 2558 3508 Bu-

493 3610 542 3644 1.
584 3595 784 3644 Luculli.
820 3599 908 3645 Est
945 3598 1041 3646 Cu.
1084 3594 1340 3654 Lucullus,
1383 3596 1437 3644 L.
1529 3594 1672 3642 detur
1699 3593 1844 3640 fuisse
1869 3591 1950 3640 illa
1971 3625 1988 3650 ,
2021 3609 2166 3656 quam
2210 3593 2424 3643 reddidit
2459 3599 2554 3646 Lu·

417 3674 609 3722 Luculli
643 3671 773 3722 filius
794 3710 809 3731 ,
832 3691 977 3740 quem
998 3675 1123 3722 infra
1159 3673 1439 3722 familiarem
1528 3671 1702 3720 cunm.
1735 3671 1856 3719 Nm.
1881 3673 2076 3719 Runa.

416 3771 558 3802 auum
586 3766 758 3812 vocat,
780 3759 894 3814 XV,
928 3771 972 3804 ι.
994 3756 1088 3802 En.
1599 3751 1647 3799 3.
1671 3749 1804 3814 Qm'd
1819 3766 1998 3814 speres.
2017 3753 2124 3798 Hoc
2143 3766 2246 3798 non
2261 3750 2323 3799 ad
2345 3753 2560 3804 Buthro·

488 3850 539 3880 ο.
560 3834 745 3898 Accepi
772 3846 879 3882 tuas
898 3835 1095 3895 literas,
1123 3844 1220 3882 etc.
1250 3835 1437 3896 Lege·—
1529 3841 1665 3894 tum,
1709 3831 1794 3878 sed.
1826 3829 1890 3877 ad
1926 3829 2270 3894 rempublicam
2314 3833 2544 3882 refertur.

416 3912 535 3960 dum
590 3913 717 3962 forte
743 3929 757 3962 ι
812 3937 839 3958 κ
868 3913 987 3961 duas
1026 3913 1185 3962 literas
1217 3934 1264 3961 a.
1316 3913 1440 3960 Mox
1529 3911 1656 3960 Nam
1673 3912 1920 3960 Antonius
1939 3910 2158 3958 cursabat
2181 3909 2276 3957 huc
2303 3911 2420 3961 illuc
2447 3947 2462 3971 ‚
2495 3926 2552 3962 ut

418 3991 547 4038 euim
574 3990 694 4039 dicit
718 4010 731 4041 ε
762 4015 789 4036 κ
812 3991 1028 4042 Persolvi
1058 3992 1229 4054 prima
1259 3991 1442 4056 episto·
1530 4007 1672 4055 agros
1695 3980 1932 4040 veteranis
1957 3991 2197 4038 divideret
2216 4025 2232 4048 ‚
2258 3991 2438 4054 quibus
2465 3993 2552 4041 be-

415 4069 476 4116 1ae
506 4085 520 4116 ε
558 4073 701 4118 venio
728 4072 792 4121 ad
820 4071 1079 4119 secundam
1100 4091 1146 4118 -.
1188 4071 1247 4118 Et
1272 4070 1440 4134 paullo
1531 4069 1707 4119 nefieio
1733 4070 1972 4119 devinctis
1999 4081 2216 4118 uteretur
2239 4069 2550 4132 adjutoribus

414 4159 531 4212 post
554 4165 569 4198 ε
609 4172 629 4192 ι
660 4152 822 4199 Venio
851 4151 912 4200 ad
938 4151 1127 4199 tertiam
1144 4172 1192 4209 n,
1229 4165 1337 4214 quae
1366 4150 1441 4198 vi·
1529 4150 1592 4199 ad
1617 4152 1794 4200 omnia.
1819 4149 1949 4199 vide
1971 4166 2144 4216 supra,
2171 4165 2249 4214 ep.
2287 4167 2366 4212 ¹7·
2405 4152 2546 4200 Mur.
