3019 4681
553 382 695 454 608
1204 383 1301 450 Μ.
1354 382 1431 449 Τ.
1486 381 2034 450 CICERONIS

550 505 867 594 toribus,
904 527 1133 601 quum
1160 515 1597 602 properant,
1628 503 1870 574 evenit
1903 529 1919 571 ε
1952 515 2068 590 ut,
2095 501 2156 572 si
2173 502 2437 591 serius,
2467 529 2682 600 quam

550 617 979 703 voluerunt,
1014 612 1201 685 forte
1251 615 1742 701 surrexerint3
1788 608 2252 710 properando
2273 666 2294 701 ,
2331 615 2548 683 etiam
2584 615 2682 684 ci-

548 731 727 813 tius»,
774 747 993 824 quam
1027 725 1090 796 si
1120 724 1211 796 de
1237 722 1463 794 multa
1490 735 1706 793 nocte
1738 721 2189 819 vigilassent,
2225 725 2682 820 perveniant,

548 861 702 936 quo
724 835 949 907 velint
986 859 1001 901 ε
1044 833 1143 904 sic
1180 857 1346 930 ege,
1386 833 1734 930 quoniam
1761 834 1840 902 in
1868 833 2007 904 isto
2043 831 2338 904 homine
2375 831 2684 905 colendo

546 963 693 1020 tam
750 943 1137 1016 indormivi
1185 942 1311 1013 diu
1344 997 1363 1028 ‚
1427 957 1499 1013 te
1551 942 1962 1014 mehercule
2021 967 2224 1040 ‚saepe
2279 945 2638 1014 excitante
2662 994 2681 1027 ‚

548 1082 768 1130 cursu
794 1055 1148 1150 corrigam
1174 1052 1576 1124 tarditatem
1595 1107 1614 1142 ‚
1631 1067 1788 1124 tum
1809 1055 2014 1150 equis
2034 1107 2053 1141 ,
2081 1067 2240 1124 tum
2269 1077 2442 1126 vero
2466 1053 2684 1150 (quo-

534 1153 743 1236 'niam
782 1161 1034 1234 scribis
1066 1187 1326 1260 poema
1346 1160 1550 1234 abeo
1578 1177 1908 1234 nostrum
1939 1161 2277 1261 probari)
2317 1161 2684 1262 quadrigis

546 1277 851 1375 poeticis
869 1271 923 1344 4.
956 1271 1182 1344 Modo
1200 1272 1378 1343 mihi
1402 1270 1568 1344 date
1597 1269 2084 1344 Britanniam⁵
2102 1327 2121 1360 ‚
2147 1298 2370 1372 quam
2389 1275 2680 1372 pingam

546 1383 913 1458 coloribus
964 1385 1107 1455 tuis
1137 1437 1157 1470 ‚
1195 1383 1534 1482 penicillo
1583 1407 1769 1454 meo,
1825 1381 1966 1456 Sed
2015 1383 2193 1482 quid
2245 1384 2448 1481 ago?
2483 1382 2680 1482 quod

544 1494 725 1566 mihi
759 1509 1081 1592 tempus,
1118 1497 1363 1564 Romae
1388 1495 1778 1591 proesertim
1801 1547 1820 1581 ,
1855 1507 1936 1564 ut
1963 1494 2098 1566 iste
2118 1517 2236 1566 me
2267 1509 2514 1592 rogat,
2539 1519 2684 1566 ma-

544 1607 787 1694 nenti,
820 1627 1133 1676 vacuum
1164 1603 1613 1675 ostenditur?
1643 1603 1771 1677 sed
1815 1603 2062 1676 videro
2103 1632 2119 1674 ε
2157 1602 2463 1677 fortasse
2489 1607 2682 1676 enim

544 1716 679 1812 (ut
704 1713 788 1784 fit
819 1715 846 1809 )
880 1715 1121 1784 vincet
1155 1725 1327 1784 tuus
1370 1737 1576 1784 amor
1611 1736 1866 1785 omnes
1901 1711 2380 1788 difficultates.
2415 1714 2680 1786 Treba-

546 1827 727 1896 tium
772 1822 975 1922 quod
1020 1821 1111 1894 ad
1154 1847 1231 1896 se
1282 1824 1601 1895 miserim
1631 1877 1652 1911 ‚
1718 1825 2030 1921 persalse
2051 1875 2071 1908 ‚
2125 1839 2200 1896 et
2265 1824 2682 1898 humaniter

546 1939 763 2008 etiam
801 1935 1059 2032 gratias
1095 1933 1447 2029 mihi.agit
1489 1963 1507 2005 ε
1545 1948 1760 2031 negat
1795 1934 1988 2003 enim
2020 1985 2040 2018 ‚
2077 1935 2153 2004 in
2192 1948 2393 2006 tanta
2435 1935 2680 2006 multi·

544 2043 795 2117 tudine
823 2068 1081 2116 eorum
1102 2095 1123 2132 ‚
1172 2047 1300 2140 qui
1328 2067 1475 2114 una
1492 2057 1769 2129 essent,
1799 2066 2246 2139 quemquam
2267 2041 2532 2132 fuisse,
2555 2045 2678 2144 qui

542 2153 1037 2226 vadimonium
1059 2148 1092 2196 ⁶
1138 2153 1522 2249 concipere
1575 2167 1840 2250 posset.
1895 2155 1996 2222 M.
2051 2155 2305 2226 Curtio
2349 2155 2677 2228 tribuna·

545 2279 701 2336 tum
744 2262 835 2334 ab
866 2287 955 2334 eo
983 2262 1206 2361 petivi
1238 2263 1447 2359 (nam
1484 2264 1849 2334 Domitius
1877 2287 1952 2334 se
1981 2260 2292 2334 derideri
2320 2280 2678 2363 putasset,

540 2376 599 2447 si
642 2388 825 2447 esset
863 2398 903 2445 a
942 2397 1061 2445 me
1101 2387 1395 2470 rogatus
1418 2385 1443 2430 ⁷
1487 2399 1504 2441 τ
1549 2372 1692 2444 hoc
1726 2377 1922 2445 enim
1967 2387 2076 2445 est
2111 2374 2268 2469 ejus
2311 2377 2676 2473 quotidia-

544 2509 761 2572 num,
808 2506 883 2555 se
919 2506 1011 2553 ne
1055 2480 1431 2553 tribunum
1465 2482 1774 2555 militum
1819 2482 2118 2580 quidem
2153 2482 2434 2575 facere;
2467 2488 2674 2559 etiam

545 2596 619 2663 in
664 2606 918 2664 senatu
960 2590 1131 2661 lusit
1178 2593 1495 2688 Appium
1542 2592 1929 2691 collegam,
1967 2609 2352 2691 propterea
2399 2599 2540 2669 isse
2589 2596 2674 2669 ad

543 2706 927 2788 Caesarem,
970 2714 1063 2770 ut·
1106 2700 1423 2797 aliquem
1468 2702 1924 2774 tribunatum
1962 2702 2320 2801 auferret)
2362 2734 2379 2776 ε
2439 2707 2568 2779 sed
2603 2709 2674 2777 in

541 2812 849 2883 alterum
890 2834 1207 2898 annum3
1241 2810 1315 2881 id
1345 2826 1417 2882 et
1435 2814 1726 2883 Curtius
1753 2814 1852 2885 ita
1877 2814 2187 2885 volebat.
2221 2819 2373 2905 Tu,
2417 2843 2676 2915 quem-

542 2920 933 2995 admodum
972 2944 1091 2991 me
1133 2943 1380 2993 censes
1417 2936 1758 3019 oportere
1791 2947 1948 2995 esse
1982 2924 2057 2993 in
2090 2924 2466 3023 republica
2500 2942 2574 2999 et
2599 2932 2672 2998 in

614 3106 662 3155 4.
693 3096 957 3161 Οιεαάήςὶε
974 3095 1198 3160 poeticis.
1222 3096 1456 3144 Dicturus
1482 3098 1563 3144 vi·
1723 3098 1774 3145 6.
1809 3094 2170 3148 Vadimonium.
2197 3098 2338 3147 (ἔα-υ
2367 3113 2474 3149 erat
2497 3102 2676 3151 verbo-

540 3178 762 3235 debatur,
788 3200 813 3219 α
833 3188 935 3225 tum
966 3177 1123 3239 equis,
1140 3186 1245 3225 tum
1262 3175 1384 3224 velis
1398 3192 1449 3235 ως
1476 3174 1564 3225 ned
1651 3192 1758 3225 rum
1789 3176 2023 3235 formula,
2049 3192 2148 3241 qua
2168 3194 2272 3225 sese
2291 3178 2504 3227 invicem
2529 3182 2676 3229 vada-

542 3275 631 3323 per
659 3260 827 3318 jocum
843 3290 859 3313 ‚
884 3272 976 3321 pro
1013 3255 1136 3303 velis
1151 3288 1165 3313 ,
1212 3255 1404 3315 intulit,
1438 3272 1565 3320 qua·
1657 3267 1852 3314 remur-3
1891 3256 2070 3319 quibus
2119 3257 2278 3305 verbis
2320 3274 2472 3321 quum
2520 3270 2680 3309 cuent

542 3337 729 3405 drigis:
754 3351 863 3399 quae
901 3344 948 3381 et
998 3334 1115 3397 ipsae
1162 3332 1225 3380 nd
1273 3334 1563 3383 celeritatem
1652 3336 1747 3396 usi,
1773 3356 1798 3376 «ι
1815 3348 2107 3399 conceptum
2135 3335 2468 3385 vadimonium
2487 3359 2515 3379 ι·
2551 3338 2678 3389 dice·

546 3416 747 3463 faciunt.
774 3413 981 3461 Addidit
1018 3422 1177 3461 autem
1198 3446 1213 3471 ‚
1236 3412 1438 3475 poeticis
1454 3432 1477 3470 ‚-
1508 3424 1564 3462 ut
1651 3414 1811 3463 batur.
1838 3416 1996 3463 Iocus
2021 3416 2221 3465 Cas-ris
2243 3418 2295 3463 in
2321 3434 2383 3465 co
2411 3418 2542 3468 fuit:
2570 3422 2674 3485 Op·

541 3510 693 3558 quum
726 3494 834 3541 aliis
868 3493 1045 3551 rebus,
1082 3503 1187 3540 tum
1218 3506 1338 3539 vero
1363 3494 1558 3557 scriptis
1646 3506 1860 3559 portune
1895 3496 2182 3545 Ciceronem
2207 3497 2378 3545 fecisse
2396 3532 2412 3555 ‚
2449 3487 2538 3563 qui
2561 3501 2678 3549 ¹1·oe-

542 3574 757 3621 versibus
778 3610 792 3633 ‚
834 3574 1037 3638 gratiam
1063 3588 1114 3619 se
1136 3588 1165 3617 a
1194 3571 1380 3619 Caecare
1402 3572 1560 3620 initu-
1647 3573 1832 3622 hstium
1848 3575 2248 3636 jurisconsultum
2266 3574 2328 3623 nd
2347 3592 2402 3624 se
2428 3578 2674 3627 misiuet:

540 3667 647 3698 rum
674 3652 964 3700 ostenderet.
994 3652 1207 3698 Maur.
1645 3669 1758 3701 nam
1790 3664 1928 3701 antea
1966 3654 2018 3702 in
2053 3656 2272 3703 universe
2311 3660 2549 3719 praetoria
2589 3674 2674 3706 co-

616 3732 661 3779 5.
687 3730 1007 3779 Britanniam.
1042 3732 1139 3777 Res
1156 3764 1174 3791 ,
1212 3744 1333 3793 quas
1367 3730 1419 3777 in
1447 3730 1556 3777 Bri-
1645 3732 1790 3781 horte
1804 3766 1820 3789 ,
1842 3742 2051 3796 totoque
2071 3734 2302 3781 comitatu
2318 3748 2412 3783 suo
2431 3736 2674 3784 neminem

539 3808 702 3857 tannia
736 3812 925 3873 geretis.
956 3812 1067 3859 Jam
1092 3809 1245 3866 enim,
1273 3818 1329 3856 ut
1354 3808 1556 3872 opinor,
1647 3812 1811 3869 fuisse,
1836 3810 1947 3875 qni,
1976 3826 2128 3875 quum
2153 3811 2342 3875 litigare
2362 3813 2514 3863 vellet
2529 3852 2546 3877 ,
2569 3816 2674 3879 qni-

540 3902 677 3937 ernnt
718 3890 769 3937 in
814 3890 986 3938 itinere
1010 3925 1025 3951 ,
1082 3889 1379 3937 Britanniam
1414 3890 1556 3953 cogi·
1645 3890 1738 3937 bus
1763 3889 1927 3938 verbis
1953 3888 2228 3952 vad-retur,
2254 3902 2458 3941 teneret.
2485 3896 2638 3943 Mur.

539 3982 711 4018 tames.
740 3968 866 4015 ‘Nam
894 3970 945 4014 in
974 3967 1180 4031 epistola
1206 3968 1270 4015 ad
1297 3969 1518 4017 Atticum
1537 4002 1552 4025 ‚
1718 3986 1766 4029 7.
1797 3970 2026 4034 Rogatus.
2053 3970 2122 4017 Ut
2145 3969 2209 4017 nd
2233 3972 2472 4021 Can-rem
2493 3974 2670 4021 scribe·

540 4065 700 4096 mense
726 4045 921 4109 quintili
946 4045 1056 4092 data
1080 4080 1093 4103 ‚
1126 4047 1360 4111 suspicari
1402 4064 1453 4095 se
1478 4048 1556 4095 di·
1645 4058 1734 4097 ret.
1763 4048 2185 4097 Diuidebntenim
2203 4050 2399 4113 capitali
2415 4052 2537 4101 odio
2559 4068 2664 4101 cum

542 4127 631 4185 cit,
659 4148 679 4167 .
707 4124 943 4185 Quintum
966 4138 1068 4170 csse
1088 4125 1137 4171 in
1160 4124 1404 4175 Britannia
1420 4148 1459 4176 ι».
1476 4129 1553 4177 In.
1647 4130 1836 4177 Caesare
1855 4128 2118 4177 Domitius.
2139 4130 2292 4177 Ῑυιιι.
