3019 4681
535 334 674 419 504
1159 336 1254 402 M.
1304 336 1378 402 T.
1429 333 2010 403 CICERONIS

533 474 614 528 tu
650 455 986 554 putares?
1025 454 1126 527 oh
1161 455 1302 526 hoc
1336 477 1470 551 ego
1509 454 1723 525 citius
1758 458 2096 540 Romam,
2130 478 2351 551 quam
2384 460 2655 529 consti-

529 582 832 639 tueram.
873 566 1099 637 Simul
1139 590 1219 637 ac
1256 566 1741 653 constituero,
1770 563 2103 636 scribam.
2145 568 2295 636 Etsi
2326 566 2650 638 nondum

531 676 1026 775 stipulationes
1042 672 1104 732 37
1123 674 1435 773 legeram
1457 676 1623 771 (nec
1644 678 1835 745 enim
1846 678 2027 746 Eros
2046 686 2399 772 venerat),
2416 693 2651 749 tamen

531 812 686 857 rem
729 786 963 885 pridie
1002 786 1164 857 idus
1205 786 1423 857 velim
1477 782 1834 857 conficias.
1882 786 2238 883 Epistolas
2290 790 2652 871 Catinam,

529 899 1090 969 Tauromenium
1103 890 1192 983 ³⁸,
1253 900 1635 993 Syracusas
1688 894 2140 967 commodius
2192 898 2480 969 mittere
2524 922 2658 997 po-

529 1019 721 1092 tere,
765 1008 826 1077 si
849 1006 1178 1077 Valerius
1212 1007 1569 1104 interpres
1584 1002 1652 1065 ³9
1687 1004 1779 1076 ad
1820 1030 1939 1077 me
1968 1009 2267 1077 nomina
2304 1009 2655 1104 gratioso·

531 1140 694 1187 rum
707 1119 774 1168 4⁰
813 1117 1181 1213 scripserit
1212 1143 1228 1185 :
1274 1116 1392 1185 alii
1429 1119 1625 1187 enim
1664 1130 1838 1187 sunt
1876 1114 2082 1205 alias;
2132 1117 2517 1215 nostrique
2552 1115 2655 1189 fa-

532 1224 842 1297 miliares
873 1224 1027 1297 fere
1045 1225 1427 1297 demortui.
1457 1225 1825 1297 Publice⁴¹
1856 1240 2099 1297 tamen
2122 1226 2418 1324 scripsi,
2462 1228 2523 1299 si
2552 1232 2656 1299 uti

527 1335 741 1411 vellet
783 1337 885 1408 eis
930 1337 1310 1409 Valerius:
1345 1352 1470 1408 aut
1507 1336 1685 1407 mihi
1728 1336 2099 1409 nomina&
2146 1337 2489 1409 mitteret.
2550 1342 2657 1411 De

524 1446 907 1547 Lepidanis
926 1445 992 1501 4³
1030 1447 1226 1519 feriis
1267 1447 1533 1520 Balbus
1564 1446 1655 1518 ad
1692 1471 1808 1517 me
1846 1470 2079 1543 usque
2120 1445 2212 1516 ad
2240 1470 2321 1517 111
2360 1444 2651 1518 kalend.

523 1558 976 1658 Exspectabo
1029 1574 1189 1631 tuas
1243 1560 1483 1630 literas
1532 1587 1547 1631 z
1590 1556 1831 1653 deque
1872 1557 2221 1651 Torquati
2282 1556 2655 1653 negotiolo

523 1672 876 1740 sciturum
892 1667 960 1724 44
996 1684 1197 1767 puto.
1235 1669 1491 1761 Quinti
1521 1665 1765 1739 literas
1793 1665 1885 1737 ad
1922 1679 1995 1737 te
2032 1668 2232 1753 misi,
2272 1680 2357 1735 ut
2396 1666 2654 1751 scires,

521 1803 744 1877 quam
796 1778 1004 1849 valde
1057 1804 1222 1850 eum
1272 1774 1660 1862 amaret45,
1694 1800 1914 1873 quem
1967 1775 2168 1847 dolet
2218 1800 2260 1847 a
2302 1789 2377 1845 te
2416 1778 2655 1847 minus

523 1898 766 1967 amari.
794 1898 1040 1966 Atticae
1059 1950 1077 1983 ,
1108 1896 1454 1992 quoniam
1475 1948 1494 1983 ‚
1532 1892 1734 1991 quod
1761 1893 2121 1990 optimum
2147 1894 2227 1997 in
2246 1892 2497 1989 pueris
2524 1908 2651 1977 est,

522 2005 827 2079 hilarula
865 2021 1008 2093 est,
1054 2010 1232 2077 meis
1263 2003 1502 2075 verbis
1534 2004 1862 2074 suavium
1898 2002 2048 2073 des.
2087 2001 2281 2073 Vale.

1634 2183 1950 2250 pontifioetus
1974 2184 2225 2249 auspiciis,
2267 2184 2329 2232 de
2366 2184 2551 2248 quibus
2575 2202 2651 2234 su·

1626 2280 1737 2329 pra,
1757 2282 1835 2329 ep.
1875 2266 1921 2313 S.
1944 2266 2119 2313 (ἔπιεν.
2155 2290 2227 2301 —-
2252 2263 2461 2329 Scripsit
2484 2265 2547 2314 ad
2576 2282 2648 2314 me

1628 2343 1806 2393 Balbus
1825 2344 1885 2393 de
1904 2345 2062 2402 feriis,
2084 2359 2204 2408 quas
2226 2343 2411 2392 indixit
2440 2346 2647 2410 Lepidus

1628 2425 1771 2474 Pont.
1797 2425 1933 2472 Max.
1960 2433 2107 2487 atque
2120 2423 2170 2469 in
2197 2422 2297 2470 illis
2320 2423 2479 2472 literis
2504 2425 2645 2474 intel-

595 2191 678 2250 37.
707 2190 1060 2255 ᾱῐριιὶαείοηοε.
1081 2192 1178 2237 Eos
1194 2224 1208 2249 ,
1232 2189 1318 2253 qni
1339 2188 1540 2252 stipula-

523 2270 658 2318 tione
678 2284 730 2316 se
748 2268 948 2317 daturus
973 2285 1076 2335 esse
1106 2270 1360 2332 pecuniam
1383 2282 1540 2331 spon-

523 2349 658 2397 dent.
676 2349 798 2396 Vult
815 2349 945 2396 enim
967 2385 984 2409 ,
1011 2349 1211 2413 opinor,
1239 2365 1266 2396 e
1297 2348 1398 2396 suis
1413 2363 1539 2411 prae·

523 2427 614 2474 diis
634 2427 837 2490 aliquod
862 2427 924 2474 ab
962 2429 1130 2476 Attico
1161 2427 1324 2476 vendi.
1352 2429 1500 2474 Mu«.

593 2507 676 2554 38.
701 2505 834 2552 Vett.
859 2505 1080 2569 quaedam
1109 2505 1371 2563 editiones,
1409 2507 1536 2551 Tau-

518 2597 765 2630 romenon.
789 2582 940 2630 Male.
955 2583 1008 2630 J.
1027 2585 1090 2632 V.
1117 2587 1169 2630 L.

591 2663 676 2723 39.
699 2663 780 2709 Sic
793 2660 1066 2709 emendavit
1082 2660 1350 2720 Victorius,
1361 2662 1538 2726 partim

519 2758 546 2788 e
573 2742 869 2801 conjecturs,
887 2740 1065 2803 partim
1083 2740 1298 2803 antiqua
1315 2739 1540 2788 lectionis

515 2821 715 2884 vestigia
740 2835 962 2884 sequens,
980 2819 1030 2866 in
1050 2831 1159 2868 ms.
1173 2820 1332 2868 Antea
1343 2819 1538 2885 legeba-

515 2897 793 2947 tui-Minos.
815 2896 1119 2947 Confirmant
1132 2899 1343 2948 Victorii
1355 2901 1531 2949 lectio·

515 2993 628 3026 nem
669 2978 788 3042 ipse
833 2978 1052 3058 epistola
1089 2979 1151 3026 nd
1191 2979 1341 3026 Attic.
1370 2981 1425 3038 1,
1451 2992 1534 3028 12.

512 3059 566 3109 J.
583 3059 647 3107 V.
669 3059 725 3106 1..

587 3141 669 3197 40.
698 3135 1049 3184 Graeiosorum.
1087 3140 1145 3183 In
1171 3136 1434 3200 snffiagiis.
1463 3163 1533 3172 -

512 3207 704 3278 Quibus
739 3211 987 3262 Valerium
1031 3216 1344 3278 interpretem
1391 3229 1530 3261 com-

1625 2502 1760 2564 ligo,
1800 2518 1944 2566 posse
1974 2519 2051 2550 me
2091 2501 2259 2549 abesse
2285 2518 2441 2567 mque
2472 2503 2549 2550 ad
2570 2505 2649 2552 111

1626 2579 1825 2628 kaIend.
1852 2583 2005 2644 Spero
2029 2579 2219 2626 interim
2240 2590 2469 2628 venturas
2486 2579 2605 2630 mihi
2618 2597 2647 2628 a

1628 2671 1677 2708 te
1690 2660 2033 2724 IioerasNulgo
2043 2661 2167 2708 male
2184 2660 2256 2710 sic
2274 2662 2351 2710 ad
2360 2679 2453 2711 me.
2474 2665 2644 2726 Usque.

1628 2740 1705 2789 Ne
1734 2755 1853 2788 cum
1886 2741 2035 2806 vulgo
2086 2741 2462 2806 distinguet-em,
2508 2757 2646 2790 cansa

1626 2819 1732 2866 hec
1742 2819 1850 2878 suit,
1864 2819 2000 2882 quod
2016 2817 2232 2868 scribens
2253 2821 2458 2869 ineunte
2470 2836 2643 2878 mense,

1623 2913 1725 2945 non
1747 2898 1970 2970 videatur
2016 2899 2164 2947 fuisse
2208 2898 2427 2947 dicturus
2455 2933 2472 2960 ,
2520 2901 2645 2948 'lna

1623 2977 1920 3041 exspectabo
1946 2977 2113 3026 literas
2148 2979 2211 3027 ad
2238 2977 2369 3026 die-
2396 2989 2645 3028 nonunet

1626 3056 1929 3120 vigesimum.
1952 3057 2054 3106 Cur
2080 3059 2209 3105 euim
2234 3068 2331 3105 tam
2370 3058 2457 3107 diu
2486 3073 2643 3106 cerere

1624 3135 1770 3184 vellet
1792 3137 1936 3184 amici
1966 3136 2119 3185 literis
2134 3171 2150 3198 ,
2177 3152 2297 3200 quas
2319 3137 2506 3201 ubique
2522 3138 2642 3202 petit

1622 3215 1785 3263 venire
1806 3215 1902 3263 sibi
1924 3216 2237 3264 creberrimas
2251 3218 2274 3265 Ρ
2296 3217 2509 3282 epistola
2534 3217 2641 3266 libri

512 3293 786 3350 mendnret,
816 3303 864 3342 et
897 3303 955 3340 ut
999 3292 1190 3340 honore
1213 3304 1299 3340 ant
1331 3307 1531 3340 munere
1618 3293 1763 3357 hujus
1783 3295 1952 3359 quinta
1970 3295 2201 3354 ostendit,
2222 3313 2370 3360 quam
2384 3299 2447 3344 sit
2464 3297 2631 3345 adrem

509 3371 675 3436 aliquo
701 3372 838 3420 illum
869 3381 1122 3429 ornarent,
1143 3381 1346 3434 peteret.
1368 3373 1531 3420 Pons.
1618 3373 1671 3420 id
1713 3374 1851 3438 quod
1884 3389 2077 3437 sequor.
2114 3377 2297 3424 Mona.
2324 3402 2395 3412 —
2412 3375 2533 3438 Alii,
2556 3377 2635 3423 Ln—

579 3459 664 3506 41.
689 3449 898 3498 Publice.
915 3450 998 3498 Ad
1015 3450 1311 3508 catinenses,
1337 3453 1528 3500 Tauro-
1612 3453 1852 3518 pidianis.
1883 3456 2011 3504 J.V.
2039 3455 2093 3502 1..

508 3529 788 3588 menienses,
801 3529 1146 3591 Syracusanos.
1167 3529 1384 3577 Mun-r.

581 3615 666 3662 4²·
690 3605 926 3656 Nomina.
943 3607 1300 3668 Gratiosorum,
1315 3609 1379 3657 ad
1401 3624 1527 3672 quos

511 3685 794 3733 nominatim
811 3701 1004 3750 possem
1023 3685 1248 3736 scribere.
1266 3690 1431 3737 Coun.

580 3766 662 3820 43.
691 3763 956 3828 Lepidanis
966 3763 1133 3829 filiis.
1174 3767 1310 3828 Quas
1345 3767 1525 3818 indixit

2161 3533 2393 3582 sciturum
2430 3534 2603 3583 Bosius
2618 3567 2633 3590 ,

1689 3542 1773 3590 44.
1819 3537 2009 3599 Deque.
2032 3567 2045 3580 .
2066 3570 2078 3582 .
2103 3568 2116 3580 .

1614 3613 1810 3676 Neque.
1832 3647 1843 3659 .
1866 3649 1879 3660 .
1906 3613 2129 3661 stitutum
2164 3629 2243 3662 me
2276 3613 2515 3678 Torquati
2554 3627 2632 3660 ne·

1614 3691 1765 3754 gotio.

1684 3771 1768 3825 45.
1823 3771 1949 3818 Eum
1993 3783 2199 3822 amaret.
2253 3775 2429 3836 Quint.
2460 3769 2625 3820 filium.

505 3840 716 3906 Lepidus
767 3843 994 3891 Pontifex
1047 3846 1294 3894 Maximus
1348 3845 1401 3892 in
1444 3847 1521 3896 sui
1611 3847 1845 3898 Conun.

1365 4043 1761 4072 ww-
