3019 4681
651 338 1174 410 EPISTOLAE
1224 340 1363 408 AD
1410 341 1908 424 ΑΤΤΙΟΗΜ,
1945 340 2166 427 XVI,
2223 366 2285 409 2.
2397 343 2526 427 481

408 464 487 533 in
542 464 777 533 varios
841 484 1211 533 sermones
1268 457 1692 531 incidebam.
1751 462 1946 551 Quin
2008 462 2222 533 etiam
2271 454 2570 540 idcirco

410 571 967 657 trahebam‚.ut
1022 595 1242 667 quam
1299 568 1697 641 diutissime
1737 572 2094 666 integrum
2139 588 2344 643 esset.
2395 574 2538 645 Sed

408 684 750 777 quoniam
792 679 1072 751 furcilla
1110 678 1590 765 extrudimur,
1629 680 2086 751 Brundisium
2127 684 2404 779 cogito:
2438 682 2540 754 fa-

406 792 608 861 cilior
672 792 865 862 enim
924 804 996 860 et
1062 788 1503 886 exploratior
1559 788 1901 861 devitatio
1960 788 2328 887 legionum
2383 790 2539 865 fore

386 898 727 989 ’videtur‚
792 923 1011 998 quam
1080 900 1472 995 piratarum
1500 952 1521 985 ‚
1579 900 1706 995 qui
1763 922 2109 996 apparere
2171 899 2535 973 dicuntur.

399 1014 687 1081 Sextius
720 1036 793 1079 νι
832 1010 1005 1081 idus.
1020 1006 1572 1106 exspectabatur
1592 1062 1612 1096 ‚
1641 1005 1767 1079 sed
1801 1032 1950 1079 non
1979 1023 2268 1079 venerat
2287 1064 2306 1098 ‚
2335 1011 2542 1107 quod

398 1122 641 1193 sciam.
674 1124 959 1191 Cassius
988 1142 1157 1189 cum
1188 1116 1553 1189 classicula
1581 1142 1710 1189 sua
1734 1133 2050 1189 venerat.
2082 1123 2269 1215 Ege,
2305 1144 2538 1216 quum

398 1256 565 1302 eum
633 1230 971 1300 vidissem
1000 1281 1018 1314 ‚
1082 1252 1127 1297 v
1188 1226 1325 1299 kal.
1382 1228 1458 1297 in
1519 1232 2042 1325 Pompeianum
2101 1228 2539 1325 cogitabam,

393 1340 565 1411 inde
616 1339 1135 1411 Aculanum¹⁰.
1187 1338 1393 1409 Nosti
1443 1336 1742 1435 reliqua.
1786 1341 1894 1408 De
1938 1339 2146 1408 Tutia
2189 1341 2283 1409 ita
2327 1354 2532 1436 puta·

390 1474 567 1521 ram.
622 1447 1111 1535 De'AEbuti0‚
1164 1470 1314 1517 non
1357 1444 1617 1534 credo;
1661 1470 1795 1517 nec
1830 1460 2074 1516 tamen
2111 1470 2288 1517 curo
2331 1448 2530 1545 plus,

391 1584 605 1657 quam
650 1574 751 1629 tu.
790 1557 1055 1629 Planco
1094 1572 1166 1627 et
1206 1557 1452 1655 Oppio
1485 1557 1733 1653 scripsi
1773 1554 2109 1653 equidem
2133 1612 2152 1645 ‚
2183 1560 2531 1655 quoniam

386 1694 715 1767 rogaras;
766 1668 930 1755 sed,
981 1668 1039 1737 si
1084 1665 1215 1737 tibi
1268 1666 1651 1754 videbitur,
1699 1692 1792 1738 ne
1845 1691 2133 1737 necesse
2187 1667 2530 1741 habueris

383 1780 713 1852 reddere.
758 1781 1005 1868 Quum
1062 1778 1259 1848 enim
1318 1790 1441 1847 tua
1486 1800 1702 1847 causa
1745 1773 2048 1846 fecerint
2083 1778 2360 1866 omnia,
2409 1804 2526 1849 ve-

382 1914 583 1979 reor,
623 1915 719 1961 ne
750 1912 945 1960 meas
977 1888 1221 1959 literas
1253 1910 1822 1984 supervacaneas
1864 1884 2324 1957 arbitrentur.
2366 1892 2520 1986 Op-

378 2005 505 2098 pio
542 1998 839 2097 quidem
879 2002 1172 2095 utique3
1218 2020 1444 2093 quem
1478 1994 1614 2065 tibi
1643 1994 2152 2065 amicissimum
2183 2000 2512 2093 cognovi.

377 2114 689 2197 Verum,
728 2125 811 2179 ut
833 2108 1054 2178 voleS.
1086 2112 1231 2193 Tu,
1266 2107 1618 2203 quoniam
1645 2102 1896 2175 scribis
1929 2104 2411 2178 hiematurum
2439 2123 2515 2181 te

376 2224 451 2292 in
496 2221 712 2319 Epiro
730 2274 760 2307 ‚.
799 2217 1053 2290 feceris
1108 2216 1287 2287 mihi
1336 2230 1666 2314 gratum,
1709 2216 1778 2291 si
1824 2230 1988 2288 ante
2040 2240 2127 2290 eo
2180 2220 2510 2305 veneris,

374 2357 591 2432 quam
630 2328 805 2401 mihi
840 2332 915 2400 in
952 2328 1265 2417 Italiam,
1305 2339 1381 2398 te
1408 2342 1736 2415 auctore,
1769 2326 2206 2400 veniendum
2252 2332 2364 2400 sit.
2395 2334 2508 2401 Li-

372 2459 557 2515 teras
590 2441 679 2514 ad
716 2465 825 2513 me
853 2463 1073 2538 quam
1104 2439 1532 2536 saepissime²
1567 2435 1696 2508 sed
1721 2436 1812 2507 de
1846 2435 2066 2508 rebus
2102 2441 2338 2510 minus
2369 2465 2500 2512 ne-

368 2554 691 2626 cessariis
712 2607 730 2641 ,
764 2551 1079 2648 aliquem
1114 2563 1369 2620 nactus
1390 2557 1489 2634 ¹¹3
1529 2547 1640 2617 sin
1678 2562 1922 2618 autem
1961 2551 2096 2619 erit
2132 2549 2312 2644 quid
2347 2575 2496 2628 ma,-

278 2705 283 2710 ·
361 2661 520 2755 jus,
564 2659 789 2730 domo
820 2659 1111 2728 mittito.
1151 2645 1662 2751 Ηρακλείδιονω,
1691 2654 1752 2722 si
1791 2651 2250 2724 Brundisium
2285 2655 2494 2746 salvi,

368 2772 797 2842 adoriemur.
846 2771 955 2839 De
1005 2766 1253 2838 Gloria
1302 2765 1467 2835 misi
1506 2761 1661 2833 tibi.
1717 2761 2091 2834 Custodies
2129 2765 2366 2860 igitur,
2409 2780 2492 2836 ut

358 2880 587 2950 soles:
623 2878 751 2950 sed
793 2890 1143 2948 notentur
1168 2873 1516 2970 'eclogarii
1543 2868 1643 2960 ¹³3
1682 2896 1866 2967 quos
1909 2870 2216 2959 Salvius,
2247 2871 2486 2947 bonos

432 3039 512 3072 ιο.
554 3023 843 3078 Aculamem.
880 3021 1135 3086 Oppidum
1174 3021 1227 3068 in
1256 3020 1373 3069 Hir·
1463 3026 1550 3064 net
1577 3031 1594 3065 t
1619 3016 1758 3063 locus
1782 3017 1835 3064 iu
1861 3015 1990 3064 libro
2019 3017 2316 3080 eclogarius,
2341 3031 2482 3070 uota.

352 3104 498 3167 pinis.
534 3102 679 3152 conf.
718 3101 847 3152 Pliu.
871 3095 965 3149 lib.'
986 3101 1062 3150 111
1082 3135 1097 3160 ,
1140 3115 1247 3163 cap.
1273 3099 1338 3146 ιδ
1356 3133 1372 3158 ,
1460 3093 1574 3142 bilis
1589 3105 1638 3141 et
1661 3093 1838 3157 dignus
1855 3094 1940 3158 qui
1967 3105 2271 3158 excerpatur.
2295 3099 2480 3146 Nocen-

354 3193 473 3230 tom.
497 3183 545 3230 11
564 3218 579 3240 ‚
607 3196 717 3244 pag.
750 3183 845 3228 152
870 3178 989 3228 edit,
1020 3190 1149 3227 nost.
1170 3179 1262 3227 En,
1461 3183 1554 3228 eur,
1575 3173 1658 3236 qui
1677 3173 1900 3236 legantur
1917 3172 1967 3219 e'n
1984 3172 2196 3238 convivio
2209 3174 2476 3236 duntaxat,

430 3277 451 3307 1
467 3277 511 3309 ι.
550 3260 631 3308 ΑΙ.
668 3281 689 3302 «ι
709 3257 753 3306 εἰ
786 3257 845 3305 de
882 3274 924 3306 r.
960 3275 1022 3304 m.
1062 3256 1369 3315 necessariis,
1456 3251 1616 3312 inquit
1641 3249 1956 3314 Mongaldm.
1981 3251 2082 3301 Cur
2100 3262 2260 3299 autem
2280 3254 2332 3301 in
2356 3270 2478 3302 con-

348 3338 559 3403 aliquem
578 3348 746 3386 nactus
768 3357 806 3385 ι.
830 3338 885 3384 J.
904 3339 969 3383 V.
988 3337 1046 3383 L.
1458 3330 1590 3376 vivio
1617 3330 1710 3392 legi
1737 3329 2008 3394 permittit?
2027 3331 2270 3392 Quoniam
2287 3367 2301 3391 ,
2329 3345 2386 3382 ut
2403 3337 2478 3382 vi-

426 3425 505 3459 12.
534 3399 863 3476 Βραιλείδιον.
894 3427 915 3448 ιι
938 3407 1077 3470 Opus
1102 3405 1163 3452 iis
1185 3404 1363 3464 simile,
1456 3407 1625 3466 detur,
1665 3408 1788 3455 nihil
1828 3408 2034 3472 periculi
2074 3419 2148 3456 est
2177 3425 2204 3455 a
2239 3412 2431 3461 calamis
2449 3450 2468 3472 ,

346 3503 457 3551 quae
500 3489 693 3551 scripsit
743 3483 1021 3535 Heraclides
1065 3483 1298 3531 Ponticus
1320 3506 1361 3531 a.
1450 3487 1612 3534 minus
1636 3503 1663 3533 a
1685 3488 1912 3533 memoria
1933 3487 2263 3538 convivarum.
2284 3491 2360 3539 De
2380 3507 2474 3541 usu

343 3566 471 3615 'Vide
494 3568 611 3626 XV,
634 3573 683 3622 4.
1448 3565 1642 3629 legendi
1669 3565 1722 3612 iu
1750 3565 1990 3613 convivii·
2009 3599 2025 3626 ,
2056 3565 2246 3616 Plinius
2271 3585 2350 3634 ep.
2372 3574 2474 3630 ΙΙΙ,

420 3648 499 3694 ι3.
525 3644 793 3710 Eclogarii.
815 3643 895 3691 Ab
916 3641 1081 3706 ecloga
1110 3641 1357 3692 descendit
1450 3647 1480 3693 5
1488 3644 1790 3704 navemus,
1820 3646 1895 3692 11
1913 3679 1927 3703 ,
1961 3647 2076 3706 178.
2103 3647 2472 3702 oum—Malo

338 3725 631 3790 eclogarius,
660 3739 771 3787 quae
788 3739 887 3771 vox
897 3737 1131 3786 nusquam
1146 3723 1356 3770 occurrit
1443 3723 1642 3787 quidam
1678 3739 1801 3788 quos
1826 3725 2044 3773 referunt
2078 3725 2142 3775 ad
2181 3727 2244 3774 dc
2269 3729 2468 3791 Gloria,

336 3803 473 3852 alibi.
496 3804 705 3869 Eclogas
723 3803 962 3850 vocabant
984 3802 1121 3848 locos
1143 3801 1355 3866 insignes
1442 3819 1617 3868 nempe
1631 3803 1797 3852 libros.
1810 3805 2113 3868 Mougaltius
2130 3807 2253 3856 vidit
2264 3812 2472 3872 conjun-

334 3898 365 3928 c
387 3883 524 3930 libris
542 3893 811 3948 excerptos.
832 3879 1041 3929 Proinde
1058 3881 1207 3928 homo
1231 3881 1357 3928 eclo—
1441 3884 1652 3948 gendum
1666 3901 1778 3932 cum
1797 3885 2047 3950 eclogarit‘.
2075 3885 2270 3937 Schiitt.
2291 3890 2466 3953 probat

329 3963 499 4024 gat-ius
534 3963 575 4008 is
611 3972 681 4008 est
699 3997 714 4020 ,
750 3961 835 4024 qui
862 3959 1138 4020 hujusmodi
1163 3960 1355 4024 eclogas
1441 3975 1490 4012 ct
1527 3963 1780 4014 confirmat
1815 3964 1890 4012 his
1913 3965 2057 4029 epist.
2087 3981 2148 4014 2:
2177 3989 2201 4008 ιι
2222 3969 2456 4018 Nostrum

332 4039 555 4103 colligit:
584 4039 707 4088 liber
743 4038 1045 4105 calagurim,
1076 4041 1160 4104 qui
1188 4043 1349 4089 conti·
1441 4057 1568 4108 opus
1590 4043 1676 4092 tibi
1701 4043 1898 4107 probari
1923 4042 2092 4094 laetor:
2124 4061 2187 4094 ex
2219 4061 2322 4109 quo
2342 4045 2454 4100 ἄνθη

476 4129 601 4196 ΠΙ.
640 4143 729 4188 Cic.
747 4158 855 4202 pm
886 4151 1065 4204 quana.
2182 4129 2257 4202 31
