3019 4681
735 409 1273 479 EPISTOLAE
1325 409 1527 478 CIC.
1582 407 1707 477 ET
1754 408 2104 496 BRUTI,
2152 431 2257 479 ιι.
2418 402 2554 507 671

425 547 889 631 praestaturus
941 530 1164 602 fuerit
1211 531 1637 602 acerrimum
1694 547 2309 628 propugnatorem
2371 557 2569 606 com-

429 645 669 712 munis
730 641 1083 714 libertatis
1120 695 1138 728 ‚
1203 643 1262 712 si
1329 642 1693 712 occasioni
1755 645 2111 738 potuisset
2158 665 2563 716 occurrere.

427 755 647 838 Nam,
700 753 830 848 qui
869 753 948 822 in
986 749 1252 822 Achaia
1297 773 1754 848 magt-essm,
1792 756 1861 822 P.
1894 751 2267 824 Dolabella
2308 754 2571 826 milites

427 877 648 959 atque
721 863 1000 958 equites
1071 859 1421 948 habente,
1479 860 1791 959 quodvis
1858 861 2059 932 adire
2125 863 2525 960 periculum
2547 919 2566 950 ‚

429 995 518 1042 ex
573 972 856 1043 insidiis
913 975 1342 1071 paratissimi
1397 970 1488 1042 ad
1534 973 1778 1042 omnia
1828 971 2158 1059 latroniS‚
2202 972 2565 1060 maluerit,

431 1104 648 1176 quam
683 1081 914 1153 videri
961 1096 1084 1152 aut
1142 1097 1434 1153 coactus
1470 1105 1625 1152 esse
1660 1082 2042 1178 pecuniam
2072 1082 2243 1153 dare
2267 1138 2288 1171 ‚
2330 1097 2453 1153 aut
2490 1083 2571 1154 li-

429 1189 690 1263 benter
735 1191 1017 1264 dedisse
1060 1190 1342 1262 homini
1387 1193 1835 1288 nequissimo
1899 1205 2121 1288 atque
2183 1191 2569 1290 improbis-

430 1302 649 1390 simo;
682 1307 741 1372 is
767 1299 980 1374 nobis
1013 1301 1208 1372 ultro
1243 1316 1318 1372 et
1349 1302 1715 1400 pollicitus
1746 1318 1887 1386 est,
1915 1316 1987 1375 et
2014 1301 2215 1375 dedit
2249 1307 2449 1375 H-S²
2478 1329 2574 1374 xx

430 1436 520 1482 ex
559 1436 690 1483 sua
727 1415 1066 1511 pecunia;
1107 1425 1214 1500 et,
1261 1411 1461 1508 quod
1499 1412 1733 1483 multo
1768 1415 2002 1484 carius
2039 1429 2145 1484 est
2168 1469 2187 1501 ,
2224 1439 2299 1485 se
2333 1415 2574 1512 ipsum

431 1521 704 1593 obtulit
753 1537 825 1592 et
883 1522 1284 1618 conjunxit.
1345 1523 1528 1592 Huic
1574 1522 2006 1620 persuadere
2049 1527 2442 1620 coepimus,
2491 1539 2577 1596 ut

430 1636 824 1728 imperator
849 1631 927 1702 in
955 1635 1202 1702 castris
1226 1647 1677 1716 remaneret,
1709 1649 2014 1728 remque
2046 1632 2409 1730 publicam
2442 1633 2571 1704 de-

430 1739 780 1812 fenderet.
826 1739 1128 1813 Statuit-²⁵
1168 1739 1494 1814 eundum
1516 1738 1547 1796 4
1584 1739 1757 1829 sibi,
1792 1742 2141 1838 quoniam
2165 1745 2565 1814 exercitum

431 1851 835 1924 dimisisset.
877 1854 1128 1924 Statim
1155 1876 1328 1923 vero
1352 1849 1761 1921 rediturum
1793 1850 1882 1921 ad
1918 1875 2051 1922 nos
2087 1851 2569 1942 confirmavit,

433 1959 838 2060 legatione-'³
889 1977 1256 2062 suscepta,
1317 1965 1452 2034 nisi
1499 1976 1889 2059 praetorum
1928 1962 2216 2032 comitia
2254 1961 2571 2034 habituri

431 2087 671 2144 essent
733 2073 1064 2144 consules
1081 2069 1139 2144 ⁶.
1175 2075 1360 2144 Nam
1406 2069 1508 2142 illi
1544 2073 1643 2140 ita
1681 2071 2019 2141 sentienti
2063 2070 2154 2141 de
2198 2071 2573 2168 republica

435 2207 869 2281 magnopere
904 2199 1156 2255 auctor
1195 2181 1336 2270 fui,
1383 2205 1476 2252 ne
1504 2177 1830 2251 differret
1866 2193 2153 2277 tempus
2202 2181 2571 2278 petitionis

432 2317 594 2364 suae.
653 2293 878 2390 Cujus
927 2291 1196 2365 factum
1237 2289 1581 2365 omnibus
1618 2303 1897 2388 gratum
1956 2313 2109 2361 esse
2149 2287 2400 2377 debet,
2444 2293 2573 2387 qui

435 2404 654 2476 modo
681 2405 1036 2501 judicant,
1089 2405 1288 2477 hunc
1315 2403 1715 2476 exercitum
1750 2424 1904 2472 esse
1933 2397 2393 2498 reipublicae3
2439 2399 2573 2471 tibi

433 2528 636 2585 tanto
663 2517 968 2614 gratius,
997 2530 1277 2613 quanto
1297 2530 1367 2587 et
1387 2514 1661 2609 majore
1690 2512 1934 2581 animo
1953 2508 2327 2607 gloriaque
2358 2508 2573 2581 liber-

431 2638 653 2697 tatem
689 2642 1008 2699 nostram
1056 2625 1414 2714 defendis;
1458 2638 1533 2696 et
1552 2622 1973 2720 dignitatem
1997 2632 2053 2709 ⁷,
2088 2621 2149 2691 si
2190 2625 2574 2720 contigerit

433 2737 698 2807 nostris
754 2739 1070 2811 consiliis
1112 2742 1382 2826 exitus,
1409 2760 1635 2835 quem
1658 2748 2027 2833 optamus,
2057 2731 2574 2830 perfuncturus

431 2904 568 2947 rum,
597 2891 710 2953 quia
735 2892 950 2939 voluerit
976 2894 1172 2956 quidem
1187 2928 1202 2951 ,
1229 2892 1316 2941 ssd
1341 2892 1456 2940 ideo
1544 2892 1771 2954 scriptam
1791 2905 1919 2947 esse,
1935 2896 2021 2936 sut
2038 2888 2437 2951 Brutum‚quum
2454 2886 2574 2934 scri-

433 2982 536 3013 uou
553 2970 793 3031 potuerit,
809 2970 924 3031 quia
939 2971 1240 3019 voluntatem
1257 2972 1456 3019 minime
1545 2968 1645 3033 psit
1658 3004 1673 3029 ,
1696 2967 1991 3015 Mutinensis
2014 2964 2171 3028 prelii
2194 2966 2425 3015 nuntium
2446 2982 2573 3013 uou-

431 3044 726 3107 subsequuta
751 3047 814 3093 sit
836 3048 1045 3095 occasio.
1069 3050 1191 3096 Ideo
1214 3050 1342 3095 euim
1371 3066 1455 3096 oc·

433 3122 615 3169 casioui
652 3138 908 3171 occurrere
941 3140 1046 3172 uon
1084 3126 1278 3188 potuit,
1322 3124 1458 3187 quod

433 3216 488 3249 en
511 3216 612 3249 sese
632 3202 706 3249 illi
727 3218 829 3250 nou
855 3201 1056 3251 obtulit.
1103 3204 1219 3251 Nou
1241 3200 1391 3265 igitur
1408 3204 1460 3251 ei

436 3292 652 3343 tempus,
689 3296 792 3327 nou
825 3281 1084 3342 voluntas,
1115 3280 1200 3329 sed
1239 3297 1316 3331 res
1353 3283 1458 3347 ipsa

437 3359 614 3407 defuit.
641 3362 786 3408 Mur.

507 3456 558 3488 a.
576 3442 802 3489 H·SXX.
818 3436 936 3487 Nou
949 3439 1121 3504 viginti
1133 3442 1458 3489 mnu-tiorum

435 3518 586 3567 mini·
600 3553 616 3579 ,
643 3518 782 3583 quod
807 3520 962 3565 Bruto
991 3520 1232 3565 exercitus
1257 3518 1458 3567 habenti

435 3599 688 3645 minimum
706 3596 978 3644 subsidium
993 3596 1185 3659 fuisset5
1205 3596 1291 3644 sed
1309 3596 1457 3645 vicies

435 3678 780 3723 sestertiorum.
809 3678 963 3723 Insa.

505 3756 562 3805 3.
589 3756 672 3803 Al.
693 3776 718 3799 ι
743 3755 922 3804 Statuit
941 3754 996 3803 id
1016 3754 1112 3803 sihi
1131 3774 1175 3803 ιι.
1203 3757 1253 3805 J.
1273 3758 1338 3805 V.
1365 3757 1422 3805 1..

506 3844 560 3889 4.
589 3834 834 3884 Eundum.
864 3836 1089 3883 Romam.
1121 3836 1269 3883 Mur.

509 3914 538 3962 5
547 3951 560 3963 .
583 3913 866 3980 Legatione.
883 3915 1052 3963 Libera
1070 3932 1083 3962 ι
1103 3932 1250 3980 quam
1267 3926 1460 3964 senatus

437 3992 600 4042 dabat.
630 3996 786 4043 Insa.

511 4075 560 4121 6.
609 4074 852 4125 Consules.
906 4075 1124 4139 Apparet
1143 4110 1160 4137 ‚
1206 4088 1292 4125 aut
1335 4077 1460 4125 hanc

1548 3046 1663 3092 dum
1682 3046 1940 3107 accepisse.
1968 3046 2119 3091 [nux.

1622 3138 1671 3182 ·,·.
1726 3122 2021 3187 Dignitatem
2034 3153 2189 3169 .....
2214 3116 2573 3185 perfimeeurus.

1548 3204 1747 3265 Quanto
1772 3201 1925 3259 major
1946 3210 2029 3247 tus
2056 3196 2267 3260 dignitas
2292 3200 2455 3247 sutum
2480 3210 2571 3249 est.

1550 3282 1629 3327 Sic
1664 3276 1955 3333 Terentius,
1996 3275 2177 3338 opinor
2210 3277 2267 3324 iu
2302 3277 2571 3341 Adelphis:

1548 3381 1573 3399 «ι
1594 3362 1804 3405 Functus
1818 3367 1890 3405 est
1904 3355 2121 3405 officium
2137 3358 2283 3420 probi
2296 3358 2575 3408 adolescen-

1548 3438 1613 3486 tis
1628 3458 1668 3484 ι.
1692 3436 1989 3486 Duriuscule
2009 3445 2169 3483 tamen
2188 3436 2401 3497 dictum,
2423 3461 2448 3480 ιι
2465 3454 2577 3503 per-

1545 3519 1803 3565 functurus
1840 3515 2123 3580 diguitntem
2144 3536 2198 3573 a,
2234 3532 2328 3581 pro
2354 3539 2382 3561 a
2402 3532 2577 3565 couse-

1546 3608 1786 3663 quuturus
1807 3596 2089 3661 dignitatem
2102 3616 2142 3642 ι.
2164 3596 2269 3643 Nec
2282 3633 2296 3659 ,
2308 3594 2567 3663 perfungi,

1550 3676 1695 3724 video
1709 3691 1811 3740 quo
1825 3674 1976 3723 modo
1992 3674 2089 3722 hoe
2103 3674 2375 3737 significare
2393 3676 2572 3741 possit:

1550 3772 1643 3805 uec
1666 3770 1871 3821 usquam
1896 3770 1925 3803 a
1952 3753 2199 3802 veteribus
2224 3754 2289 3803 ad
2312 3756 2439 3805 hauc
2464 3770 2577 3805 ssu·

1548 3836 1747 3884 tentiam
1786 3846 2065 3899 usurpatur.
2116 3834 2285 3883 Malim
2306 3869 2323 3896 ,
2362 3852 2467 3885 uon
2504 3836 2575 3885 its
2642 3864 2647 3868 ·

1548 3930 1719 3977 magua
1744 3914 1991 3963 literarum
2020 3913 2324 3974 mutatione,
2358 3938 2384 3957 α
2409 3916 2574 3979 digni-

1548 4004 1695 4042 tatem
1731 3992 2054 4059 perfruiturus
2086 4016 2129 4042 ι.
2186 3995 2339 4059 Quod
2377 4010 2575 4058 quoque

1554 4072 1787 4121 lambino
1827 4072 2028 4137 placuit.
2072 4075 2183 4123 Hoc
2221 4074 2487 4138 participio
2522 4086 2573 4122 ot

438 4145 696 4209 epistolam
715 4156 826 4195 ante
845 4158 1050 4195 mortem
1066 4147 1214 4197 nia-tii
1233 4160 1284 4196 et
1302 4150 1411 4197 Pan
1479 4166 1535 4198 sa
1546 4152 1720 4202 Cicero
1751 4154 1857 4218 ipse
1894 4168 2015 4201 usus
2063 4165 2149 4204 est.
2193 4154 2255 4202 Et
2278 4150 2435 4217 fruor
2466 4166 2581 4199 eum
