3019 4681
442 413 587 497 324
1085 411 1181 478 M.
1234 411 1311 479 T.
1367 411 1924 480 CICERONIS

437 549 512 607 et
547 534 907 633 privigna,
950 555 1191 628 neque
1226 554 1520 628 possum
1553 532 1700 627 jam
1741 528 2005 601 addere
2036 527 2063 624 (
2083 542 2193 601 est
2229 513 2423 600 enim
2452 555 2570 604 res

432 635 937 744 pervulgata4)‚
963 665 1208 738 ,neque
1238 639 1702 712 Tuberonem
1735 639 1900 711 volo
1930 637 2319 711 defendere
2343 637 2394 710 ⁵.
2435 644 2570 711 Mi-

430 750 629 822 rifice
689 764 796 820 est
856 747 1049 818 enim
1108 745 1479 840 φιλαίτιοςθ.
1538 747 1978 818 Theatrum⁷
2039 745 2338 842 quidem
2397 769 2567 817 sane

432 859 705 932 bellum
760 855 1097 929 habuisti.
1138 862 1290 953 Ego
1313 912 1332 944 ‚
1373 860 1505 928 etsi
1541 857 1684 929 hoc
1721 857 1883 928 loco
1921 854 2251 927 facillime
2288 871 2566 928 susten-

432 984 586 1058 tor,
652 985 895 1040 tamen
953 982 1024 1037 te
1078 966 1319 1038 videre
1378 970 1618 1066 cupio.
1681 972 1933 1064 Itaque
1960 1021 1980 1055 ‚
2033 980 2118 1037 ut
2179 968 2562 1055 constitui,

430 1080 671 1151 adero.
719 1085 1037 1150 Fratrem
1074 1077 1293 1149 credo
1329 1103 1371 1148 a
1402 1093 1473 1149 te
1512 1100 1666 1149 esse
1699 1077 2161 1148 conventum.
2204 1078 2397 1148 Scire
2435 1079 2564 1174 igi-

428 1204 551 1261 tur
585 1190 883 1277 stude0,
919 1187 1097 1286 quid
1140 1189 1391 1286 egeris.
1434 1193 1544 1261 De
1588 1186 1774 1259 fama
1815 1187 1998 1258 nihil
2029 1211 2198 1258 sane
2227 1181 2564 1259 laboross:

428 1302 563 1370 etsi
600 1299 1020 1396 scripseram
1066 1295 1157 1367 ad
1193 1311 1264 1368 te
1301 1309 1528 1368 tunc9
1568 1298 1809 1369 stulte.
1848 1295 2048 1371 Nihil
2085 1297 2342 1368 melius
2372 1324 2389 1367 τ
2441 1323 2564 1368 cu-

426 1408 738 1479 randum
796 1408 991 1478 enim
1036 1432 1189 1478 non
1234 1423 1360 1479 est.
1419 1412 1658 1505 Atque
1708 1407 1940 1480 hoc¹⁰
1982 1435 1998 1477 :
2043 1409 2124 1476 iu
2174 1409 2374 1478 omni
2426 1411 2569 1479 vita

427 1543 556 1590 sua
609 1542 979 1615 quemque
1020 1543 1060 1587 a
1100 1532 1297 1588 recta
1337 1517 1774 1589 couscientia
1813 1531 2210 1588 traversum
2241 1541 2567 1613 unguem

426 1649 577 1696 non
630 1637 922 1722 oportet
974 1622 1363 1696 discedere.
1404 1622 1660 1695 Viden’
1702 1647 1922 1721 quam
1951 1626 2295 1718 φιλοσόφως
2321 1622 2430 1690 ¹¹?
2472 1648 2562 1693 an

428 1750 507 1804 tu
562 1757 697 1804 nos
757 1731 1020 1805 frustra
1062 1735 1426 1805 existimas
1475 1732 1628 1804 haec
1654 1743 1714 1776 ¹²
1762 1734 1838 1803 in
1886 1731 2223 1802 manibus
2255 1729 2566 1803 habere?

430 1836 743 1935 Δεδῆχθαι
770 1835 830 1881 ¹3
884 1853 956 1908 te
1009 1838 1313 1926 nollem,
1362 1836 1564 1934 quod
1615 1836 1800 1906 nihil
1851 1851 2025 1907 erat.
2073 1836 2320 1908 Redeo
2371 1840 2565 1908 enim

422 1976 672 2024 rursus
701 1947 984 2021 eodem.
1017 1948 1534 2044 Quidquamne
1556 1971 1674 2018 me
1699 1960 1912 2042 putas
1937 1969 2189 2018 curare
2214 1947 2290 2016 in
2314 1952 2565 2036 tot014,

398 2062 563 2144 „nisi
597 2073 675 2130 ut
702 2060 769 2131 ei
798 2082 893 2128 ne
919 2056 1147 2128 desim
1165 2054 1389 2129 1⁵?1d
1416 2080 1552 2154 ago
1582 2054 1882 2145 scilicet,
1921 2069 2002 2126 ut
2019 2055 2292 2152 judicia
2320 2055 2564 2131 videar

492 2348 545 2395 4.
561 2342 655 2387 Res
674 2339 981 2403 pervulgata.
1000 2333 1251 2403 Significat
1271 2342 1451 2389 oratio·

423 2435 535 2468 nem
553 2434 647 2483 pro
668 2417 859 2480 Ligario
866 2418 968 2479 jam
980 2418 1037 2465 in
1059 2418 1326 2479 multorum
1341 2435 1446 2467 ma-

422 2498 570 2547 nibus
596 2512 713 2545 ease.
735 2496 848 2543 Sca.

494 2578 542 2625 5.
570 2577 686 2623 Em.
711 2590 801 2638 per
826 2574 1153 2635 conjecturam
1180 2572 1445 2641 offendere.

421 2657 535 2705 Sch.
555 2655 763 2705 nimium
789 2652 1125 2717 imprudenter
1140 2655 1443 2721 obsequitur.

420 2737 471 2785 J.
490 2738 553 2783 V.
578 2736 636 2783 L.

492 2816 543 2863 6.
561 2812 814 2873 Φιλαίτιος.
833 2814 1114 2865 Accusandi
1138 2824 1187 2864 et
1208 2813 1445 2879 querendi

419 2892 648 2959 cupidus.
679 2896 792 2943 Son.
886 2922 890 2925 ·

488 2990 536 3035 7.
566 2972 843 3022 Theatrum.
874 2972 1102 3021 Habuisti
1137 2973 1297 3037 quod,
1328 2984 1443 3023 tam-

417 3070 562 3119 quam
588 3052 639 3100 in
665 3053 883 3113 theatro,
909 3062 1125 3117 spectare
1150 3069 1319 3117 possea
1331 3069 1443 3101 cum

412 3132 824 3198 voluptatc.Quid
831 3143 993 3181 autem
1006 3143 1222 3197 spectare
1232 3136 1255 3181 Ρ
1267 3134 1442 3181 Rixam

415 3214 601 3263 scilieet
638 3214 769 3262 inter
805 3229 1009 3261 uxorem
1051 3213 1327 3262 Tuberonis
1344 3246 1359 3273 ,
1394 3223 1443 3261 et

414 3296 704 3361 privignam.
728 3296 875 3345 Mu.
903 3322 973 3333 —
1000 3294 1063 3343 ld
1078 3306 1177 3355 est,
1202 3296 1367 3343 locum
1392 3305 1442 3343 et

409 3376 715 3423 occasionem
742 3375 1047 3423 commodam
1059 3374 1273 3423 habuisti
1298 3390 1440 3422 exac-

410 3454 576 3502 rendae
618 3465 667 3503 ct
692 3452 995 3518 explicandae
1020 3454 1215 3502 virtutis
1247 3464 1334 3501 aut
1369 3453 1439 3499 fa-

411 3534 603 3581 candiae
620 3544 735 3583 tuae.
752 3536 837 3583 Est
856 3550 1041 3582 novum
1056 3543 1206 3598 caput
1220 3531 1438 3597 epistola

410 3611 535 3659 nihil
554 3629 815 3661 commune
840 3612 1024 3662 habena
1049 3628 1162 3661 cum
1178 3610 1437 3675 superiori-

409 3690 519 3738 bus.
559 3692 607 3739 J.
628 3694 685 3741 F.
718 3694 953 3740 (ἄκοιτον.

481 3771 529 3817 8.
561 3770 637 3815 De
647 3768 803 3834 sama
832 3770 957 3819 nihil
970 3770 1154 3819 laboro.
1181 3769 1316 3832 Quid
1341 3768 1435 3818 ho-

405 3849 557 3896 mines
582 3846 643 3896 dc
668 3864 745 3896 me
763 3849 1049 3913 loquantur,
1078 3860 1127 3896 et
1152 3862 1299 3912 quam
1332 3864 1435 3897 car-

404 3936 525 3995 pant
544 3942 698 3974 meam
724 3930 825 3976 sive
842 3927 1197 3991 infirmitatem,
1216 3928 1317 3975 sive
1344 3927 1431 3976 de-

402 4004 574 4053 sidiam
598 4042 614 4067 ‚
652 3994 829 4071 susque
868 4007 1027 4072 deque
1070 4007 1247 4056 habeo.
1293 4007 1327 4056 J
1330 4045 1343 4057 .
1372 4010 1427 4054 F.

404 4086 635 4133 Gaoi‘rov.

1883 2175 1914 2198 d

1538 2339 1851 2405 scripseram,
1883 2337 2008 2387 nihil
2045 2354 2148 2387 esse
2173 2337 2375 2402 melius,
2418 2354 2564 2402 quam

1535 2418 1758 2467 laborare
1785 2418 1847 2466 de
1874 2418 2015 2467 fama.

1613 2513 1692 2546 ιο.
1713 2501 1878 2562 Atque
1901 2496 2010 2545 Ιιοσ.
2039 2494 2457 2561 subintelligitur,
2481 2512 2564 2543 cu-

1533 2579 1761 2629 randum.
1797 2578 1968 2628 Malim
2017 2590 2204 2637 autem,
2235 2574 2528 2643 quemquam
2544 2611 2560 2637 ,

1532 2674 1627 2723 pro
1653 2674 1912 2724 quemque.
1933 2660 2090 2726 Mau.¹

1613 2754 1633 2785 1
1649 2754 1692 2785 1.
1714 2736 1998 2802 Φιλοσόφοις.
2026 2734 2387 2801 Philosophice.
2400 2737 2564 2784 —Est

1531 2818 1629 2867 hoo
1642 2835 1670 2867 a
1682 2817 1924 2867 Victorio.
1935 2816 2074 2865 Prius
2091 2816 2256 2881 legeba
2263 2826 2382 2879 ειη-,ι
2387 2816 2560 2866 Vidcu'

1531 2915 1678 2963 quam
1704 2897 2027 2963 philosophos
2053 2907 2139 2945 aut
2177 2907 2232 2944 tu
2270 2911 2386 2961 nos,
2424 2908 2518 2945 etc.
2535 2918 2562 2937 ι»

1529 2980 1583 3029 J.
1614 2980 1679 3026 V.
1698 2980 1753 3029 L.

1608 3075 1688 3107 ω.
1713 3059 1855 3107 Hoec.
1873 3056 2048 3105 Libr0s
2062 3054 2124 3103 de
2136 3054 2450 3121 philosophia
2470 3066 2563 3102 tra-

1534 3151 1664 3189 ctare
1675 3138 1832 3187 ?Nam
1846 3138 1942 3187 hoc
1961 3148 2054 3186 tem
2058 3152 2184 3201 pore
2196 3134 2561 3201 philosophiam

1529 3219 1703 3268 Cicero
1719 3217 1883 3265 latinia
1907 3216 2060 3265 literis
2084 3214 2381 3279 explicabat.
2411 3212 2558 3261 Min.

1608 3300 1686 3347 13.
1714 3290 1971 3360 Δεδῆχθαι.
2015 3296 2234 3343 Mor-sum
2275 3308 2374 3343 esse
2395 3328 2409 3352 ,
2433 3306 2562 3356 agre

1529 3374 1920 3426 tulisse.videtur
1947 3375 2092 3422 fuisse
2110 3374 2199 3437 qui
2225 3372 2402 3421 dixerit
2419 3382 2561 3435 turpe

1528 3456 1636 3504 fore
1670 3453 1926 3514 Ciceroni,
1955 3454 1997 3501 ai
2039 3468 2132 3517 pro
2176 3452 2334 3500 amico
2369 3452 2424 3497 in
2449 3450 2560 3497 foro

1527 3532 1832 3599 periclitante
1871 3547 1976 3580 non
1996 3530 2340 3589 contenderet,
2366 3540 2416 3577 ct
2451 3544 2562 3577 cau-

1527 3629 1628 3661 sam
1655 3614 1758 3675 ejus
1789 3623 1969 3675 ageret.
1989 3613 2038 3659 J.
2059 3612 2114 3659 F.
2143 3612 2380 3659 Gnouov.

1599 3702 1682 3750 ¹4.
1716 3694 1778 3739 In
1807 3702 1929 3740 coeo.
1948 3693 2012 3738 In
2033 3701 2136 3738 coeo
2155 3689 2340 3737 scilicet
2355 3686 2459 3735 hoc
2475 3700 2562 3734 nc·

1523 3772 1692 3836 gotio,
1733 3779 1786 3817 ut
1825 3770 1894 3827 ei,
1939 3768 2020 3816 cui
2066 3766 2296 3816 volebant
2336 3766 2558 3813 homines

1523 3850 1742 3899 Tullium
1767 3846 2064 3913 patrocinari
2086 3880 2101 3901 ‚
2121 3848 2213 3893 sim
2253 3844 2519 3893 advocatus
2539 3878 2554 3903 ,

1525 3930 1620 3991 etsi
1639 3944 1742 3977 nou
1763 3928 1853 3976 sim
1879 3937 2118 3993 patronus
2144 3934 2194 3973 ot
2218 3924 2410 3987 loquar.
2429 3924 2477 3972 J.
2493 3926 2552 3970 F.

1524 4012 1760 4058 Gnouov.

1593 4088 1674 4135 15.
1687 4088 1879 4135 Erueat.
1897 4084 2103 4147 conjicit
2115 4118 2131 4143 ‚
2149 4079 2350 4130 Schiitz.
2373 4094 2554 4145 appro-

470 4182 522 4229 9.
542 4163 810 4215 Tunc-Alia
830 4164 1039 4230 quadam
1054 4165 1257 4229 epistola
1278 4164 1425 4214 stulte
1515 4166 1680 4228 bauto,
1705 4188 1730 4208 α
1746 4166 1840 4214 nisi
1857 4176 1913 4213 ut
1938 4166 2016 4212 cui
2039 4180 2102 4211 na
2121 4163 2307 4211 desim»
2325 4198 2338 4210 .
2361 4164 2392 4211 J
2397 4162 2475 4208 .V.
2496 4160 2551 4206 1..
