3019 4681
523 339 666 415 586
1165 349 1268 416 Μ.
1315 348 1394 417 Τ.
1445 348 2007 419 CICERONIS

525 469 666 539 iter
706 465 1044 547 habebat.
1089 472 1476 543 Hominem
1517 474 1865 560 conveni,
1907 486 1983 544 et
2026 470 2119 543 ab
2158 496 2247 543 eo
2278 478 2545 571 petivi,
2590 490 2683 547 ut

537 604 758 675 quam
799 581 1116 678 primurn
1158 595 1232 651 te
1284 581 1498 653 nobis
1544 582 1900 654 redderet.
1955 583 2207 654 >Statim
2260 583 2461 655 dixit.
2498 590 2683 657 Erat

533 704 782 763 autem
823 692 1054 762 iturus
1097 690 1228 787 (ut
1275 691 1563 789 aiebat)
1616 718 1677 763 a.
1720 690 1790 763 d.
1834 716 1916 762 ιιι
1950 690 2045 762 id.
2082 716 2230 791 apr.
2272 708 2357 763 ut
2386 709 2509 764 aut
2535 700 2679 766 La-

528 797 762 872 brone
779 813 834 889 ²,
875 816 1002 872 aut
1036 804 1214 873 Pisis
1247 802 1788 876 conscenderet.
1834 807 1979 889 Tu,
2030 805 2131 875 mi
2174 802 2419 892 frater,
2448 806 2677 877 simul

535 934 618 981 ac
683 911 803 982 ille
859 913 1180 999 venerit,
1241 916 1553 1011 primam
1616 914 2141 1010 navigationem
2214 915 2242 999 s
2266 914 2677 987 dummodo

531 1014 796 1087 idonea
835 1031 1220 1115 tempestas
1253 1018 1400 1115 sit)
1433 1044 1526 1090 ne
1560 1020 1909 1089 omiseris.
1946 1013 2343 1115 Ᾰμφιλαφίαν
2366 1018 2395 1064 ³
2422 1035 2673 1093 autem

528 1123 758 1213 illam,
809 1150 1031 1223 quam
1069 1142 1150 1198 tu
1187 1127 1373 1199 soles
1411 1128 1690 1215 dicere,
1736 1127 1937 1201 bono
1981 1129 2253 1201 modo⁴
2294 1129 2623 1202 desidero
2648 1186 2673 1218 ‚

532 1235 634 1305 sic
664 1260 993 1332 prorsus,
1023 1252 1106 1307 ut
1140 1237 1642 1309 advenientem
1676 1239 2029 1336 excipiam
2064 1236 2409 1325 libenter-3
2448 1237 2677 1309 laten-

529 1360 674 1417 tem
715 1348 929 1418 etiam
974 1372 1214 1437 nunc,
1260 1373 1409 1420 non
1449 1353 1781 1449 excitem.
1834 1347 2095 1419 Tribus
2142 1348 2316 1419 locis
2352 1347 2673 1435 aedifico,

529 1454 807 1557 reliqua
843 1462 1325 1545 reconcinno;
1361 1462 1525 1531 vivo
1568 1458 1816 1557 paullo
1852 1456 2255 1541 liberaliu5‚
2298 1482 2513 1554 quam
2548 1483 2671 1529 so-

531 1566 790 1641 lebam.
844 1575 1048 1669 Opus
1099 1585 1250 1641 erat
1270 1566 1324 1659 ⁵,
1383 1572 1442 1641 si
1491 1585 1561 1641 te
1610 1568 1988 1653 haberem,
2025 1566 2419 1667 paullisper
2449 1565 2675 1639 fabris

530 1677 774 1750 locum
823 1678 1016 1752 dare.
1065 1679 1201 1751 Sed
1242 1695 1313 1751 et
1349 1676 1555 1751 hoec⁶
1596 1682 1730 1777 (ut
1761 1676 2028 1779 spero)
2066 1678 2271 1751 brevi
2306 1682 2498 1749 inter
2532 1703 2673 1749 nos

534 1790 1251 1862 communicabimus.
1281 1794 1422 1861 Res
1449 1804 1693 1860 autem
1720 1812 2038 1859 romanae
2062 1792 2164 1859 sic
2188 1812 2341 1859 sese
2370 1786 2662 1859 habent.

533 1899 806 1970 Consul
856 1916 966 1972 est
1019 1902 1348 1997 egregius
1401 1900 1799 1985 Lentulus,
1850 1923 2001 1969 non
2040 1897 2482 1995 impediente
2518 1896 2667 1969 col-

531 2005 691 2103 lega
720 2037 736 2079 :
773 2008 906 2099 sic,
940 2010 1282 2108 inquam,
1315 2012 1556 2081 bonus
1578 2065 1597 2093 ‚
1636 2024 1721 2081 ut
1752 2008 2126 2081 meliorem
2161 2033 2309 2079 non
2344 2006 2663 2078 viderim.

531 2117 704 2189 Dies
745 2117 1138 2191 comitiales
1186 2120 1495 2191 exemit?
1536 2140 1813 2191 omnes.
1857 2124 2041 2194 Nam
2085 2119 2297 2189 etiam
2343 2112 2665 2191 Latinae⁸

599 2370 650 2405 a.
679 2353 920 2402 Labrone.
947 2355 1064 2403 Non
1090 2349 1265 2401 dubito
1283 2387 1298 2415 ,
1330 2353 1452 2418 quin
1489 2351 1549 2399 de

527 2433 758 2497 figat-ui,
812 2444 868 2481 ut
911 2449 1043 2481 nune
1087 2433 1367 2497 appellant,
1399 2443 1550 2498 portu

1711 2349 1761 2402 5.
1802 2355 1931 2417 Opus
1956 2365 2078 2400 erat.
2100 2353 2241 2416 Opus
2264 2361 2371 2399 erat
2397 2349 2461 2397 ad
2482 2347 2666 2396 relaxa-

1638 2431 1823 2480 tionem
1841 2432 1993 2480 animi
2009 2433 2126 2488 mei,
2142 2439 2197 2478 ut
2216 2429 2482 2494 paullisper
2505 2425 2567 2474 ab
2590 2427 2665 2473 his

526 2511 784 2576 intelligat.
804 2515 992 2562 vocem
1035 2514 1257 2576 eorrupit
1276 2549 1292 2573 ‚
1329 2523 1390 2560 ut
1431 2512 1550 2560 alia·

523 2591 896 2640 innumerabiles
913 2625 930 2650 ,
974 2601 1202 2640 vetustas.
1237 2593 1450 2640 Mun-r.
1479 2617 1551 2628 --

523 2671 814 2735 Wesseling.
844 2670 908 2717 ad
931 2671 1151 2719 Itinerar.
1172 2672 1411 2719 Antonin.
1437 2687 1548 2736 pag.

525 2751 624 2812 293
641 2785 655 2808 ,
677 2750 804 2810 conj.
826 2750 1107 2799 Salebrone.
1137 2751 1185 2798 J.
1207 2753 1270 2798 V.
1289 2752 1348 2799 L.

595 2831 647 2878 3.
683 2819 1018 2899 Ᾰμφιλαφῖαν.
1055 2829 1184 2879 Mihi
1222 2830 1417 2880 videtur
1443 2845 1549 2879 ease

525 2909 768 2958 cautionis
793 2925 945 2974 genua
961 2945 977 2970 ,
1001 2927 1154 2974 quum
1181 2926 1286 2959 eam
1309 2910 1546 2958 rationem

527 2997 776 3048 tenemus,
807 3001 865 3039 ut
896 2990 960 3038 ad
997 3001 1256 3054 utrumque
1289 2989 1444 3054 parati
1475 2989 1545 3036 si-

526 3083 636 3117 mus
649 3104 666 3128 ‚
705 3081 763 3118 ut
806 3070 1153 3136 quodcumque
1189 3069 1421 3118 acciderit
1438 3105 1453 3126 ‚
1483 3083 1547 3116 eo

527 3159 657 3198 reete
677 3151 751 3197 uti
773 3151 1044 3215 poanimuu
1076 3163 1133 3199 ut
1154 3150 1360 3199 duarum
1384 3166 1549 3198 rerum

525 3228 672 3278 aimul
711 3230 948 3280 rationem
993 3227 1253 3278 habeamus
1273 3265 1290 3291 ‚
1341 3245 1549 3295 quarum

529 3325 624 3356 una
645 3307 840 3357 videtur
863 3325 973 3357 cum
1001 3308 1149 3357 altera
1169 3325 1271 3356 non
1295 3309 1409 3356 satia
1430 3323 1551 3356 eon·

525 3388 694 3437 aiame
715 3403 878 3453 pocae.
898 3389 1028 3438 Ean.
1055 3391 1250 3437 -Vox
1277 3387 1447 3436 eadem
1475 3389 1548 3436 le-

529 3469 661 3532 gitur
679 3468 852 3516 iterum
867 3467 964 3516 hoc
985 3466 1160 3516 eodem
1175 3467 1303 3516 libro
1317 3501 1334 3528 ,
1356 3483 1437 3534 ep.
1464 3467 1548 3517 15.

605 3555 654 3602 l...
675 3549 809 3594 Bono
830 3545 1123 3595 modo.Non
1141 3567 1166 3588 u
1179 3547 1380 3594 omuino
1401 3569 1448 3606 n,
1463 3545 1548 3596 aed

524 3647 551 3667 ι
571 3625 778 3689 quadam
805 3643 867 3674 ex
899 3635 1039 3692 parte
1055 3647 1081 3667 υ
1105 3641 1119 3675 t
1166 3625 1374 3696 μετρίως
1415 3625 1554 3690 quod

525 3705 688 3754 Grani
719 3704 922 3764 dieunt,
957 3717 1016 3754 ut
1051 3705 1178 3754 bono
1204 3717 1553 3771 temperamen-

529 3795 632 3833 tum
659 3786 937 3848 quoddam‚
957 3803 1061 3835 nou
1088 3797 1142 3834 ut
1178 3786 1321 3847 alibi,
1361 3786 1551 3852 magni-

527 3863 744 3912 tudinem
783 3865 1035 3930 significet.
1069 3868 1148 3916 sic
1184 3864 1272 3916 lib.
1310 3869 1360 3916 11
1391 3866 1548 3915 Acad.

525 3947 683 3993 «Hac
709 3944 882 3994 tibi...
920 3959 1020 3996 tam
1057 3957 1172 3996 aunt
1213 3945 1552 4005 defendenda,

525 4041 671 4088 quam
693 4025 903 4075 moeuia:
930 4029 1048 4075 mihi
1074 4037 1232 4075 autem
1269 4025 1406 4074 boni>
1441 4041 1551 4074 mo·

529 4103 596 4152 do
615 4139 632 4164 ,
679 4115 868 4154 tantum
890 4143 905 4168 ,
947 4117 1186 4170 quantum
1233 4105 1483 4156 videbitur
1508 4128 1549 4154 ιι.

1638 2511 1929 2560 tumultibus
1966 2511 2237 2560 aeeederem
2250 2543 2267 2566 ,
2318 2523 2377 2556 ae
2403 2507 2555 2556 fabris
2588 2507 2665 2554 lo·

1638 2607 1751 2640 cum
1778 2590 1959 2640 darem.
2006 2592 2233 2640 Defessus
2263 2589 2395 2637 enim
2430 2588 2527 2649 jam
2554 2601 2663 2632 sum

1640 2685 1704 2720 ex
1738 2671 1959 2719 molestia
1976 2705 1993 2730 ‚
2036 2686 2181 2733 quam
2210 2665 2308 2716 illia
2332 2665 2565 2731 urgendis
2590 2680 2665 2712 ea·

1638 2751 1742 2814 pio.
1770 2749 1827 2798 Id
1852 2751 2005 2814 igitur
2022 2751 2229 2798 facerem
2245 2783 2262 2807 ‚
2294 2749 2338 2795 si
2356 2758 2405 2796 te
2422 2743 2663 2793 haberem.

1634 2831 1851 2880 Mam.

1708 2909 1763 2960 6.
1788 2909 1889 2957 Sed
1914 2921 1961 2957 et
1986 2907 2113 2958 kaee.
2146 2907 2348 2956 Dixerat
2369 2906 2469 2966 jam
2486 2937 2502 2962 ,
2522 2924 2547 2946 ι
2578 2903 2663 2951 aed

1635 2988 1739 3036 haee
1768 3005 1933 3036 coram
1958 3004 2152 3052 agemus
2168 3008 2211 3044 a,
2225 3001 2379 3049 quum
2400 2983 2462 3031 de
2486 2983 2669 3031 diacor-

1637 3067 1731 3115 diia
1756 3068 2016 3116 mulierum
2038 3067 2353 3114 meminisset.
2385 3067 2539 3113 Recte
2576 3062 2669 3126 igi-

1636 3157 1717 3196 tur
1735 3163 1850 3196 usus
1870 3155 1943 3196 eat
1963 3145 2217 3213 particula,
2231 3155 2279 3192 ee
2299 3160 2319 3192 .·
2344 3153 2400 3192 ut
2430 3139 2669 3208 significet

1637 3227 1763 3276 velle
1801 3243 1853 3275 se
1899 3242 2001 3273 non
2043 3225 2124 3271 illa
2163 3235 2351 3272 tantum
2390 3223 2667 3287 superiora,

1638 3305 1723 3354 sed
1766 3315 1814 3355 et
1856 3307 1961 3355 haee
1998 3301 2231 3370 praesenti
2271 3301 2487 3351 sermoni
2518 3315 2669 3348 reser-

1640 3401 1768 3437 vare.
1792 3388 1954 3436 lunt.

1714 3483 1761 3529 7.
1788 3464 2003 3514 Exemie.
2022 3462 2228 3512 Sustulit
2244 3495 2259 3520 ,
2277 3459 2441 3510 effecit
2460 3494 2475 3518 ,
2498 3475 2560 3506 ne
2580 3475 2671 3524 per

1642 3563 1725 3595 eos
1736 3548 1841 3610 lege
1860 3543 1938 3608 agi
1962 3552 2155 3607 posset:
2182 3557 2245 3588 ne
2263 3539 2451 3588 scilicet
2468 3537 2524 3585 C.
2546 3539 2671 3585 Cato

1642 3625 1868 3675 tribunus
1931 3623 2006 3687 pl.
2066 3637 2189 3687 quaa
2242 3619 2305 3668 de
2350 3619 2407 3666 Ρ.
2456 3617 2669 3664 Iaentulo

1642 3705 1899 3770 Spinthere
1920 3713 1968 3752 et
1986 3702 2155 3752 Annio
2172 3699 2363 3748 Milone
2392 3696 2671 3759 rogationes

1642 3785 2029 3850 promulgaverat
2044 3818 2059 3842 ‚
2106 3797 2185 3830 eaa
2226 3779 2445 3846 perferre
2482 3785 2669 3842 posset.

1638 3865 1790 3912 Ῑυιι.

1710 3947 1765 3994 8.
1783 3942 1949 3991 Etiam
1968 3941 2170 3990 Latine.
2190 3941 2357 4002 Quum
2374 3937 2505 3988 dicut
2522 3935 2673 3982 αιίιιι

1640 4025 1823 4089 liquet,
1838 4038 1940 4070 non
1964 4018 2291 4070 instaurandis
2316 4016 2469 4065 modo
2490 4014 2675 4063 Latinis

1641 4114 1895 4168 exemptos
1934 4119 2037 4152 ease
2072 4117 2103 4149 a
2138 4097 2348 4148 1221:qu
2398 4091 2673 4146 comitiales
