3019 4681
697 408 1242 478 EPISTOLAE
1294 411 1426 477 AD
1477 406 1993 496 ATTICUM‚
2037 413 2147 497 X,
2200 409 2263 478 8.
2427 413 2548 494 141

427 553 699 614 novuS‚
739 539 920 616 v1²⁰,
958 555 1064 601 vn
1098 528 1354 602 diebus
1385 531 1523 626 ipsi
1549 530 1647 600 illi
1681 533 1921 628 egenti
1947 555 2031 602 ac
2061 531 2356 630 perditae
2384 533 2565 603 mul-

430 641 720 712 titudini
758 641 834 710 in
869 601 1118 711 odium
1159 641 1704 713 acerbissimum
1746 643 2058 730 venerit;
2092 643 2217 738 qui
2256 642 2562 712 duarum

429 775 676 822 rerum
721 751 1252 822 simulationem
1295 767 1438 822 tam
1483 753 1627 824 cito
1676 751 2035 838 amiserit,
2070 751 2567 822 mansuetudi-

433 861 546 930 nis
573 861 652 930 in
683 860 1086 948 Metellum,
1127 861 1543 932 divitiarum
1578 863 1655 932 in
1693 863 1943 933 aerario
1964 858 2053 930 ²³.
2089 867 2268 950 Jam‚
2297 861 2566 960 quibus

433 981 681 1040 utatur
702 970 818 1040 vel
847 972 1092 1060 sociis,
1125 972 1241 1044 vel
1270 973 1642 1060 ministriS,
1672 972 1729 1043 si
1758 972 1805 1040 ii
1834 973 2273 1069 provinciaS‚
2299 973 2358 1042 si
2384 997 2568 1044 rem-

434 1078 795 1176 publicam
823 1096 1107 1177 regent,
1143 1107 1458 1180 quorum
1490 1106 1709 1153 nemo
1739 1079 1889 1152 duo
1924 1105 2204 1152 menses
2225 1085 2291 1134 ²¹*
2328 1083 2569 1180 potuit

433 1192 952 1287 patrimonium
989 1216 1200 1262 suum
1231 1192 1679 1290 gubernare?
1720 1197 1888 1265 Non
1925 1207 2095 1264 sunt
2130 1194 2373 1263 omnia
2417 1193 2569 1264 col·-

435 1298 754 1395 ligenda3
801 1325 962 1396 quae
1011 1316 1087 1372 tu
1124 1302 1530 1374 acutissime
1578 1303 1921 1401 perspicis
1971 1329 1985 1371 ε
2033 1301 2162 1373 sed
2198 1315 2441 1372 tamen
2488 1319 2572 1373 ea

435 1433 632 1507 pone
671 1423 838 1481 ante
878 1411 1170 1497 oculos;
1211 1413 1354 1506 jam
1399 1411 1793 1510 intellige5‚
1836 1409 1909 1480 id
1957 1432 2261 1508 regnum
2307 1411 2424 1480 vix
2461 1435 2571 1482 se-

438 1533 704 1591 mestre
735 1533 888 1590 esse
919 1545 1154 1618 posse.
1192 1520 1410 1611 Quod
1451 1522 1508 1590 si
1538 1546 1657 1591 me
1688 1517 2055 1605 fefellerit,
2094 1518 2315 1590 feram
2335 1573 2353 1604 ‚
2386 1520 2571 1590 sicut

437 1629 647 1700 multi
691 1629 1059 1700 clarissimi
1101 1630 1433 1702 homines
1469 1633 1544 1700 in
1580 1629 1952 1728 republica
1993 1627 2422 1699 excellentes
2458 1642 2573 1698 tu-

437 1739 727 1811 lerunt:
778 1741 915 1809 nisi
955 1737 1142 1810 forte
1192 1765 1346 1827 me,
1395 1739 1855 1838 Sardanapali
1884 1743 2074 1824 vice,
2110 1741 2184 1809 in
2220 1739 2483 1808 lectulo
2505 1743 2571 1790 ²⁴

441 1851 628 1920 mori
672 1849 884 1921 malle
944 1853 1343 1938 censueri5‚
1403 1874 1621 1948 quam
1682 1853 1932 1922 exsilio
1982 1850 2509 1921 Themistocleo
2554 1878 2570 1919 :

443 1962 570 2055 qui
592 1956 660 2002 ²⁵
694 1984 920 2056 quum
962 1958 1256 2048 fuisset,
1291 1975 1374 2034 ut
1401 1965 1498 2031 ait
1531 1960 1984 2058 Thucydides
2006 2015 2025 2047 ,
2060 1981 2179 2040 τῶν
2216 1973 2320 2062 μὲν
2357 1973 2579 2060 παρόν-

447 2103 572 2144 των
599 2069 664 2114 ²⁶
691 2071 774 2143 δι’
811 2077 1139 2170 ἐλαχίστης
1166 2065 1407 2165 Ιβουλῆς
1437 2081 1767 2170 κράτιστος
1807 2081 2100 2172 γνώμων,
2146 2085 2271 2144 τῶν
2309 2068 2377 2142 δὲ
2421 2081 2572 2168 μελ-

440 2183 668 2250 λόντων
742 2185 842 2250 ἐπὶ
906 2189 1193 2252 πλεῖστον
1258 2196 1371 2252 τοῦ
1446 2187 1846 2280 γενησομένου
1934 2182 2181 2276 ἄριστος
2243 2181 2527 2261 εἰκαστὴς
2555 2235 2574 2265 ,

447 2287 686 2363 tamen
734 2291 988 2365 incidit
1043 2293 1119 2363 in
1166 2317 1290 2365 eos
1357 2317 1599 2380 casus,
1660 2317 1845 2390 quos
1902 2294 2227 2379 vitasset,
2287 2291 2345 2361 si
2406 2313 2573 2361 eum

516 2500 601 2533 20.
622 2487 721 2532 Sea·
733 2520 750 2542 ,
773 2497 965 2548 septem.
983 2488 1081 2533 Pro
1102 2502 1206 2543 sex,
1220 2497 1468 2550 septemve.
1564 2484 1906 2538 Themistocleo
1918 2522 1933 2545 ,
1946 2502 2094 2550 quum
2118 2486 2213 2533 sint
2232 2485 2417 2533 divom
2438 2502 2581 2549 gene-

521 2580 548 2609 2
562 2580 603 2611 1.
618 2564 826 2611 Metello.
843 2566 935 2613 cui
953 2564 1150 2611 tribuno
1171 2564 1326 2628 plebis
1344 2580 1472 2612 mor·
1560 2584 1613 2613 ra
1630 2580 1643 2613 ε
1662 2568 1747 2615 sed
1766 2567 1879 2629 quia
1916 2565 2254 2613 Themistocleo
2268 2601 2285 2625 ,
2300 2566 2421 2612 nihil
2448 2566 2581 2613 aliud

448 2650 556 2689 tem‘
587 2652 658 2689 est
699 2642 932 2700 minatus,
979 2643 1214 2707 impedire
1254 2642 1471 2702 volenti,
1562 2661 1707 2709 quam
1754 2644 2103 2703 Themistoclis,
2152 2643 2389 2707 significat
2403 2678 2418 2703 ,
2461 2660 2581 2707 pro-

449 2722 710 2785 quominus
736 2723 954 2769 aerarium
983 2723 1274 2785 effringeret.
1305 2724 1398 2770 En.
1561 2735 1755 2787 pterea,
1778 2735 1835 2772 ut
1855 2724 1986 2782 dixi,
2015 2740 2113 2771 rem
2132 2735 2354 2788 spectans
2375 2723 2548 2772 Cicero
2564 2756 2582 2785 ,

523 2817 607 2849 22.
629 2803 685 2848 In
715 2801 910 2850 oerario.
941 2802 1136 2850 Scilicet
1163 2803 1366 2850 effracto
1383 2835 1398 2860 ,
1424 2811 1473 2850 et
1560 2820 1665 2851 non
1686 2804 1913 2861 verbum,
1944 2804 2109 2851 intulit
2134 2804 2237 2867 qui.
2256 2804 2397 2851 ΜΛΝ.
2601 2848 2609 2855 .

450 2882 657 2945 pecunia
703 2880 816 2928 inde
850 2877 1034 2941 ablata,
1062 2880 1198 2944 quod
1220 2896 1345 2944 opus
1370 2896 1475 2929 non
1635 2882 1718 2931 26.
1743 2886 1845 2929 Τῶν
1868 2880 1951 2948 μὲν
1980 2879 2243 2949 παρέντων.
2268 2882 2449 2929 Rerum
2465 2896 2588 2945 prae-

455 2960 645 3018 suisset,
665 2960 706 3007 si
735 2960 918 3009 divitiis
942 2958 1190 3007 affluimt.
1217 2960 1334 3006 Sca.
1565 2962 1798 3019 sentium,
1838 2963 1961 3009 inito
2005 2962 2140 3010 brevi
2176 2973 2223 3009 et
2271 2959 2587 3025 extemporali

524 3042 607 3087 23.
637 3042 790 3089 Nemo
813 3040 910 3087 duo
930 3056 1132 3088 menses.
1159 3042 1284 3087 Nam
1306 3050 1354 3087 et
1373 3040 1478 3087 Au·
1566 3042 1800 3099 consilio,
1820 3042 2033 3105 optimus
2044 3041 2199 3101 judex
2214 3075 2228 3099 ‚
2250 3052 2300 3087 et
2322 3042 2589 3087 futurarum

454 3120 646 3176 tonius,
674 3129 724 3167 et
747 3121 929 3175 Curio,
946 3130 996 3167 et
1016 3118 1290 3177 Dolabella,
1315 3120 1474 3167 caesa-
1568 3134 1739 3183 magna
1778 3136 1840 3167 ex
1873 3132 2011 3183 parte
2052 3120 2191 3179 ejus,'
2210 3118 2346 3181 quod
2388 3128 2586 3164 eventu-

454 3200 522 3245 τίς
563 3199 714 3257 socii,
754 3214 930 3262 magno
981 3214 1150 3245 omnes
1193 3214 1288 3246 aere
1323 3198 1480 3246 alieno
1568 3216 1677 3248 rum
1702 3209 1802 3247 emt
1817 3234 1831 3257 ‚
1872 3200 2163 3246 certissimus
2198 3199 2460 3256 conjector.
2486 3198 2589 3243 Τῶν

455 3278 692 3341 oppressi.
721 3279 934 3326 Mutum·-
1571 3296 1673 3346 μιν.
1692 3277 1968 3342 Thucydid.
1990 3280 2031 3335 Ι,
2056 3278 2151 3324 138
2168 3313 2182 3337 ‚
2200 3276 2284 3323 ubi
2309 3276 2481 3337 legitur
2498 3278 2591 3322 τῶν
2636 3314 2641 3339 ,

527 3363 612 3411 24.
639 3360 696 3403 Ia
723 3358 912 3406 lectulo.
928 3356 1076 3419 Vulg.
1104 3356 1154 3404 in
1175 3370 1264 3405 mo
1290 3355 1480 3408 lectulo.
1570 3375 1622 3409 τι
1636 3350 2013 3425 παραχρῆμαὸ’
2030 3350 2299 3418 ἐλαχίστης.
2322 3389 2335 3401 .
2358 3387 2371 3400 .
2401 3348 2593 3402 καὶτῶν

455 3436 550 3483 Pto
577 3438 628 3483 in
653 3452 779 3485 meo.
802 3439 1026 3484 Graecum
1053 3434 1288 3497 loquendi
1315 3450 1482 3496 genua·
1571 3436 1849 3505 μελλόντων.
1880 3438 2103 3484 Ceterum
2130 3433 2275 3481 simili
2302 3448 2471 3490 sensu3
2500 3450 2593 3480 no-

456 3514 582 3561 Nam
603 3514 768 3564 ἑαυτοῦ
790 3515 916 3562 valet
931 3549 945 3573 ,
963 3515 1228 3578 suiipsius.
1261 3516 1379 3563 Non
1395 3513 1484 3575 igi-
1572 3516 1773 3564 tandum
1797 3525 1955 3563 autem
1996 3524 2237 3561 servatum
2268 3526 2295 3558 a
2327 3510 2561 3559 Cicerone
2577 3550 2593 3573 ,

459 3602 540 3641 tur
565 3593 846 3657 legendum,
873 3611 978 3641 meo
994 3626 1010 3652 ‚
1039 3592 1176 3657 quod
1206 3592 1354 3639 video
1381 3592 1485 3655 pla-
1573 3600 1653 3645 τοῦ
1672 3592 2006 3663 γενησομένου,
2026 3592 2161 3656 quod
2178 3592 2463 3655 interpretes
2483 3592 2593 3655 qui-

459 3674 612 3721 cuisse
647 3673 764 3719 vitis
809 3673 1001 3721 doctis:
1024 3672 1108 3719 sed
1145 3670 1484 3733 accipiendum
1577 3675 1685 3722 dem
1712 3674 1882 3721 tollere
1906 3672 2162 3730 volunt,ut
2181 3670 2601 3734 superfluumse-

457 3769 546 3799 ³11⁰
575 3768 668 3815 Pto
716 3768 852 3809 meo,
895 3768 1032 3799 more
1059 3766 1245 3814 gfaecos
1271 3760 1330 3797 ut
1359 3749 1484 3801 dixi.
1578 3770 1663 3801 cus
1682 3753 1877 3800 videtur
1889 3764 2079 3815 putasse
2106 3751 2275 3798 Cicero
2292 3786 2304 3806 ‚
2321 3751 2601 3812 quimemo-

459 3840 756 3886 Mum-rma.
783 3862 853 3873 -
873 3838 970 3883 Suo
1013 3836 1192 3884 delevit
1219 3836 1489 3886 limenius.
1579 3833 1693 3881 riter
1736 3830 2059 3879 exscribebat.
2088 3832 2195 3877 Τῶν
2223 3826 2484 3895 μελλόντων
2501 3864 2515 3887 ,
2546 3838 2601 3876 ut

461 3920 633 3965 Recte.
661 3918 756 3965 En.
891 3920 896 3927 '
1580 3911 1705 3958 vidit
1722 3914 1770 3959 J.
1788 3912 1851 3957 V.
1894 3910 1945 3958 L.
1976 3925 2078 3956 non
2104 3909 2213 3956 vult
2238 3907 2454 3964 secundo
2489 3924 2602 3955 casu

536 3998 618 4043 25.
633 3996 854 4057 Qmsskes
877 3994 1120 4043 interdum
1147 3995 1318 4043 Cicero
1337 4002 1488 4041 atten·
1582 3984 1825 4047 εἰκαστής,
1852 3988 1938 4036 sed
1955 3988 2177 4035 absolute
2206 3986 2492 4049 capiendum
2511 3997 2599 4035 est.

464 4074 539 4121 dit
563 4076 758 4137 potius,
780 4090 926 4137 quam
951 4074 1122 4132 verba,
1150 4084 1204 4120 ut
1230 4074 1328 4121 hie.
1349 4073 1493 4131 Nam,
1581 4068 1751 4132 Nepos
1790 4083 2014 4131 quoque,
2054 4067 2105 4113 iu
2130 4066 2365 4113 Themist.
2408 4081 2517 4128 cap.
2547 4079 2569 4111 π
2588 4097 2605 4122 ,

465 4154 579 4217 qui,
601 4152 837 4216 conjungi
861 4168 962 4202 non
981 4162 1142 4217 potest
1163 4168 1298 4211 cum,
1321 4150 1493 4201 exsilio
1583 4150 1749 4197 locum
1768 4147 2076 4212 Thucydidis
2100 4144 2359 4193 transtulit.
2378 4146 2470 4220 En.
