<?xml version="1.0" encoding="UTF-8"?>
<!DOCTYPE html PUBLIC "-//W3C//DTD XHTML 1.0 Transitional//EN"
    "http://www.w3.org/TR/xhtml1/DTD/xhtml1-transitional.dtd">
<html xmlns="http://www.w3.org/1999/xhtml" xml:lang="en" lang="en">
 <head>
  <title>
</title>
<meta http-equiv="Content-Type" content="text/html;charset=utf-8" />
  <meta name='ocr-system' content='tesseract 3.04.00' />
  <meta name='ocr-capabilities' content='ocr_page ocr_carea ocr_par ocr_line ocrx_word'/>
</head>
<body>
  <div class='ocr_page' id='page_1' title='image "./mtciceronisquae04lemagoog_0539.png"; bbox 0 0 3019 4681; ppageno 0'>
   <div class='ocr_carea' id='block_1_1' title="bbox 696 378 2564 469">
    <p class='ocr_par' dir='ltr' id='par_1_1' title="bbox 696 378 2564 469">
     <span class='ocr_line' id='line_1_1' title="bbox 696 378 2564 469; baseline 0.004 -22"><span class='ocrx_word' id='word_1_1' title='bbox 696 378 1215 449; x_wconf 82' lang='lat' dir='ltr'>EPISTOLAE</span> <span class='ocrx_word' id='word_1_2' title='bbox 1260 378 1405 447; x_wconf 87' lang='lat' dir='ltr'><strong>AD</strong></span> <span class='ocrx_word' id='word_1_3' title='bbox 1450 382 1539 469; x_wconf 87' lang='lat' dir='ltr'><strong>Q.</strong></span> <span class='ocrx_word' id='word_1_4' title='bbox 1592 380 2092 469; x_wconf 77' lang='lat' dir='ltr'>FRATREM,</span> <span class='ocrx_word' id='word_1_5' title='bbox 2130 385 2199 468; x_wconf 89' lang='lat'><strong>1,</strong></span> <span class='ocrx_word' id='word_1_6' title='bbox 2249 407 2306 452; x_wconf 89' lang='lat'><strong>1.</strong></span> <span class='ocrx_word' id='word_1_7' title='bbox 2427 382 2564 456; x_wconf 82' lang='lat'><strong>533</strong></span> 
     </span>
    </p>
   </div>
   <div class='ocr_carea' id='block_1_2' title="bbox 422 497 2664 3020">
    <p class='ocr_par' dir='ltr' id='par_1_2' title="bbox 422 497 2664 3020">
     <span class='ocr_line' id='line_1_2' title="bbox 426 497 2561 603; baseline 0.001 -28"><span class='ocrx_word' id='word_1_8' title='bbox 426 516 631 589; x_wconf 85' lang='lat' dir='ltr'><strong>state,</strong></span> <span class='ocrx_word' id='word_1_9' title='bbox 660 520 881 598; x_wconf 79' lang='lat' dir='ltr'><strong>quam</strong></span> <span class='ocrx_word' id='word_1_10' title='bbox 908 516 993 571; x_wconf 94' lang='lat' dir='ltr'><strong>tu</strong></span> <span class='ocrx_word' id='word_1_11' title='bbox 1016 497 1105 571; x_wconf 88' lang='lat' dir='ltr'><strong>ad</strong></span> <span class='ocrx_word' id='word_1_12' title='bbox 1132 499 1554 598; x_wconf 84' lang='lat' dir='ltr'><strong>dignitatem</strong></span> <span class='ocrx_word' id='word_1_13' title='bbox 1579 502 2023 600; x_wconf 76' lang='lat' dir='ltr'><strong>permisisses</strong></span> <span class='ocrx_word' id='word_1_14' title='bbox 2039 558 2060 591; x_wconf 90' lang='lat'>‚</span> <span class='ocrx_word' id='word_1_15' title='bbox 2078 504 2168 577; x_wconf 87' lang='lat' dir='ltr'><strong>ad</strong></span> <span class='ocrx_word' id='word_1_16' title='bbox 2187 514 2561 603; x_wconf 62' lang='lat' dir='ltr'><strong>quaestum</strong></span> 
     </span>
     <span class='ocr_line' id='line_1_3' title="bbox 426 611 2562 715; baseline 0.001 -30"><span class='ocrx_word' id='word_1_17' title='bbox 426 625 773 685; x_wconf 86' lang='lat' dir='ltr'><strong>uteretur.</strong></span> <span class='ocrx_word' id='word_1_18' title='bbox 822 615 1077 709; x_wconf 84' lang='lat' dir='ltr'><strong>Neque</strong></span> <span class='ocrx_word' id='word_1_19' title='bbox 1140 612 1333 682; x_wconf 85' lang='lat' dir='ltr'><strong>enim</strong></span> <span class='ocrx_word' id='word_1_20' title='bbox 1383 611 1563 682; x_wconf 90' lang='lat' dir='ltr'><strong>mihi</strong></span> <span class='ocrx_word' id='word_1_21' title='bbox 1615 636 1788 685; x_wconf 87' lang='lat' dir='ltr'><strong>sane</strong></span> <span class='ocrx_word' id='word_1_22' title='bbox 1832 612 2106 709; x_wconf 80' lang='lat' dir='ltr'><strong>placet,</strong></span> <span class='ocrx_word' id='word_1_23' title='bbox 2165 620 2562 715; x_wconf 57' lang='lat' dir='ltr'><strong>praesertim</strong></span> 
     </span>
     <span class='ocr_line' id='line_1_4' title="bbox 428 722 2565 824; baseline 0.001 -26"><span class='ocrx_word' id='word_1_24' title='bbox 428 750 659 824; x_wconf 86' lang='lat' dir='ltr'><strong>quum</strong></span> <span class='ocrx_word' id='word_1_25' title='bbox 694 722 771 794; x_wconf 89' lang='lat' dir='ltr'><strong>hi</strong></span> <span class='ocrx_word' id='word_1_26' title='bbox 792 734 859 768; x_wconf 71' lang='lat'><strong>²2</strong></span> <span class='ocrx_word' id='word_1_27' title='bbox 892 749 1133 797; x_wconf 90' lang='lat' dir='ltr'><strong>mores</strong></span> <span class='ocrx_word' id='word_1_28' title='bbox 1168 738 1453 796; x_wconf 88' lang='lat' dir='ltr'><strong>tantum</strong></span> <span class='ocrx_word' id='word_1_29' title='bbox 1472 726 1624 822; x_wconf 86' lang='lat' dir='ltr'><strong>jam</strong></span> <span class='ocrx_word' id='word_1_30' title='bbox 1643 723 1708 771; x_wconf 69' lang='lat'><strong>2³</strong></span> <span class='ocrx_word' id='word_1_31' title='bbox 1745 726 1840 799; x_wconf 80' lang='lat' dir='ltr'><strong>ad</strong></span> <span class='ocrx_word' id='word_1_32' title='bbox 1871 731 2167 800; x_wconf 85' lang='lat' dir='ltr'>nimiam</span> <span class='ocrx_word' id='word_1_33' title='bbox 2198 729 2565 803; x_wconf 77' lang='lat' dir='ltr'><strong>lenitatem</strong></span> 
     </span>
     <span class='ocr_line' id='line_1_5' title="bbox 426 832 2568 928; baseline 0.002 -21"><span class='ocrx_word' id='word_1_34' title='bbox 426 852 501 907; x_wconf 90' lang='lat' dir='ltr'><strong>et</strong></span> <span class='ocrx_word' id='word_1_35' title='bbox 540 834 627 907; x_wconf 87' lang='lat' dir='ltr'><strong>ad</strong></span> <span class='ocrx_word' id='word_1_36' title='bbox 652 832 719 891; x_wconf 77' lang='lat'><strong>²4</strong></span> <span class='ocrx_word' id='word_1_37' title='bbox 776 834 1249 908; x_wconf 85' lang='lat' dir='ltr'>ambitionem</span> <span class='ocrx_word' id='word_1_38' title='bbox 1297 834 1800 928; x_wconf 84' lang='lat' dir='ltr'>incubuerint,</span> <span class='ocrx_word' id='word_1_39' title='bbox 1852 842 2154 909; x_wconf 85' lang='lat' dir='ltr'><strong>scrutari</strong></span> <span class='ocrx_word' id='word_1_40' title='bbox 2195 854 2266 911; x_wconf 86' lang='lat' dir='ltr'><strong>te</strong></span> <span class='ocrx_word' id='word_1_41' title='bbox 2312 862 2568 912; x_wconf 86' lang='lat' dir='ltr'><strong>omnes</strong></span> 
     </span>
     <span class='ocr_line' id='line_1_6' title="bbox 426 946 2571 1046; baseline 0.001 -27"><span class='ocrx_word' id='word_1_42' title='bbox 426 946 713 1034; x_wconf 89' lang='lat' dir='ltr'><strong>sordes,</strong></span> <span class='ocrx_word' id='word_1_43' title='bbox 740 960 1079 1019; x_wconf 82' lang='lat' dir='ltr'><strong>excutere</strong></span> <span class='ocrx_word' id='word_1_44' title='bbox 1114 968 1721 1043; x_wconf 83' lang='lat' dir='ltr'><strong>unumquemque</strong></span> <span class='ocrx_word' id='word_1_45' title='bbox 1761 972 2054 1038; x_wconf 82' lang='lat' dir='ltr'><strong>eorum3</strong></span> <span class='ocrx_word' id='word_1_46' title='bbox 2089 948 2214 1020; x_wconf 86' lang='lat' dir='ltr'><strong>sed</strong></span> <span class='ocrx_word' id='word_1_47' title='bbox 2236 1004 2257 1036; x_wconf 89' lang='lat'>‚</span> <span class='ocrx_word' id='word_1_48' title='bbox 2300 965 2571 1046; x_wconf 86' lang='lat' dir='ltr'><strong>quanta</strong></span> 
     </span>
     <span class='ocr_line' id='line_1_7' title="bbox 427 1054 2571 1154; baseline 0 -26"><span class='ocrx_word' id='word_1_49' title='bbox 427 1060 519 1129; x_wconf 90' lang='lat' dir='ltr'><strong>sit</strong></span> <span class='ocrx_word' id='word_1_50' title='bbox 554 1057 631 1127; x_wconf 88' lang='lat' dir='ltr'><strong>in</strong></span> <span class='ocrx_word' id='word_1_51' title='bbox 669 1081 969 1154; x_wconf 91' lang='lat' dir='ltr'><strong>quoque</strong></span> <span class='ocrx_word' id='word_1_52' title='bbox 1008 1054 1189 1127; x_wconf 82' lang='lat' dir='ltr'><strong>fides</strong></span> <span class='ocrx_word' id='word_1_53' title='bbox 1210 1110 1231 1144; x_wconf 90' lang='lat'>‚</span> <span class='ocrx_word' id='word_1_54' title='bbox 1286 1070 1573 1127; x_wconf 83' lang='lat' dir='ltr'><strong>tantum</strong></span> <span class='ocrx_word' id='word_1_55' title='bbox 1616 1058 1884 1154; x_wconf 91' lang='lat' dir='ltr'><strong>cuique</strong></span> <span class='ocrx_word' id='word_1_56' title='bbox 1921 1062 2396 1130; x_wconf 81' lang='lat' dir='ltr'><strong>committere.</strong></span> <span class='ocrx_word' id='word_1_57' title='bbox 2447 1065 2571 1134; x_wconf 85' lang='lat' dir='ltr'><strong>At-</strong></span> 
     </span>
     <span class='ocr_line' id='line_1_8' title="bbox 424 1165 2576 1271; baseline -0 -33"><span class='ocrx_word' id='word_1_58' title='bbox 424 1172 572 1265; x_wconf 89' lang='lat' dir='ltr'><strong>que</strong></span> <span class='ocrx_word' id='word_1_59' title='bbox 608 1168 800 1238; x_wconf 82' lang='lat' dir='ltr'><strong>inter</strong></span> <span class='ocrx_word' id='word_1_60' title='bbox 836 1166 1004 1255; x_wconf 89' lang='lat' dir='ltr'><strong>hos,</strong></span> <span class='ocrx_word' id='word_1_61' title='bbox 1042 1189 1207 1253; x_wconf 89' lang='lat' dir='ltr'><strong>eos,</strong></span> <span class='ocrx_word' id='word_1_62' title='bbox 1238 1190 1425 1263; x_wconf 89' lang='lat' dir='ltr'><strong>quos</strong></span> <span class='ocrx_word' id='word_1_63' title='bbox 1452 1165 1586 1237; x_wconf 88' lang='lat' dir='ltr'><strong>tibi</strong></span> <span class='ocrx_word' id='word_1_64' title='bbox 1613 1166 1916 1271; x_wconf 76' lang='lat' dir='ltr'><strong>comites</strong></span> <span class='ocrx_word' id='word_1_65' title='bbox 1950 1182 2024 1239; x_wconf 89' lang='lat' dir='ltr'><strong>et</strong></span> <span class='ocrx_word' id='word_1_66' title='bbox 2049 1165 2418 1262; x_wconf 87' lang='lat' dir='ltr'><strong>adjutores</strong></span> <span class='ocrx_word' id='word_1_67' title='bbox 2451 1193 2576 1238; x_wconf 84' lang='lat' dir='ltr'><strong>ne-</strong></span> 
     </span>
     <span class='ocr_line' id='line_1_9' title="bbox 428 1271 2578 1373; baseline 0.002 -28"><span class='ocrx_word' id='word_1_68' title='bbox 428 1276 791 1373; x_wconf 85' lang='lat' dir='ltr'><strong>gotiorum</strong></span> <span class='ocrx_word' id='word_1_69' title='bbox 824 1272 1289 1373; x_wconf 87' lang='lat' dir='ltr'><strong>publicorum</strong></span> <span class='ocrx_word' id='word_1_70' title='bbox 1322 1271 1523 1346; x_wconf 85' lang='lat' dir='ltr'><strong>dedit</strong></span> <span class='ocrx_word' id='word_1_71' title='bbox 1558 1276 1712 1373; x_wconf 84' lang='lat' dir='ltr'><strong>ipsa</strong></span> <span class='ocrx_word' id='word_1_72' title='bbox 1743 1274 2154 1373; x_wconf 86' lang='lat' dir='ltr'><strong>respublica</strong></span> <span class='ocrx_word' id='word_1_73' title='bbox 2174 1331 2195 1364; x_wconf 87' lang='lat'>‚</span> <span class='ocrx_word' id='word_1_74' title='bbox 2229 1276 2578 1369; x_wconf 81' lang='lat' dir='ltr'><strong>duntaxat</strong></span> 
     </span>
     <span class='ocr_line' id='line_1_10' title="bbox 426 1382 2576 1483; baseline 0.004 -28"><span class='ocrx_word' id='word_1_75' title='bbox 426 1382 697 1457; x_wconf 85' lang='lat' dir='ltr'><strong>finibus</strong></span> <span class='ocrx_word' id='word_1_76' title='bbox 730 1382 845 1454; x_wconf 90' lang='lat' dir='ltr'><strong>his</strong></span> <span class='ocrx_word' id='word_1_77' title='bbox 878 1382 1270 1482; x_wconf 79' lang='lat' dir='ltr'><strong>praestabiS‚</strong></span> <span class='ocrx_word' id='word_1_78' title='bbox 1298 1406 1487 1481; x_wconf 87' lang='lat' dir='ltr'><strong>quo-s</strong></span> <span class='ocrx_word' id='word_1_79' title='bbox 1514 1397 1684 1455; x_wconf 87' lang='lat' dir='ltr'><strong>ante</strong></span> <span class='ocrx_word' id='word_1_80' title='bbox 1711 1387 2134 1483; x_wconf 74' lang='lat' dir='ltr'><strong>praescripsi.</strong></span> <span class='ocrx_word' id='word_1_81' title='bbox 2168 1390 2374 1478; x_wconf 89' lang='lat' dir='ltr'><strong>Quos</strong></span> <span class='ocrx_word' id='word_1_82' title='bbox 2403 1413 2576 1463; x_wconf 85' lang='lat' dir='ltr'><strong>vero</strong></span> 
     </span>
     <span class='ocr_line' id='line_1_11' title="bbox 429 1491 2576 1580; baseline 0.003 -15"><span class='ocrx_word' id='word_1_83' title='bbox 429 1508 555 1566; x_wconf 88' lang='lat' dir='ltr'><strong>aut</strong></span> <span class='ocrx_word' id='word_1_84' title='bbox 590 1518 681 1565; x_wconf 84' lang='lat' dir='ltr'><strong>ex</strong></span> <span class='ocrx_word' id='word_1_85' title='bbox 708 1493 1123 1565; x_wconf 83' lang='lat' dir='ltr'><strong>domesticis</strong></span> <span class='ocrx_word' id='word_1_86' title='bbox 1155 1492 1736 1565; x_wconf 82' lang='lat' dir='ltr'><strong>convictionibus</strong></span> <span class='ocrx_word' id='word_1_87' title='bbox 1754 1491 1845 1580; x_wconf 70' lang='lat'><strong>2⁵,</strong></span> <span class='ocrx_word' id='word_1_88' title='bbox 1879 1509 2004 1566; x_wconf 83' lang='lat' dir='ltr'><strong>aut</strong></span> <span class='ocrx_word' id='word_1_89' title='bbox 2033 1521 2120 1567; x_wconf 79' lang='lat' dir='ltr'><strong>ex</strong></span> <span class='ocrx_word' id='word_1_90' title='bbox 2158 1502 2576 1571; x_wconf 79' lang='lat' dir='ltr'><strong>necessariis</strong></span> 
     </span>
     <span class='ocr_line' id='line_1_12' title="bbox 428 1600 2576 1705; baseline 0.001 -28"><span class='ocrx_word' id='word_1_91' title='bbox 428 1601 1003 1702; x_wconf 81' lang='lat' dir='ltr'><strong>apparitionibus</strong></span> <span class='ocrx_word' id='word_1_92' title='bbox 1030 1600 1097 1647; x_wconf 77' lang='lat'><strong>²⁶</strong></span> <span class='ocrx_word' id='word_1_93' title='bbox 1146 1617 1387 1675; x_wconf 87' lang='lat' dir='ltr'><strong>tecum</strong></span> <span class='ocrx_word' id='word_1_94' title='bbox 1452 1627 1606 1675; x_wconf 89' lang='lat' dir='ltr'><strong>esse</strong></span> <span class='ocrx_word' id='word_1_95' title='bbox 1660 1604 1983 1691; x_wconf 88' lang='lat' dir='ltr'><strong>voluisti,</strong></span> <span class='ocrx_word' id='word_1_96' title='bbox 2046 1608 2174 1703; x_wconf 91' lang='lat' dir='ltr'><strong>qui</strong></span> <span class='ocrx_word' id='word_1_97' title='bbox 2229 1610 2436 1705; x_wconf 85' lang='lat' dir='ltr'><strong>quasi</strong></span> <span class='ocrx_word' id='word_1_98' title='bbox 2487 1632 2576 1680; x_wconf 79' lang='lat' dir='ltr'><strong>ex</strong></span> 
     </span>
     <span class='ocr_line' id='line_1_13' title="bbox 430 1712 2578 1810; baseline 0.002 -24"><span class='ocrx_word' id='word_1_99' title='bbox 430 1713 729 1786; x_wconf 88' lang='lat' dir='ltr'><strong>cohorte</strong></span> <span class='ocrx_word' id='word_1_100' title='bbox 778 1715 1105 1810; x_wconf 84' lang='lat' dir='ltr'><strong>praetoris</strong></span> <span class='ocrx_word' id='word_1_101' title='bbox 1140 1712 1489 1809; x_wconf 90' lang='lat' dir='ltr'><strong>appellari</strong></span> <span class='ocrx_word' id='word_1_102' title='bbox 1530 1713 1768 1785; x_wconf 89' lang='lat' dir='ltr'><strong>solent</strong></span> <span class='ocrx_word' id='word_1_103' title='bbox 1789 1766 1812 1801; x_wconf 88' lang='lat'>‚</span> <span class='ocrx_word' id='word_1_104' title='bbox 1847 1713 2116 1785; x_wconf 89' lang='lat' dir='ltr'><strong>horum</strong></span> <span class='ocrx_word' id='word_1_105' title='bbox 2155 1743 2304 1788; x_wconf 89' lang='lat' dir='ltr'><strong>non</strong></span> <span class='ocrx_word' id='word_1_106' title='bbox 2353 1718 2578 1791; x_wconf 90' lang='lat' dir='ltr'><strong>modo</strong></span> 
     </span>
     <span class='ocr_line' id='line_1_14' title="bbox 426 1820 2575 1921; baseline 0.002 -26"><span class='ocrx_word' id='word_1_107' title='bbox 426 1822 645 1911; x_wconf 53' lang='lat' dir='ltr'><strong>faeta,</strong></span> <span class='ocrx_word' id='word_1_108' title='bbox 701 1822 825 1894; x_wconf 88' lang='lat' dir='ltr'><strong>sed</strong></span> <span class='ocrx_word' id='word_1_109' title='bbox 872 1826 1090 1895; x_wconf 86' lang='lat' dir='ltr'><strong>etiam</strong></span> <span class='ocrx_word' id='word_1_110' title='bbox 1129 1820 1323 1893; x_wconf 88' lang='lat' dir='ltr'><strong>dicta</strong></span> <span class='ocrx_word' id='word_1_111' title='bbox 1373 1825 1620 1895; x_wconf 84' lang='lat' dir='ltr'><strong>omnia</strong></span> <span class='ocrx_word' id='word_1_112' title='bbox 1675 1824 2078 1921; x_wconf 60' lang='lat' dir='ltr'><strong>praestanda</strong></span> <span class='ocrx_word' id='word_1_113' title='bbox 2118 1824 2334 1896; x_wconf 88' lang='lat' dir='ltr'><strong>nobis</strong></span> <span class='ocrx_word' id='word_1_114' title='bbox 2381 1844 2575 1900; x_wconf 90' lang='lat' dir='ltr'><strong>sunt.</strong></span> 
     </span>
     <span class='ocr_line' id='line_1_15' title="bbox 426 1931 2580 2029; baseline 0.001 -24"><span class='ocrx_word' id='word_1_115' title='bbox 426 1933 567 2005; x_wconf 90' lang='lat' dir='ltr'><strong>Sed</strong></span> <span class='ocrx_word' id='word_1_116' title='bbox 608 1931 833 2005; x_wconf 87' lang='lat' dir='ltr'><strong>habes</strong></span> <span class='ocrx_word' id='word_1_117' title='bbox 868 1956 993 2004; x_wconf 90' lang='lat' dir='ltr'><strong>eos</strong></span> <span class='ocrx_word' id='word_1_118' title='bbox 1036 1945 1315 2018; x_wconf 90' lang='lat' dir='ltr'><strong>tecum,</strong></span> <span class='ocrx_word' id='word_1_119' title='bbox 1370 1955 1562 2028; x_wconf 88' lang='lat' dir='ltr'><strong>quos</strong></span> <span class='ocrx_word' id='word_1_120' title='bbox 1603 1933 1830 2029; x_wconf 89' lang='lat' dir='ltr'><strong>possis</strong></span> <span class='ocrx_word' id='word_1_121' title='bbox 1865 1948 2060 2003; x_wconf 89' lang='lat' dir='ltr'><strong>recte</strong></span> <span class='ocrx_word' id='word_1_122' title='bbox 2095 1931 2438 2006; x_wconf 84' lang='lat' dir='ltr'><strong>facientes</strong></span> <span class='ocrx_word' id='word_1_123' title='bbox 2475 1934 2580 2007; x_wconf 87' lang='lat' dir='ltr'><strong>fa·</strong></span> 
     </span>
     <span class='ocr_line' id='line_1_16' title="bbox 427 2040 2572 2138; baseline 0 -23"><span class='ocrx_word' id='word_1_124' title='bbox 427 2041 562 2115; x_wconf 88' lang='lat' dir='ltr'><strong>cile</strong></span> <span class='ocrx_word' id='word_1_125' title='bbox 616 2041 951 2138; x_wconf 86' lang='lat' dir='ltr'><strong>diligere;</strong></span> <span class='ocrx_word' id='word_1_126' title='bbox 1018 2044 1262 2113; x_wconf 87' lang='lat' dir='ltr'><strong>minus</strong></span> <span class='ocrx_word' id='word_1_127' title='bbox 1311 2040 1776 2114; x_wconf 83' lang='lat' dir='ltr'><strong>consulentes</strong></span> <span class='ocrx_word' id='word_1_128' title='bbox 1825 2042 2338 2113; x_wconf 79' lang='lat' dir='ltr'><strong>existimationi</strong></span> <span class='ocrx_word' id='word_1_129' title='bbox 2391 2058 2530 2115; x_wconf 82' lang='lat' dir='ltr'><strong>tuae</strong></span> <span class='ocrx_word' id='word_1_130' title='bbox 2554 2100 2572 2133; x_wconf 90' lang='lat'><strong>,</strong></span> 
     </span>
     <span class='ocr_line' id='line_1_17' title="bbox 430 2149 2580 2249; baseline 0.001 -26"><span class='ocrx_word' id='word_1_131' title='bbox 430 2152 763 2226; x_wconf 81' lang='lat' dir='ltr'><strong>facillime</strong></span> <span class='ocrx_word' id='word_1_132' title='bbox 794 2176 1127 2223; x_wconf 87' lang='lat' dir='ltr'><strong>coercere</strong></span> <span class='ocrx_word' id='word_1_133' title='bbox 1158 2180 1175 2222; x_wconf 90' lang='lat'>:</span> <span class='ocrx_word' id='word_1_134' title='bbox 1215 2176 1259 2223; x_wconf 87' lang='lat' dir='ltr'><strong>a</strong></span> <span class='ocrx_word' id='word_1_135' title='bbox 1290 2149 1562 2249; x_wconf 90' lang='lat' dir='ltr'><strong>quibus</strong></span> <span class='ocrx_word' id='word_1_136' title='bbox 1580 2206 1600 2239; x_wconf 90' lang='lat'>‚</span> <span class='ocrx_word' id='word_1_137' title='bbox 1625 2150 1824 2222; x_wconf 88' lang='lat' dir='ltr'><strong>rudis</strong></span> <span class='ocrx_word' id='word_1_138' title='bbox 1859 2176 2092 2247; x_wconf 88' lang='lat' dir='ltr'><strong>quum</strong></span> <span class='ocrx_word' id='word_1_139' title='bbox 2120 2178 2346 2241; x_wconf 88' lang='lat' dir='ltr'><strong>esses,</strong></span> <span class='ocrx_word' id='word_1_140' title='bbox 2385 2153 2580 2225; x_wconf 82' lang='lat' dir='ltr'><strong>vide-</strong></span> 
     </span>
     <span class='ocr_line' id='line_1_18' title="bbox 422 2254 2664 2365; baseline 0.001 -31"><span class='ocrx_word' id='word_1_141' title='bbox 422 2280 552 2334; x_wconf 72' lang='lat' dir='ltr'><strong>tur</strong></span> <span class='ocrx_word' id='word_1_142' title='bbox 594 2264 917 2362; x_wconf 89' lang='lat' dir='ltr'><strong>potuisse</strong></span> <span class='ocrx_word' id='word_1_143' title='bbox 968 2277 1095 2333; x_wconf 89' lang='lat' dir='ltr'><strong>tua</strong></span> <span class='ocrx_word' id='word_1_144' title='bbox 1144 2262 1536 2334; x_wconf 86' lang='lat' dir='ltr'><strong>liberalitas</strong></span> <span class='ocrx_word' id='word_1_145' title='bbox 1579 2261 1854 2361; x_wconf 85' lang='lat' dir='ltr'><strong>decipi3</strong></span> <span class='ocrx_word' id='word_1_146' title='bbox 1914 2288 2084 2333; x_wconf 88' lang='lat' dir='ltr'><strong>nam</strong></span> <span class='ocrx_word' id='word_1_147' title='bbox 2138 2277 2222 2334; x_wconf 91' lang='lat' dir='ltr'><strong>ut</strong></span> <span class='ocrx_word' id='word_1_148' title='bbox 2265 2267 2580 2365; x_wconf 91' lang='lat' dir='ltr'><strong>quisque</strong></span> <span class='ocrx_word' id='word_1_149' title='bbox 2659 2254 2664 2262; x_wconf 65' lang='grc'><strong><em>’</em></strong></span> 
     </span>
     <span class='ocr_line' id='line_1_19' title="bbox 432 2371 2580 2478; baseline 0 -30"><span class='ocrx_word' id='word_1_150' title='bbox 432 2389 543 2448; x_wconf 86' lang='lat' dir='ltr'><strong>est</strong></span> <span class='ocrx_word' id='word_1_151' title='bbox 574 2377 687 2446; x_wconf 88' lang='lat' dir='ltr'><strong>vir</strong></span> <span class='ocrx_word' id='word_1_152' title='bbox 738 2373 1095 2472; x_wconf 79' lang='lat' dir='ltr'><strong>optimuS,</strong></span> <span class='ocrx_word' id='word_1_153' title='bbox 1160 2379 1258 2445; x_wconf 89' lang='lat' dir='ltr'><strong>ita</strong></span> <span class='ocrx_word' id='word_1_154' title='bbox 1309 2371 1730 2445; x_wconf 84' lang='lat' dir='ltr'><strong>difficillime</strong></span> <span class='ocrx_word' id='word_1_155' title='bbox 1773 2398 1928 2444; x_wconf 85' lang='lat' dir='ltr'><strong>esse</strong></span> <span class='ocrx_word' id='word_1_156' title='bbox 1981 2373 2176 2444; x_wconf 61' lang='lat' dir='ltr'><strong>alios*</strong></span> <span class='ocrx_word' id='word_1_157' title='bbox 2202 2375 2580 2478; x_wconf 86' lang='lat' dir='ltr'><strong>improbos</strong></span> 
     </span>
     <span class='ocr_line' id='line_1_20' title="bbox 430 2482 2582 2584; baseline 0.001 -28"><span class='ocrx_word' id='word_1_158' title='bbox 430 2487 837 2584; x_wconf 85' lang='lat' dir='ltr'><strong>suspicatur</strong></span> <span class='ocrx_word' id='word_1_159' title='bbox 862 2511 880 2552; x_wconf 73' lang='grc' dir='ltr'><strong><em>ε</em></strong></span> <span class='ocrx_word' id='word_1_160' title='bbox 906 2507 1104 2554; x_wconf 88' lang='lat' dir='ltr'><strong>nunc</strong></span> <span class='ocrx_word' id='word_1_161' title='bbox 1130 2507 1307 2556; x_wconf 85' lang='lat' dir='ltr'><strong>vero</strong></span> <span class='ocrx_word' id='word_1_162' title='bbox 1327 2487 1585 2556; x_wconf 90' lang='lat' dir='ltr'><strong>tertius</strong></span> <span class='ocrx_word' id='word_1_163' title='bbox 1609 2483 1730 2554; x_wconf 86' lang='lat' dir='ltr'><strong>hic</strong></span> <span class='ocrx_word' id='word_1_164' title='bbox 1753 2507 1986 2554; x_wconf 88' lang='lat' dir='ltr'><strong>annus</strong></span> <span class='ocrx_word' id='word_1_165' title='bbox 2004 2482 2268 2555; x_wconf 85' lang='lat' dir='ltr'><strong>habeat</strong></span> <span class='ocrx_word' id='word_1_166' title='bbox 2285 2485 2582 2583; x_wconf 81' lang='lat' dir='ltr'><strong>integri-</strong></span> 
     </span>
     <span class='ocr_line' id='line_1_21' title="bbox 424 2593 2582 2694; baseline 0 -28"><span class='ocrx_word' id='word_1_167' title='bbox 424 2613 653 2669; x_wconf 70' lang='lat' dir='ltr'><strong>tatem</strong></span> <span class='ocrx_word' id='word_1_168' title='bbox 686 2593 1010 2668; x_wconf 88' lang='lat' dir='ltr'><strong>eamdem</strong></span> <span class='ocrx_word' id='word_1_169' title='bbox 1036 2647 1057 2682; x_wconf 92' lang='lat'>,</span> <span class='ocrx_word' id='word_1_170' title='bbox 1094 2619 1315 2692; x_wconf 87' lang='lat' dir='ltr'><strong>quam</strong></span> <span class='ocrx_word' id='word_1_171' title='bbox 1355 2596 1769 2694; x_wconf 88' lang='lat' dir='ltr'><strong>superiores</strong></span> <span class='ocrx_word' id='word_1_172' title='bbox 1791 2649 1810 2682; x_wconf 88' lang='lat'>‚</span> <span class='ocrx_word' id='word_1_173' title='bbox 1843 2597 2330 2666; x_wconf 81' lang='lat' dir='ltr'><strong>cautione1n²⁷</strong></span> <span class='ocrx_word' id='word_1_174' title='bbox 2367 2597 2582 2670; x_wconf 83' lang='lat' dir='ltr'><strong>etiam</strong></span> 
     </span>
     <span class='ocr_line' id='line_1_22' title="bbox 434 2702 2584 2808; baseline -0.001 -28"><span class='ocrx_word' id='word_1_175' title='bbox 434 2709 993 2806; x_wconf 84' lang='lat' dir='ltr'><strong>diligentiorem.</strong></span> <span class='ocrx_word' id='word_1_176' title='bbox 1024 2705 1183 2780; x_wconf 89' lang='lat' dir='ltr'><strong>Sint</strong></span> <span class='ocrx_word' id='word_1_177' title='bbox 1215 2730 1425 2778; x_wconf 86' lang='lat' dir='ltr'><strong>aures</strong></span> <span class='ocrx_word' id='word_1_178' title='bbox 1459 2721 1598 2777; x_wconf 82' lang='lat' dir='ltr'><strong>tuae</strong></span> <span class='ocrx_word' id='word_1_179' title='bbox 1625 2761 1645 2794; x_wconf 88' lang='lat'>,</span> <span class='ocrx_word' id='word_1_180' title='bbox 1673 2731 1838 2802; x_wconf 80' lang='lat' dir='ltr'><strong>quae</strong></span> <span class='ocrx_word' id='word_1_181' title='bbox 1863 2702 1936 2775; x_wconf 92' lang='lat' dir='ltr'><strong>id</strong></span> <span class='ocrx_word' id='word_1_182' title='bbox 1955 2759 1974 2793; x_wconf 91' lang='lat'>‚</span> <span class='ocrx_word' id='word_1_183' title='bbox 2010 2704 2211 2802; x_wconf 91' lang='lat' dir='ltr'><strong>quod</strong></span> <span class='ocrx_word' id='word_1_184' title='bbox 2241 2704 2584 2808; x_wconf 79' lang='lat' dir='ltr'><strong>audiunt,</strong></span> 
     </span>
     <span class='ocr_line' id='line_1_23' title="bbox 434 2812 2586 2910; baseline -0.001 -22"><span class='ocrx_word' id='word_1_185' title='bbox 434 2817 937 2888; x_wconf 86' lang='lat' dir='ltr'><strong>existimentur</strong></span> <span class='ocrx_word' id='word_1_186' title='bbox 981 2813 1234 2886; x_wconf 88' lang='lat' dir='ltr'><strong>audire</strong></span> <span class='ocrx_word' id='word_1_187' title='bbox 1259 2870 1280 2903; x_wconf 92' lang='lat'>‚</span> <span class='ocrx_word' id='word_1_188' title='bbox 1336 2841 1489 2886; x_wconf 88' lang='lat' dir='ltr'><strong>non</strong></span> <span class='ocrx_word' id='word_1_189' title='bbox 1547 2819 1622 2886; x_wconf 91' lang='lat' dir='ltr'><strong>in</strong></span> <span class='ocrx_word' id='word_1_190' title='bbox 1677 2839 1858 2910; x_wconf 84' lang='lat' dir='ltr'><strong>quas</strong></span> <span class='ocrx_word' id='word_1_191' title='bbox 1913 2812 2082 2886; x_wconf 81' lang='lat' dir='ltr'><strong>ficte</strong></span> <span class='ocrx_word' id='word_1_192' title='bbox 2136 2830 2211 2887; x_wconf 90' lang='lat' dir='ltr'><strong>et</strong></span> <span class='ocrx_word' id='word_1_193' title='bbox 2252 2815 2586 2888; x_wconf 82' lang='lat' dir='ltr'><strong>simulate</strong></span> 
     </span>
     <span class='ocr_line' id='line_1_24' title="bbox 436 2921 2584 3020; baseline 0 -24"><span class='ocrx_word' id='word_1_194' title='bbox 436 2940 757 3020; x_wconf 85' lang='lat' dir='ltr'><strong>quaestus</strong></span> <span class='ocrx_word' id='word_1_195' title='bbox 804 2947 1016 2994; x_wconf 86' lang='lat' dir='ltr'><strong>causa</strong></span> <span class='ocrx_word' id='word_1_196' title='bbox 1065 2925 1582 2997; x_wconf 70' lang='lat' dir='ltr'><strong>insusurretuf.</strong></span> <span class='ocrx_word' id='word_1_197' title='bbox 1641 2925 1746 2995; x_wconf 90' lang='lat' dir='ltr'><strong>Sit</strong></span> <span class='ocrx_word' id='word_1_198' title='bbox 1788 2922 2102 2996; x_wconf 88' lang='lat' dir='ltr'><strong>annulus</strong></span> <span class='ocrx_word' id='word_1_199' title='bbox 2139 2921 2392 2996; x_wconf 77' lang='lat' dir='ltr'><strong>tuus²⁸</strong></span> <span class='ocrx_word' id='word_1_200' title='bbox 2429 2953 2584 2996; x_wconf 87' lang='lat' dir='ltr'><strong>nou</strong></span> 
     </span>
    </p>
   </div>
   <div class='ocr_carea' id='block_1_3' title="bbox 424 3093 1469 3709">
    <p class='ocr_par' dir='ltr' id='par_1_3' title="bbox 424 3093 1144 3164">
     <span class='ocr_line' id='line_1_25' title="bbox 424 3093 1144 3164; baseline 0.001 -21"><span class='ocrx_word' id='word_1_201' title='bbox 424 3094 431 3104; x_wconf 86' lang='grc'><strong>”</strong></span> <span class='ocrx_word' id='word_1_202' title='bbox 506 3111 592 3146; x_wconf 77' lang='lat'><strong>22.</strong></span> <span class='ocrx_word' id='word_1_203' title='bbox 631 3096 715 3144; x_wconf 77' lang='lat' dir='ltr'><strong>Hi.</strong></span> <span class='ocrx_word' id='word_1_204' title='bbox 742 3095 823 3143; x_wconf 81' lang='lat' dir='ltr'><strong>Al.</strong></span> <span class='ocrx_word' id='word_1_205' title='bbox 850 3093 902 3141; x_wconf 74' lang='lat' dir='ltr'><strong>ii.</strong></span> <span class='ocrx_word' id='word_1_206' title='bbox 930 3097 981 3144; x_wconf 85' lang='lat' dir='ltr'><strong>J.</strong></span> <span class='ocrx_word' id='word_1_207' title='bbox 999 3097 1065 3164; x_wconf 41' lang='lat' dir='ltr'><strong>V..</strong></span> <span class='ocrx_word' id='word_1_208' title='bbox 1090 3097 1144 3144; x_wconf 88' lang='lat' dir='ltr'><strong>L.</strong></span> 
     </span>
    </p>

    <p class='ocr_par' dir='ltr' id='par_1_4' title="bbox 436 3173 1467 3476">
     <span class='ocr_line' id='line_1_26' title="bbox 508 3173 1467 3236; baseline -0.001 -14"><span class='ocrx_word' id='word_1_209' title='bbox 508 3176 594 3223; x_wconf 74' lang='lat'><strong>23.</strong></span> <span class='ocrx_word' id='word_1_210' title='bbox 635 3175 847 3222; x_wconf 73' lang='lat' dir='ltr'><strong>Tantum</strong></span> <span class='ocrx_word' id='word_1_211' title='bbox 866 3173 989 3236; x_wconf 81' lang='lat' dir='ltr'><strong>J&#39;am.</strong></span> <span class='ocrx_word' id='word_1_212' title='bbox 1026 3175 1059 3222; x_wconf 82' lang='lat' dir='ltr'>J</span> <span class='ocrx_word' id='word_1_213' title='bbox 1067 3210 1079 3222; x_wconf 89' lang='lat'><em>.</em></span> <span class='ocrx_word' id='word_1_214' title='bbox 1106 3176 1161 3223; x_wconf 81' lang='lat' dir='ltr'><strong>F.</strong></span> <span class='ocrx_word' id='word_1_215' title='bbox 1188 3175 1467 3223; x_wconf 82' lang='lat' dir='ltr'><strong>Gronovius</strong></span> 
     </span>
     <span class='ocr_line' id='line_1_27' title="bbox 437 3253 1463 3313; baseline -0.003 -9"><span class='ocrx_word' id='word_1_216' title='bbox 437 3254 724 3306; x_wconf 73' lang='lat' dir='ltr'><strong>eumd-bat</strong></span> <span class='ocrx_word' id='word_1_217' title='bbox 738 3285 753 3310; x_wconf 90' lang='lat'>,</span> <span class='ocrx_word' id='word_1_218' title='bbox 780 3275 807 3295; x_wconf 71' lang='grc' dir='ltr'><strong><em>κ</em></strong></span> <span class='ocrx_word' id='word_1_219' title='bbox 820 3263 1009 3301; x_wconf 72' lang='lat' dir='ltr'><strong>tantum</strong></span> <span class='ocrx_word' id='word_1_220' title='bbox 1024 3269 1131 3302; x_wconf 83' lang='lat' dir='ltr'><strong>non</strong></span> <span class='ocrx_word' id='word_1_221' title='bbox 1156 3253 1221 3301; x_wconf 78' lang='lat' dir='ltr'><strong>sd</strong></span> <span class='ocrx_word' id='word_1_222' title='bbox 1236 3253 1435 3301; x_wconf 71' lang='lat' dir='ltr'><strong>nimiam</strong></span> <span class='ocrx_word' id='word_1_223' title='bbox 1447 3287 1463 3313; x_wconf 86' lang='lat'>‚</span> 
     </span>
     <span class='ocr_line' id='line_1_28' title="bbox 436 3331 1467 3394; baseline -0.001 -13"><span class='ocrx_word' id='word_1_224' title='bbox 436 3347 531 3384; x_wconf 86' lang='lat' dir='ltr'><strong>etc.</strong></span> <span class='ocrx_word' id='word_1_225' title='bbox 544 3355 573 3376; x_wconf 72' lang='grc' dir='ltr'><strong>ι·</strong></span> <span class='ocrx_word' id='word_1_226' title='bbox 598 3331 929 3391; x_wconf 74' lang='lat' dir='ltr'><strong>Fscciolatus‚</strong></span> <span class='ocrx_word' id='word_1_227' title='bbox 943 3349 1137 3381; x_wconf 73' lang='lat' dir='ltr'><strong>«mores</strong></span> <span class='ocrx_word' id='word_1_228' title='bbox 1154 3333 1277 3393; x_wconf 82' lang='lat' dir='ltr'><strong>sint,</strong></span> <span class='ocrx_word' id='word_1_229' title='bbox 1298 3344 1357 3382; x_wconf 80' lang='lat' dir='ltr'><strong>ut</strong></span> <span class='ocrx_word' id='word_1_230' title='bbox 1366 3335 1467 3394; x_wconf 73' lang='lat' dir='ltr'><strong>jam</strong></span> 
     </span>
     <span class='ocr_line' id='line_1_29' title="bbox 436 3414 689 3476; baseline -0.008 -14"><span class='ocrx_word' id='word_1_231' title='bbox 436 3414 501 3462; x_wconf 79' lang='lat' dir='ltr'><strong>sd</strong></span> <span class='ocrx_word' id='word_1_232' title='bbox 514 3449 531 3476; x_wconf 91' lang='lat'>‚</span> <span class='ocrx_word' id='word_1_233' title='bbox 550 3423 689 3461; x_wconf 75' lang='lat' dir='ltr'><strong>etc.»</strong></span> 
     </span>
    </p>

    <p class='ocr_par' dir='ltr' id='par_1_5' title="bbox 509 3489 1113 3547">
     <span class='ocr_line' id='line_1_30' title="bbox 509 3489 1113 3547; baseline 0 -7"><span class='ocrx_word' id='word_1_234' title='bbox 509 3499 599 3547; x_wconf 74' lang='lat'><strong>24.</strong></span> <span class='ocrx_word' id='word_1_235' title='bbox 622 3491 775 3540; x_wconf 71' lang='lat' dir='ltr'><strong>Abest</strong></span> <span class='ocrx_word' id='word_1_236' title='bbox 800 3489 885 3538; x_wconf 79' lang='lat' dir='ltr'><strong>ad.</strong></span> <span class='ocrx_word' id='word_1_237' title='bbox 902 3494 953 3540; x_wconf 84' lang='lat' dir='ltr'><strong>J.</strong></span> <span class='ocrx_word' id='word_1_238' title='bbox 968 3493 1034 3540; x_wconf 81' lang='lat' dir='ltr'><strong>V.</strong></span> <span class='ocrx_word' id='word_1_239' title='bbox 1055 3494 1113 3540; x_wconf 73' lang='lat'><strong>1..</strong></span> 
     </span>
    </p>

    <p class='ocr_par' dir='ltr' id='par_1_6' title="bbox 442 3567 1469 3709">
     <span class='ocr_line' id='line_1_31' title="bbox 510 3567 1469 3620; baseline -0.001 -1"><span class='ocrx_word' id='word_1_240' title='bbox 510 3573 595 3620; x_wconf 72' lang='lat'><strong>25.</strong></span> <span class='ocrx_word' id='word_1_241' title='bbox 616 3569 1015 3619; x_wconf 76' lang='lat' dir='ltr'><strong>Conviceionibus.</strong></span> <span class='ocrx_word' id='word_1_242' title='bbox 1030 3571 1223 3620; x_wconf 73' lang='lat' dir='ltr'><strong>Manat.</strong></span> <span class='ocrx_word' id='word_1_243' title='bbox 1236 3579 1285 3617; x_wconf 74' lang='lat' dir='ltr'><strong>et</strong></span> <span class='ocrx_word' id='word_1_244' title='bbox 1302 3567 1469 3618; x_wconf 58' lang='lat' dir='ltr'><strong>lamb.</strong></span> 
     </span>
     <span class='ocr_line' id='line_1_32' title="bbox 442 3647 1468 3709; baseline 0 -14"><span class='ocrx_word' id='word_1_245' title='bbox 442 3671 465 3694; x_wconf 73' lang='grc' dir='ltr'>ι</span> <span class='ocrx_word' id='word_1_246' title='bbox 493 3647 858 3697; x_wconf 72' lang='lat' dir='ltr'><strong>convictoribus</strong></span> <span class='ocrx_word' id='word_1_247' title='bbox 875 3681 892 3709; x_wconf 78' lang='lat'>‚</span> <span class='ocrx_word' id='word_1_248' title='bbox 939 3660 1026 3697; x_wconf 79' lang='lat' dir='ltr'><strong>sut</strong></span> <span class='ocrx_word' id='word_1_249' title='bbox 1071 3665 1137 3698; x_wconf 84' lang='lat' dir='ltr'><strong>ex</strong></span> <span class='ocrx_word' id='word_1_250' title='bbox 1182 3647 1468 3697; x_wconf 69' lang='lat' dir='ltr'><strong>necessariis</strong></span> 
     </span>
    </p>
   </div>
   <div class='ocr_carea' id='block_1_4' title="bbox 440 3724 1511 3796">
    <p class='ocr_par' dir='ltr' id='par_1_7' title="bbox 440 3724 1511 3796">
     <span class='ocr_line' id='line_1_33' title="bbox 440 3724 1511 3796; baseline -0.004 -18"><span class='ocrx_word' id='word_1_251' title='bbox 440 3727 803 3796; x_wconf 76' lang='lat' dir='ltr'><strong>apparitoribus</strong></span> <span class='ocrx_word' id='word_1_252' title='bbox 835 3747 885 3776; x_wconf 71' lang='grc' dir='ltr'><strong>ι.</strong></span> <span class='ocrx_word' id='word_1_253' title='bbox 926 3729 1084 3778; x_wconf 81' lang='lat' dir='ltr'><strong>Cicer.</strong></span> <span class='ocrx_word' id='word_1_254' title='bbox 1124 3727 1257 3776; x_wconf 81' lang='lat' dir='ltr'><strong>filius</strong></span> <span class='ocrx_word' id='word_1_255' title='bbox 1302 3727 1470 3776; x_wconf 77' lang='lat' dir='ltr'><strong>eedem</strong></span> <span class='ocrx_word' id='word_1_256' title='bbox 1504 3724 1511 3731; x_wconf 82' lang='lat'>&#39;</span> 
     </span>
    </p>
   </div>
   <div class='ocr_carea' id='block_1_5' title="bbox 440 3804 1477 4204">
    <p class='ocr_par' dir='ltr' id='par_1_8' title="bbox 440 3804 1471 3952">
     <span class='ocr_line' id='line_1_34' title="bbox 440 3804 1471 3868; baseline 0 -12"><span class='ocrx_word' id='word_1_257' title='bbox 440 3824 591 3868; x_wconf 89' lang='lat' dir='ltr'><strong>voce,</strong></span> <span class='ocrx_word' id='word_1_258' title='bbox 632 3804 887 3867; x_wconf 72' lang='lat' dir='ltr'><strong>convictio,</strong></span> <span class='ocrx_word' id='word_1_259' title='bbox 904 3807 1059 3858; x_wconf 82' lang='lat' dir='ltr'><strong>utitur</strong></span> <span class='ocrx_word' id='word_1_260' title='bbox 1086 3807 1151 3855; x_wconf 78' lang='lat' dir='ltr'><strong>sd</strong></span> <span class='ocrx_word' id='word_1_261' title='bbox 1177 3808 1367 3856; x_wconf 82' lang='lat' dir='ltr'><strong>Divers.</strong></span> <span class='ocrx_word' id='word_1_262' title='bbox 1380 3806 1471 3856; x_wconf 88' lang='lat' dir='ltr'><strong>lib.</strong></span> 
     </span>
     <span class='ocr_line' id='line_1_35' title="bbox 442 3886 938 3952; baseline -0.004 -16"><span class='ocrx_word' id='word_1_263' title='bbox 442 3886 761 3952; x_wconf 64' lang='lat' dir='ltr'><strong>XVLepist.</strong></span> <span class='ocrx_word' id='word_1_264' title='bbox 788 3900 871 3934; x_wconf 69' lang='grc' dir='ltr'><strong>υ.</strong></span> <span class='ocrx_word' id='word_1_265' title='bbox 930 3889 938 3896; x_wconf 87' lang='grc'><em>“</em></span> 
     </span>
    </p>

    <p class='ocr_par' dir='ltr' id='par_1_9' title="bbox 446 3965 1477 4204">
     <span class='ocr_line' id='line_1_36' title="bbox 514 3965 1476 4032; baseline -0.002 -17"><span class='ocrx_word' id='word_1_266' title='bbox 514 3969 596 4016; x_wconf 77' lang='lat'><strong>26.</strong></span> <span class='ocrx_word' id='word_1_267' title='bbox 618 3965 1039 4032; x_wconf 75' lang='lat' dir='ltr'><strong>Appan&#39;tionibus.</strong></span> <span class='ocrx_word' id='word_1_268' title='bbox 1058 3965 1371 4030; x_wconf 72' lang='lat' dir='ltr'><strong>Appetitoris</strong></span> <span class='ocrx_word' id='word_1_269' title='bbox 1386 3981 1476 4013; x_wconf 83' lang='lat' dir='ltr'><strong>no-</strong></span> 
     </span>
     <span class='ocr_line' id='line_1_37' title="bbox 446 4044 1477 4112; baseline -0.001 -17"><span class='ocrx_word' id='word_1_270' title='bbox 446 4062 557 4095; x_wconf 81' lang='lat' dir='ltr'><strong>men</strong></span> <span class='ocrx_word' id='word_1_271' title='bbox 584 4045 831 4110; x_wconf 72' lang='lat' dir='ltr'><strong>generale,</strong></span> <span class='ocrx_word' id='word_1_272' title='bbox 869 4061 971 4110; x_wconf 83' lang='lat' dir='ltr'><strong>quo</strong></span> <span class='ocrx_word' id='word_1_273' title='bbox 996 4044 1477 4112; x_wconf 77' lang='lat' dir='ltr'><strong>comprehenduntur</strong></span> 
     </span>
     <span class='ocr_line' id='line_1_38' title="bbox 452 4124 1477 4204; baseline 0 -30"><span class='ocrx_word' id='word_1_274' title='bbox 452 4141 650 4187; x_wconf 83' lang='lat' dir='ltr'><strong>omnes,</strong></span> <span class='ocrx_word' id='word_1_275' title='bbox 688 4127 775 4192; x_wconf 81' lang='lat' dir='ltr'><strong>qui</strong></span> <span class='ocrx_word' id='word_1_276' title='bbox 817 4125 1121 4194; x_wconf 70' lang='lat' dir='ltr'><strong>magistratui</strong></span> <span class='ocrx_word' id='word_1_277' title='bbox 1154 4124 1303 4175; x_wconf 75' lang='lat' dir='ltr'><strong>alicui</strong></span> <span class='ocrx_word' id='word_1_278' title='bbox 1324 4140 1477 4204; x_wconf 72' lang='lat' dir='ltr'><strong>apps-</strong></span> 
     </span>
    </p>
   </div>
   <div class='ocr_carea' id='block_1_6' title="bbox 1554 3097 2594 4024">
    <p class='ocr_par' dir='ltr' id='par_1_10' title="bbox 1554 3097 2588 3320">
     <span class='ocr_line' id='line_1_39' title="bbox 1554 3097 2588 3163; baseline 0 -17"><span class='ocrx_word' id='word_1_279' title='bbox 1554 3113 1660 3146; x_wconf 84' lang='lat' dir='ltr'><strong>rere</strong></span> <span class='ocrx_word' id='word_1_280' title='bbox 1699 3097 1883 3157; x_wconf 85' lang='lat' dir='ltr'><strong>solent,</strong></span> <span class='ocrx_word' id='word_1_281' title='bbox 1930 3097 2071 3160; x_wconf 80' lang='lat' dir='ltr'><strong>eique</strong></span> <span class='ocrx_word' id='word_1_282' title='bbox 2109 3098 2370 3162; x_wconf 80' lang='lat' dir='ltr'><strong>imperanti</strong></span> <span class='ocrx_word' id='word_1_283' title='bbox 2408 3111 2588 3163; x_wconf 66' lang='lat' dir='ltr'><strong>presto</strong></span> 
     </span>
     <span class='ocr_line' id='line_1_40' title="bbox 1556 3177 2587 3239; baseline 0 -14"><span class='ocrx_word' id='word_1_284' title='bbox 1556 3193 1687 3236; x_wconf 86' lang='lat' dir='ltr'><strong>esse,</strong></span> <span class='ocrx_word' id='word_1_285' title='bbox 1731 3187 1788 3224; x_wconf 86' lang='lat' dir='ltr'><strong>ut</strong></span> <span class='ocrx_word' id='word_1_286' title='bbox 1820 3177 2010 3224; x_wconf 73' lang='lat' dir='ltr'><strong>accensi</strong></span> <span class='ocrx_word' id='word_1_287' title='bbox 2028 3211 2043 3235; x_wconf 87' lang='lat'>,</span> <span class='ocrx_word' id='word_1_288' title='bbox 2081 3177 2288 3224; x_wconf 78' lang='lat' dir='ltr'><strong>viatores</strong></span> <span class='ocrx_word' id='word_1_289' title='bbox 2304 3211 2318 3236; x_wconf 90' lang='lat'>,</span> <span class='ocrx_word' id='word_1_290' title='bbox 2356 3178 2554 3226; x_wconf 74' lang='lat' dir='ltr'><strong>lictores</strong></span> <span class='ocrx_word' id='word_1_291' title='bbox 2570 3210 2587 3239; x_wconf 84' lang='lat'>,</span> 
     </span>
     <span class='ocr_line' id='line_1_41' title="bbox 1555 3255 2377 3320; baseline -0.002 -16"><span class='ocrx_word' id='word_1_292' title='bbox 1555 3257 1842 3320; x_wconf 79' lang='lat' dir='ltr'><strong>interpretes</strong></span> <span class='ocrx_word' id='word_1_293' title='bbox 1853 3290 1869 3317; x_wconf 89' lang='lat'>,</span> <span class='ocrx_word' id='word_1_294' title='bbox 1888 3255 2059 3303; x_wconf 70' lang='lat' dir='ltr'><strong>scribae</strong></span> <span class='ocrx_word' id='word_1_295' title='bbox 2072 3289 2088 3313; x_wconf 86' lang='lat'>‚</span> <span class='ocrx_word' id='word_1_296' title='bbox 2107 3271 2377 3319; x_wconf 75' lang='lat' dir='ltr'><strong>praecones.</strong></span> 
     </span>
    </p>

    <p class='ocr_par' dir='ltr' id='par_1_11' title="bbox 1557 3333 2584 3476">
     <span class='ocr_line' id='line_1_42' title="bbox 1613 3333 2584 3398; baseline -0.003 -13"><span class='ocrx_word' id='word_1_297' title='bbox 1613 3351 1714 3396; x_wconf 54' lang='lat'><strong>47.</strong></span> <span class='ocrx_word' id='word_1_298' title='bbox 1745 3333 2037 3383; x_wconf 70' lang='lat' dir='ltr'><strong>Cautiorem.</strong></span> <span class='ocrx_word' id='word_1_299' title='bbox 2075 3335 2178 3382; x_wconf 67' lang='lat' dir='ltr'><strong>&#39;Alii</strong></span> <span class='ocrx_word' id='word_1_300' title='bbox 2203 3335 2376 3398; x_wconf 75' lang='lat' dir='ltr'><strong>legunt</strong></span> <span class='ocrx_word' id='word_1_301' title='bbox 2395 3333 2584 3382; x_wconf 73' lang='lat' dir='ltr'><strong>cautio-</strong></span> 
     </span>
     <span class='ocr_line' id='line_1_43' title="bbox 1557 3413 2274 3476; baseline -0.001 -15"><span class='ocrx_word' id='word_1_302' title='bbox 1557 3430 1691 3470; x_wconf 77' lang='lat' dir='ltr'><strong>nem,</strong></span> <span class='ocrx_word' id='word_1_303' title='bbox 1719 3425 1913 3462; x_wconf 71' lang='lat' dir='ltr'><strong>extrusa</strong></span> <span class='ocrx_word' id='word_1_304' title='bbox 1929 3413 2168 3476; x_wconf 69' lang='lat' dir='ltr'><strong>particula</strong></span> <span class='ocrx_word' id='word_1_305' title='bbox 2195 3427 2274 3460; x_wconf 81' lang='lat' dir='ltr'><strong>ac.</strong></span> 
     </span>
    </p>

    <p class='ocr_par' dir='ltr' id='par_1_12' title="bbox 1558 3492 2594 4024">
     <span class='ocr_line' id='line_1_44' title="bbox 1630 3492 2590 3551; baseline -0.001 -10"><span class='ocrx_word' id='word_1_306' title='bbox 1630 3494 1715 3541; x_wconf 73' lang='lat'><strong>28.</strong></span> <span class='ocrx_word' id='word_1_307' title='bbox 1731 3492 1954 3538; x_wconf 66' lang='lat' dir='ltr'><strong>Ausinius</strong></span> <span class='ocrx_word' id='word_1_308' title='bbox 1971 3501 2096 3538; x_wconf 75' lang='lat' dir='ltr'><strong>tuus.</strong></span> <span class='ocrx_word' id='word_1_309' title='bbox 2119 3493 2230 3539; x_wconf 84' lang='lat' dir='ltr'><strong>Hoc</strong></span> <span class='ocrx_word' id='word_1_310' title='bbox 2253 3502 2351 3551; x_wconf 84' lang='lat' dir='ltr'><strong>est,</strong></span> <span class='ocrx_word' id='word_1_311' title='bbox 2377 3493 2590 3541; x_wconf 71' lang='lat' dir='ltr'><strong>annulus</strong></span> 
     </span>
     <span class='ocr_line' id='line_1_45' title="bbox 1558 3569 2590 3635; baseline 0 -16"><span class='ocrx_word' id='word_1_312' title='bbox 1558 3583 1668 3619; x_wconf 79' lang='lat' dir='ltr'><strong>eum</strong></span> <span class='ocrx_word' id='word_1_313' title='bbox 1689 3569 1984 3634; x_wconf 75' lang='lat' dir='ltr'><strong>sigmtorius</strong></span> <span class='ocrx_word' id='word_1_314' title='bbox 1999 3585 2100 3618; x_wconf 76' lang='lat' dir='ltr'><strong>nore</strong></span> <span class='ocrx_word' id='word_1_315' title='bbox 2114 3569 2178 3619; x_wconf 77' lang='lat' dir='ltr'><strong>sie</strong></span> <span class='ocrx_word' id='word_1_316' title='bbox 2195 3581 2252 3618; x_wconf 78' lang='lat' dir='ltr'><strong>ue</strong></span> <span class='ocrx_word' id='word_1_317' title='bbox 2266 3585 2368 3618; x_wconf 75' lang='lat' dir='ltr'><strong>vas</strong></span> <span class='ocrx_word' id='word_1_318' title='bbox 2386 3569 2590 3635; x_wconf 71' lang='lat' dir='ltr'><strong>aliquod</strong></span> 
     </span>
     <span class='ocr_line' id='line_1_46' title="bbox 1558 3648 2592 3716; baseline 0 -19"><span class='ocrx_word' id='word_1_319' title='bbox 1558 3666 1660 3716; x_wconf 81' lang='lat' dir='ltr'><strong>quo</strong></span> <span class='ocrx_word' id='word_1_320' title='bbox 1685 3651 1758 3698; x_wconf 84' lang='lat' dir='ltr'><strong>uti</strong></span> <span class='ocrx_word' id='word_1_321' title='bbox 1781 3648 1865 3696; x_wconf 78' lang='lat' dir='ltr'><strong>alii</strong></span> <span class='ocrx_word' id='word_1_322' title='bbox 1887 3648 2078 3714; x_wconf 81' lang='lat' dir='ltr'><strong>possint</strong></span> <span class='ocrx_word' id='word_1_323' title='bbox 2099 3661 2148 3697; x_wconf 85' lang='lat' dir='ltr'><strong>et</strong></span> <span class='ocrx_word' id='word_1_324' title='bbox 2168 3649 2303 3698; x_wconf 77' lang='lat' dir='ltr'><strong>abuti</strong></span> <span class='ocrx_word' id='word_1_325' title='bbox 2323 3663 2336 3698; x_wconf 73' lang='grc' dir='ltr'><strong>ε</strong></span> <span class='ocrx_word' id='word_1_326' title='bbox 2355 3649 2445 3698; x_wconf 79' lang='lat' dir='ltr'><strong>sed</strong></span> <span class='ocrx_word' id='word_1_327' title='bbox 2464 3660 2592 3697; x_wconf 80' lang='lat' dir='ltr'><strong>tam-</strong></span> 
     </span>
     <span class='ocr_line' id='line_1_47' title="bbox 1559 3727 2592 3795; baseline 0 -19"><span class='ocrx_word' id='word_1_328' title='bbox 1559 3744 1710 3795; x_wconf 78' lang='lat' dir='ltr'><strong>quam</strong></span> <span class='ocrx_word' id='word_1_329' title='bbox 1733 3727 1834 3792; x_wconf 78' lang='lat' dir='ltr'><strong>ipse</strong></span> <span class='ocrx_word' id='word_1_330' title='bbox 1853 3739 1924 3778; x_wconf 75' lang='lat' dir='ltr'><strong>m.</strong></span> <span class='ocrx_word' id='word_1_331' title='bbox 1947 3729 2064 3775; x_wconf 73' lang='lat' dir='ltr'><strong>Tam</strong></span> <span class='ocrx_word' id='word_1_332' title='bbox 2079 3737 2270 3776; x_wconf 74' lang='lat' dir='ltr'><strong>certum</strong></span> <span class='ocrx_word' id='word_1_333' title='bbox 2291 3727 2371 3787; x_wconf 78' lang='lat' dir='ltr'><strong>sis,</strong></span> <span class='ocrx_word' id='word_1_334' title='bbox 2391 3727 2448 3778; x_wconf 82' lang='lat' dir='ltr'><strong>id</strong></span> <span class='ocrx_word' id='word_1_335' title='bbox 2465 3727 2592 3777; x_wconf 80' lang='lat' dir='ltr'><strong>velle</strong></span> 
     </span>
     <span class='ocr_line' id='line_1_48' title="bbox 1561 3806 2592 3871; baseline 0.001 -14"><span class='ocrx_word' id='word_1_336' title='bbox 1561 3819 1612 3857; x_wconf 86' lang='lat' dir='ltr'><strong>te</strong></span> <span class='ocrx_word' id='word_1_337' title='bbox 1631 3823 1688 3855; x_wconf 77' lang='lat' dir='ltr'><strong>sc</strong></span> <span class='ocrx_word' id='word_1_338' title='bbox 1705 3810 1882 3855; x_wconf 81' lang='lat' dir='ltr'><strong>sentire</strong></span> <span class='ocrx_word' id='word_1_339' title='bbox 1896 3841 1913 3866; x_wconf 84' lang='lat'><strong>,</strong></span> <span class='ocrx_word' id='word_1_340' title='bbox 1931 3806 2068 3871; x_wconf 82' lang='lat' dir='ltr'><strong>quod</strong></span> <span class='ocrx_word' id='word_1_341' title='bbox 2083 3817 2171 3855; x_wconf 86' lang='lat' dir='ltr'><strong>tuo</strong></span> <span class='ocrx_word' id='word_1_342' title='bbox 2192 3815 2265 3855; x_wconf 80' lang='lat' dir='ltr'><strong>est</strong></span> <span class='ocrx_word' id='word_1_343' title='bbox 2281 3806 2592 3871; x_wconf 65' lang='lat' dir='ltr'><strong>obsignatum</strong></span> 
     </span>
     <span class='ocr_line' id='line_1_49' title="bbox 1563 3887 2594 3952; baseline 0 -15"><span class='ocrx_word' id='word_1_344' title='bbox 1563 3887 1747 3937; x_wconf 74' lang='lat' dir='ltr'><strong>annulo</strong></span> <span class='ocrx_word' id='word_1_345' title='bbox 1763 3921 1779 3946; x_wconf 92' lang='lat'>,</span> <span class='ocrx_word' id='word_1_346' title='bbox 1803 3902 1949 3950; x_wconf 74' lang='lat' dir='ltr'><strong>quam</strong></span> <span class='ocrx_word' id='word_1_347' title='bbox 1975 3887 2094 3935; x_wconf 83' lang='lat' dir='ltr'><strong>situ</strong></span> <span class='ocrx_word' id='word_1_348' title='bbox 2118 3887 2224 3952; x_wconf 82' lang='lat' dir='ltr'><strong>ipse</strong></span> <span class='ocrx_word' id='word_1_349' title='bbox 2241 3887 2404 3935; x_wconf 85' lang='lat' dir='ltr'><strong>verbis</strong></span> <span class='ocrx_word' id='word_1_350' title='bbox 2427 3903 2486 3936; x_wconf 74' lang='lat' dir='ltr'><strong>ac</strong></span> <span class='ocrx_word' id='word_1_351' title='bbox 2505 3903 2594 3937; x_wconf 84' lang='lat' dir='ltr'><strong>vo·</strong></span> 
     </span>
     <span class='ocr_line' id='line_1_50' title="bbox 1565 3965 2594 4024; baseline -0.001 -10"><span class='ocrx_word' id='word_1_352' title='bbox 1565 3983 1622 4015; x_wconf 85' lang='lat' dir='ltr'><strong>ee</strong></span> <span class='ocrx_word' id='word_1_353' title='bbox 1643 3981 1806 4014; x_wconf 81' lang='lat' dir='ltr'><strong>coram</strong></span> <span class='ocrx_word' id='word_1_354' title='bbox 1829 3965 2060 4014; x_wconf 83' lang='lat' dir='ltr'><strong>ediceres.</strong></span> <span class='ocrx_word' id='word_1_355' title='bbox 2079 3967 2155 4013; x_wconf 74' lang='lat' dir='ltr'><strong>lta</strong></span> <span class='ocrx_word' id='word_1_356' title='bbox 2177 3965 2280 4014; x_wconf 79' lang='lat' dir='ltr'><strong>fere</strong></span> <span class='ocrx_word' id='word_1_357' title='bbox 2306 3966 2566 4015; x_wconf 73' lang='lat' dir='ltr'><strong>Turnebus</strong></span> <span class='ocrx_word' id='word_1_358' title='bbox 2581 4000 2594 4024; x_wconf 93' lang='lat'>‚</span> 
     </span>
    </p>
   </div>
   <div class='ocr_carea' id='block_1_7' title="bbox 1567 4042 2596 4111">
    <p class='ocr_par' dir='ltr' id='par_1_13' title="bbox 1567 4042 2596 4111">
     <span class='ocr_line' id='line_1_51' title="bbox 1567 4042 2596 4111; baseline -0.003 -17"><span class='ocrx_word' id='word_1_359' title='bbox 1567 4047 1656 4111; x_wconf 88' lang='lat' dir='ltr'><strong>qui</strong></span> <span class='ocrx_word' id='word_1_360' title='bbox 1693 4056 1746 4094; x_wconf 86' lang='lat' dir='ltr'><strong>et</strong></span> <span class='ocrx_word' id='word_1_361' title='bbox 1767 4043 1902 4094; x_wconf 75' lang='lat' dir='ltr'><strong>aliud</strong></span> <span class='ocrx_word' id='word_1_362' title='bbox 1943 4042 2244 4108; x_wconf 75' lang='lat' dir='ltr'><strong>(Adverssr.</strong></span> <span class='ocrx_word' id='word_1_363' title='bbox 2268 4045 2496 4106; x_wconf 78' lang='lat' dir='ltr'><strong>xxvn,</strong></span> <span class='ocrx_word' id='word_1_364' title='bbox 2529 4061 2550 4092; x_wconf 80' lang='grc' dir='ltr'><strong>ι</strong></span> <span class='ocrx_word' id='word_1_365' title='bbox 2576 4045 2596 4108; x_wconf 95' lang='grc'>)</span> 
     </span>
    </p>
   </div>
   <div class='ocr_carea' id='block_1_8' title="bbox 1537 4123 2598 4193">
    <p class='ocr_par' dir='ltr' id='par_1_14' title="bbox 1537 4123 2598 4193">
     <span class='ocr_line' id='line_1_52' title="bbox 1537 4123 2598 4193; baseline 0 -19"><span class='ocrx_word' id='word_1_366' title='bbox 1537 4155 1544 4162; x_wconf 88' lang='lat'><strong>·</strong></span> <span class='ocrx_word' id='word_1_367' title='bbox 1569 4125 1830 4193; x_wconf 35' lang='lat' dir='ltr'><strong>proponi&amp;</strong></span> <span class='ocrx_word' id='word_1_368' title='bbox 1859 4141 1962 4192; x_wconf 85' lang='lat' dir='ltr'><strong>quo</strong></span> <span class='ocrx_word' id='word_1_369' title='bbox 1987 4140 2092 4175; x_wconf 82' lang='lat' dir='ltr'><strong>non</strong></span> <span class='ocrx_word' id='word_1_370' title='bbox 2111 4125 2178 4174; x_wconf 72' lang='lat' dir='ltr'><strong>ita</strong></span> <span class='ocrx_word' id='word_1_371' title='bbox 2201 4123 2430 4173; x_wconf 79' lang='lat' dir='ltr'><strong>delector.</strong></span> <span class='ocrx_word' id='word_1_372' title='bbox 2449 4125 2598 4175; x_wconf 67' lang='lat' dir='ltr'><strong>our,</strong></span> 
     </span>
    </p>
   </div>
  </div>
 </body>
</html>
