3019 4681
552 375 1096 449 EPISTOLAE
1136 374 1276 443 AD
1323 376 1831 464 ATTICUM,
1876 380 2123 466 XIII,
2169 375 2283 450 33.
2340 374 2479 472 347

623 589 1824 613 mmmmmmm

2104 591 2483 612 mmm

850 790 1464 872 EPISTOLA
1536 791 1979 872 XXXIII.

342 980 429 1036 De
463 973 646 1034 rebus
691 973 768 1034 ad
807 973 1014 1033 hortos
1054 971 1328 1032 emendos
1357 971 1817 1050 pertinentibus-»3
1865 972 1940 1032 de
1976 973 2294 1052 quaestione
2313 1015 2332 1047 ,
2386 975 2491 1052 qui

417 1072 640 1130 fuerint
667 1070 824 1130 inter
851 1069 1049 1130 decem
1079 1071 1298 1148 legatos
1329 1068 1406 1128 ed
1421 1068 1769 1130 Mummium
1792 1093 1809 1140 ;
1835 1069 1910 1128 de
1924 1069 2205 1130 Varronis
2231 1083 2290 1128 et
2316 1069 2493 1148 Cupie

415 1169 570 1228 tonis
598 1167 877 1230 adventu.
909 1165 1020 1246 (In
1051 1166 1380 1236 Tusculano
1404 1207 1426 1237 ,
1455 1185 1613 1225 anno
1636 1169 1715 1228 U.
1741 1171 1809 1226 C.
1841 1167 1991 1242 708,
2022 1187 2217 1226 mense
2232 1165 2459 1246 junio.)

1019 1345 1331 1411 CICERO
1375 1345 1693 1410 ATTICO
1738 1347 1803 1411 S.

427 1487 991 1558 Necnon-'rum
1025 1487 1282 1557 miram
1301 1494 1326 1528 ¹
1355 1481 1372 1554 Σ
1420 1483 1740 1556 semelne
1767 1499 1979 1582 putas
2003 1484 2190 1556 mihi
2216 1483 2481 1558 dixisse

249 1587 252 1590 ⁴
342 1595 644 1668 Balbum
697 1609 772 1667 et
812 1593 1194 1667 Faberium
1214 1647 1235 1684 ‚
1261 1592 1809 1692 *professionem
1852 1595 2246 1669 relatam2?
2284 1598 2484 1687 Quin

345 1708 551 1778 etiam
598 1729 856 1778 eorum
877 1701 908 1750 ³
957 1704 1163 1800 jussu
1214 1707 1555 1776 miseram
1575 1757 1596 1792 ,
1640 1705 1771 1801 qui
1815 1704 2334 1805 profiteretur:
2382 1711 2483 1778 ita

345 1819 528 1888 euim
562 1830 908 1915 oportere
951 1813 1313 1887 dicebaut.
1354 1811 1731 1885 Professus
1774 1828 1883 1885 est
1919 1813 2351 1885 Philotimus
2392 1815 2479 1885 li-

343 1923 602 1999 bertus.
633 1926 884 2010 Nosti,
909 1924 1159 2012 credo,
1194 1923 1570 1996 librarium
1586 1927 1643 1995 ⁴.
1681 1921 1826 1996 Sed
1864 1922 2133 1995 scribes
2153 1979 2174 2012 ,
2212 1937 2287 1994 et
2313 1925 2481 2021 qui-

345 2031 500 2105 dem
541 2032 947 2107 confestim.
992 2033 1102 2104 Ad
1144 2032 1532 2105 Faberium
1550 2088 1571 2120 ,
1620 2048 1703 2105 ut
1749 2031 1884 2105 tibi
1918 2033 2189 2131 placet,
2244 2032 2483 2105 literas

345 2145 517 2214 misi.
547 2148 738 2216 Cum
769 2141 994 2214 Balbo
1019 2157 1259 2214 autem
1296 2157 1482 2241 puto
1519 2157 1592 2215 te
1630 2142 1905 2242 aliquid
1945 2141 2198 2215 fecisse
2230 2140 2367 2214 H.⁵
2404 2144 2483 2213 in

347 2249 720 2349 Capitolio,
775 2255 864 2322 In
913 2248 1217 2347 Virgilio
1279 2249 1461 2320 mihi
1517 2249 1717 2321 nulla
1768 2265 1879 2323 est
1932 2243 2287 2322 δυσωπίαθ.
2328 2253 2482 2322 Nec

415 2473 460 2506 1.
479 2456 850 2525 Negh'gentiam
865 2455 1072 2506 miram!
1086 2455 1205 2506 Scil.
1219 2456 1362 2505 Balbi

347 2547 395 2585 et
412 2538 616 2587 Faben’i.
647 2540 742 2587 En.

411 2632 462 2665 α.
496 2615 852 2683 Professionem
897 2614 1126 2665 relatam.
1172 2615 1362 2679 Quovis

352 2693 522 2753 lustro,
555 2710 710 2760 quum
733 2696 968 2759 agebatur
993 2710 1166 2742 census
1189 2692 1364 2759 populi

355 2776 556 2835 romani,
583 2776 789 2841 quilibet
815 2776 997 2823 civium
1023 2772 1363 2840 profitebatur,

356 2866 574 2916 quantum
611 2856 664 2903 in
705 2854 850 2903 bouis
889 2854 1105 2904 haberet.
1147 2851 1364 2903 Condito

357 2930 498 2983 lustru
509 2972 526 2995 ,
545 2938 588 2984 si
605 2935 728 3000 quid
744 2935 1006 2984 accedebat
1019 2934 1084 2984 ad
1101 2934 1366 2999 possessio-

355 3026 434 3059 nes
449 3048 463 3072 ,
497 3014 552 3062 id
593 3032 794 3079 quoque
829 3014 1048 3079 publicas
1083 3015 1138 3062 in
1175 3012 1364 3062 tabulas

358 3092 474 3153 apud
521 3106 776 3159 praetoretu
829 3096 998 3143 referri
1037 3093 1360 3159 'oppos-tebet.

358 3169 484 3218 Prior
503 3172 588 3222 illa
609 3174 848 3239 professio
867 3174 966 3223 dici
984 3175 1140 3239 possit
1155 3189 1362 3223 censua-

359 3245 440 3304 tis,·
478 3250 583 3299 hec
627 3255 882 3317 posterior,
929 3252 1238 3318 quotidiana.
1285 3250 1364 3301 De

362 3330 554 3377 censuali
574 3332 656 3380 hic
675 3334 754 3397 agi
771 3333 992 3397 plerique
1015 3332 1187 3382 volunt
1211 3332 1363 3381 intes·-

362 3417 535 3467 ptetes:
557 3427 650 3475 ego
673 3410 734 3460 de
750 3412 932 3461 altera:
955 3412 1362 3477 quemadmodum

363 3482 420 3531 nd
443 3487 552 3537 niv.
583 3492 734 3548 XVI,
769 3493 857 3541 23.
893 3494 1074 3541 Actum
1105 3494 1234 3539 enim
1261 3506 1364 3539 esse

362 3576 542 3613 emaum
569 3584 600 3615 a
635 3569 822 3619 Ceaare
855 3586 959 3619 non
993 3570 1098 3618 vidi
1131 3584 1362 3634 usquamg

365 3654 506 3704 neque
520 3646 592 3694 illi
618 3646 970 3697 demonstrant.
1000 3651 1126 3697 Tum
1141 3683 1156 3706 ,
1177 3664 1266 3695 eur
1280 3648 1364 3696 hic

363 3720 618 3783 ⁸Ppellatur
637 3726 892 3786 Faberius,
915 3727 1012 3775 nisi
1035 3728 1150 3792 quia
1171 3728 1278 3789 ejus
1303 3726 1365 3775 de

367 3802 544 3861 negotio
561 3802 748 3867 agitur?
776 3808 1138 3855 Menon-rme.

429 3870 473 3919 3.
508 3873 602 3923 Ed.
638 3876 782 3924 Rom.
819 3886 868 3925 et
902 3876 1049 3926 codd.
1081 3876 1274 3925 Balliol.
1311 3886 1362 3925 et

367 3944 554 3999 uem-t.
579 3950 760 4003 habeut
781 3970 996 4003 meorum
1013 3988 1030 4015 ,
1056 3954 1194 4020 quod
1225 3956 1363 4003 6η-

371 4024 526 4078 νίιιιιι
539 4033 724 4081 Erneet.
744 4034 1088 4097 probaverunt.
1115 4036 1168 4083 J.
1185 4038 1250 4083 V.
1269 4035 1326 4083 1..

435 4114 478 4169 4.
503 4111 786 4163 Lib-arima.
809 4115 963 4175 hui,
993 4115 1080 4179 qui
1105 4114 1364 4176 cujuslibet

1448 2456 1799 2519 professionem
1821 2456 1876 2504 in
1898 2454 2089 2505 tabulas
2107 2452 2331 2519 publicas
2350 2451 2481 2501 rese-

1453 2536 1611 2584 rebat.
1640 2534 1863 2583 Mutus·-
2380 2541 2385 2552 ’

1522 2614 1575 2663 5.
1623 2616 1691 2665 Η.
1734 2614 2017 2679 intelligunt
2071 2612 2235 2662 hodie.
2280 2608 2481 2661 Schiitz.

1447 2692 1713 2742 lectionem
1754 2695 1925 2743 misere
1966 2702 2247 2758 corruptam
2291 2700 2434 2756 putat
2452 2724 2471 2750 ,

1450 2772 1770 2837 emendatque
1784 2806 1800 2830 ,
1843 2795 1869 2815 α
1892 2774 1967 2821 De
2002 2772 2159 2820 bortis
2194 2769 2477 2836 Scapulanis

1450 2850 1506 2899 in
1523 2851 1662 2915 virg.
1681 2873 1727 2900 a.
1755 2853 1805 2900 J.
1825 2852 1894 2901 V.
1918 2854 1978 2901 L.

1522 2930 1576 2979 6.
1615 2932 1865 2983 Δυσωπὶα..
1911 2929 2231 2979 Verecundia.
2264 2930 2325 2978 C.
2361 2927 2481 2975 Vir-

1450 3008 1597 3073 gilius
1619 3010 1673 3057 in
1690 3010 1856 3058 Afriee
1875 3008 2105 3058 adversus
2122 3010 2360 3057 Caesarem
2381 3006 2475 3053 mi-

1447 3088 1638 3147 litarat,
1664 3100 1713 3136 et
1730 3089 1929 3153 Thapso
1954 3087 2184 3152 prasidio
2207 3086 2365 3133 fuerat
2380 3118 2397 3143 ,
2422 3094 2483 3133 ut

1448 3178 1621 3215 auctor
1658 3166 1775 3215 belli
1808 3166 2027 3216 Africani
2054 3165 2202 3215 tradit
2225 3180 2337 3228 cap.
2377 3164 2443 3224 78
2462 3196 2479 3223 ,

1455 3262 1520 3310 79
1533 3282 1548 3305 ,
1578 3248 1661 3295 86.
1680 3247 1890 3295 Videtur
1908 3256 2025 3310 poet
2043 3244 2297 3293 victoriam
2320 3243 2477 3291 Caesa-

1450 3326 1518 3373 ris
1537 3326 1738 3375 evasisse
1760 3325 1927 3389 aliquo
1941 3358 1958 3385 ,
1986 3336 2035 3373 et
2058 3324 2296 3381 latitasse,
2322 3338 2480 3385 neque

1451 3405 1583 3454 enim
1598 3404 1669 3451 ibi
1683 3405 1788 3465 eius
1808 3404 1991 3453 mentio
2016 3402 2075 3452 fit
2095 3402 2171 3451 vel
2194 3400 2439 3449 interfecti
2460 3436 2479 3461 ‚

1449 3484 1531 3531 vel
1558 3482 1727 3533 dediti.
1758 3484 1875 3530 Erat
1906 3492 2065 3530 autem
2094 3483 2137 3529 is
2164 3479 2399 3543 Virgilius
2420 3480 2473 3526 iu

1451 3562 1735 3628 Scapulanis
1786 3559 2069 3610 heredibus.
2112 3563 2330 3608 Fortasse
2382 3572 2475 3622 pro

1451 3642 1557 3701 ejus
1602 3650 1739 3705 parte
1787 3636 2049 3688 confiscata
2092 3636 2484 3687 interveniebant

1451 3728 1793 3784 procuratores
1814 3719 2032 3769 Cauris.
2059 3718 2196 3767 Dicit
2220 3718 2374 3781 igitur
2388 3717 2483 3765 ci-

1451 3814 1593 3857 cer-03
1621 3814 1725 3846 non
1742 3798 1877 3846 inani
1894 3798 2184 3847 verecundia
2202 3798 2476 3847 abstemor

1451 3876 1512 3925 de
1523 3876 1719 3941 Virgilii
1734 3887 1869 3941 parte
1884 3877 2103 3928 emenda.
2122 3876 2327 3927 Accedit
2335 3872 2473 3939 quod

1447 3956 1530 4005 hie
1552 3956 1790 4020 Virgilius
1806 3974 1921 4022 erga
1942 3960 2226 4009 cioemem
2252 3954 2471 4015 exsulem

1447 4050 1622 4099 parum
1652 4034 1804 4084 amice
1827 4052 1879 4085 ee
1909 4048 2147 4101 gesserat,
2172 4046 2229 4084 ut
2251 4044 2385 4099 patet
2406 4048 2470 4079 ex

1451 4124 1573 4164 orat.
1591 4129 1687 4180 pro
1698 4114 1915 4177 Plancio,
1930 4130 2039 4181 cap.
2058 4125 2144 4171 4ο.
2166 4117 2215 4164 J.
2232 4116 2282 4161 Β.
2302 4114 2470 4161 Gnou-
