3019 4681
524 406 665 491 342
1154 411 1253 479 M.
1302 411 1382 479 T.
1435 409 2033 482 CICERONIS

520 529 1001 602 Faberianum
1036 530 1387 628 explicati,
1426 555 1750 605 emamus
1775 531 1891 604 vel
1919 555 2220 631 magn03
2257 533 2367 606 sin
2397 537 2661 630 minus,

529 663 625 712 ne
680 664 906 738 parvo
951 640 1248 739 quidem
1297 665 1702 741 possumus,
1752 643 2386 742 Clodiamjgitur:
2431 670 2472 717 a
2518 671 2663 744 qua

524 751 681 849 ipsa
719 749 819 822 ob
849 775 1003 822 eam
1040 773 1325 822 causam
1346 763 1407 796 ¹²
1454 776 1744 851 sperare
1779 753 2058 841 videor,
2093 753 2295 850 quod
2326 768 2400 825 et
2427 757 2658 828 multo

521 863 821 932 minoris
880 876 1052 934 sunt
1080 915 1101 950 ,
1154 875 1229 933 et
1272 861 1664 934 Dolabellae
1718 885 1990 934 nomen
2038 864 2186 959 jam
2239 863 2657 962 expeditum

522 971 831 1060 videtur,
857 987 943 1042 ut
968 973 1181 1043 etiam
1209 975 1840 1071 repraesentatione
1874 971 2257 1046 confidam.
2290 978 2400 1046 De
2431 973 2658 1048 hortis

522 1083 712 1152 satis.
750 1085 923 1152 Cras
968 1096 1095 1153 aut
1134 1096 1242 1171 te,
1293 1099 1420 1154 aut
1454 1107 1798 1155 causam:
1843 1107 2068 1182 quam
2112 1083 2408 1183 quidem
2457 1085 2657 1158 futu-

520 1215 673 1262 ram
710 1191 1203 1264 Faberianam.
1240 1191 1381 1264 Sed
1403 1247 1423 1282 ,
1461 1194 1521 1265 si
1557 1194 1854 1292 poteriS.

596 1375 677 1410 ια.
696 1359 920 1409 Causam.
944 1362 1045 1434 Cur
1065 1369 1170 1409 non
1186 1361 1391 1412 veneris.
1412 1361 1545 1413 Cau-
1630 1361 1735 1410 fore
1758 1395 1775 1420 ,
1813 1371 1869 1410 ut
1910 1361 2166 1426 pecuniam
2193 1363 2360 1427 αἱμα
2381 1377 2413 1411 ι
2438 1363 2657 1414 Faberio.

519 1455 619 1488 sam
636 1449 795 1489 autem
806 1447 943 1506 ,quae
964 1450 1013 1488 te
1028 1451 1263 1503 moretur,
1276 1441 1404 1489 hanc
1418 1451 1546 1506 puto
1632 1441 1855 1490 mum.

517 1603 609 1621 m
612 1603 1345 1624 mmmm
1348 1603 2171 1624 mmmm
2177 1603 2262 1624 m
2266 1605 2630 1626 mm

1110 1752 1706 1874 EplsToLA
1768 1754 2051 1834 XXX.

518 1915 609 1971 De
636 1915 707 1984 Q.
736 1909 1032 1970 Ciceronis
1057 1909 1317 1988 epistolis
1331 1933 1351 1983 ;
1395 1907 1469 1968 de
1494 1909 1766 1968 ‘auctione
1795 1923 1856 1967 et
1881 1910 2116 1988 negotio
2147 1907 2487 1970 Faberiano.
2527 1911 2654 1968 De-

596 2007 773 2085 nique
799 2007 1007 2086 quaerit
1028 2007 1131 2084 qui
1150 2005 1349 2065 decem
1376 2005 1550 2084 legati
1578 2006 1865 2066 Mummio
1895 2003 2248 2087 fuerint.(1n
2277 2007 2606 2066 Tusculano
2633 2047 2654 2078 ,

599 2121 754 2162 anno
777 2105 854 2162 U.
878 2105 941 2162 C.
965 2103 1077 2176 708
1092 2145 1110 2175 ,
1138 2121 1333 2160 mense
1352 2099 1578 2180 junio.)

1191 2248 1502 2313 CICERO
1550 2249 1873 2313 ATTICO
1919 2243 1987 2314 S'.

618 2394 1011 2463 thimoms
1044 2390 1421 2488 epistolam
1460 2391 1596 2462 tibi
1633 2388 1898 2463 remisi.
1936 2394 2002 2464 O
2029 2405 2102 2463 te
2137 2389 2485 2480 ferreum,
2527 2394 2656 2489 qui

520 2504 713 2574 illius
783 2500 1121 2598 periculis
1188 2524 1340 2570 non
1398 2501 1746 2574 moveris!
1807 2506 1928 2573 Me
1998 2526 2297 2599 quoque
2347 2516 2651 2579 accusat.

520 2617 696 2683 Eam
733 2610 866 2681 tibi
906 2608 1284 2707 epistolam
1322 2610 1670 2681 misissem
1695 2622 1745 2683 ¹.
1797 2616 2030 2684 Nam²
2074 2610 2264 2683 illam
2290 2608 2319 2655 ³
2359 2612 2652 2685 alteram

520 2721 615 2791 de
647 2718 867 2791 rebus
904 2720 1123 2815 gestis
1152 2718 1405 2790 eodem
1446 2720 1782 2817 exemplo
1809 2734 2016 2818 pute.
2062 2726 2149 2791 In
2169 2720 2203 2777 4
2244 2726 2652 2793 Cumanum

521 2828 737 2901 hodie
788 2829 950 2899 misi
994 2826 1451 2899 tabellarium
1485 2854 1502 2900 ε
1543 2830 1610 2901 ei
1651 2828 1822 2900 dedi
1861 2843 2022 2900 tuas
2071 2830 2159 2901 ad
2205 2834 2650 2922 Vestorium,

516 2964 699 3038 quas
734 2938 1081 3011 Pharnaci
1124 2936 1447 3010 dederas.
1494 2936 2032 3011 Commodum⁵
2067 2939 2159 3010 ad
2203 2955 2276 3012 te
2319 2944 2650 3015 miseram

517 3056 901 3138 Demeam,
946 3074 1176 3147 quum
1222 3054 1401 3121 Eros
1450 3049 1541 3120 ad
1574 3074 1692 3121 me
1733 3050 1954 3121 venit.
2005 3048 2146 3122 Sed
2197 3056 2273 3121 in
2307 3052 2463 3146 ejus
2505 3052 2653 3153 epi-

520 3158 743 3249 stola,
788 3159 970 3231 nihil
1020 3174 1169 3231 erat
1224 3162 1440 3245 novi,
1490 3162 1628 3245 nisi
1685 3160 2095 3229 auctionem
2148 3158 2480 3232 biduum.
2537 3160 2651 3233 Ab

514 3270 649 3347 ea⁶
706 3273 928 3369 igitur
952 3326 973 3357 ‚
1034 3284 1119 3341 ut
1174 3269 1469 3357 scribis;
1533 3284 1608 3341 et
1661 3270 1918 3359 velim,
1971 3267 2306 3341 confecto
2351 3273 2648 3368 negotio

590 3460 635 3493 ι.
673 3442 923 3491 Misissem.
942 3440 1140 3489 Scilicet
1172 3439 1267 3487 nisi
1292 3450 1349 3488 tn
1372 3439 1507 3487 illam
1520 3474 1535 3498 ,
1625 3454 1735 3503 qnae
1776 3448 2004 3503 praterea
2022 3450 2138 3488 sunt
2161 3439 2212 3487 in
2249 3438 2452 3507 epistola
2475 3440 2540 3489 ad
2569 3457 2649 3493 me

516 3541 625 3588 quae
651 3523 717 3571 ad
740 3534 787 3571 te
822 3522 933 3570 data
970 3529 1097 3577 erat,
1118 3530 1229 3567 ante
1246 3520 1453 3567 misisses
1473 3518 1539 3566 ad
1623 3519 1871 3577 minando
1893 3518 2104 3568 sortibus
2137 3519 2328 3569 scilicet
2352 3521 2456 3581 eius
2480 3521 2646 3581 factis,

512 3621 593 3653 me
606 3639 623 3665 ,
646 3614 705 3651 ut
744 3602 892 3650 altera
914 3634 933 3660 ,
960 3614 1107 3664 qnam
1148 3598 1269 3646 mihi
1308 3598 1502 3662 scripsit
1521 3633 1540 3661 ,
1624 3607 1674 3644 et
1691 3598 1894 3661 pugnis,
1909 3612 1966 3646 ea
1983 3598 2110 3645 scito
2129 3613 2232 3645 esse
2249 3598 2440 3659 eadem,
2458 3614 2567 3663 qun
2583 3598 2649 3649 ad

512 3696 757 3747 tamquam
781 3679 997 3741 ejusdem
1013 3676 1307 3742 argumenti,
1322 3677 1538 3725 eandem-
1624 3684 1672 3723 te
1697 3676 1910 3739 scripsit.
1932 3677 1965 3725 J
1971 3712 1982 3723 .
2011 3678 2064 3724 F.
2090 3678 2327 3724 Gnonov.

515 3778 611 3825 que
628 3759 843 3823 querelas
869 3758 1220 3823 complectente
1238 3772 1399 3804 carere
1420 3772 1536 3820 pos·
1695 3765 1744 3813 4.
1769 3756 1858 3805 His
1878 3755 1930 3803 in
1951 3756 2114 3803 verbis
2139 3756 2229 3804 Ms
2251 3770 2379 3803 unus
2405 3754 2650 3805 Palatinus

512 3840 603 3889 sis.
634 3841 809 3887 Gnav.
1621 3834 1814 3883 initium
1831 3836 2003 3886 statuit
2024 3834 2260 3898 epistole.
2286 3836 2320 3883 J
2327 3869 2338 3881 .
2359 3837 2425 3883 V.
2449 3838 2503 3883 1..

587 3936 635 3967 α.
677 3915 874 3965 Sohiitz.
903 3916 1149 3979 rescripsit
1170 3916 1327 3962 Nunc.
1350 3913 1533 3963 Proba·
1693 3916 1816 3963 5.1n
1833 3926 1948 3963 vett.
1963 3915 2076 3963 edd.
2096 3916 2160 3963 ab
2175 3913 2254 3962 his
2273 3914 2430 3961 verbio
2440 3913 2644 3979 epistola
2707 3904 2715 3915 ’

510 4000 690 4048 himer.
725 3995 820 4045 nic
847 3996 978 4043 enim
1002 3992 1241 4059 particula
1271 4010 1387 4041 nam
1428 4008 1534 4041 non
1619 3995 1814 4057 incipit.
1833 3995 2091 4059 Superiora
2105 3995 2379 4057 junguntur
2395 3994 2538 4058 epist.
2557 4008 2644 4055 ²9·

509 4078 733 4144 quadrat.
754 4074 803 4123 J.
823 4077 887 4121 V.
908 4075 963 4122 L.
1618 4074 1672 4121 J.
1689 4075 1754 4121 V.
1768 4076 1823 4121 L.

581 4152 631 4206 3.
658 4156 807 4205 Illam
833 4155 1057 4203 alcoram.
1077 4154 1254 4221 Sensus
1280 4163 1353 4199 est
1374 4150 1530 4201 :Nam
1687 4154 1740 4202 6.
1765 4154 1845 4201 Ab
1869 4169 1948 4201 ea.
1967 4154 2083 4201 Post
2103 4168 2209 4201 eam
2228 4151 2326 4201 huc
2355 4152 2533 4201 venies.
