3019 4681
505 354 1020 428 EPISTOLAE
1071 357 1210 425 AD
1261 354 2044 441 ATTICUM‚VIII,
2099 352 2163 426 5.
2330 355 2413 428 15

272 577 1929 604 mmmmmmmmmmw
1935 577 2020 598 m
2026 581 2392 602 mmm

946 775 1567 858 EPISTOLA
1620 773 1719 852 V.

282 963 602 1040 Dionysium
635 963 712 1021 ad
755 983 817 1022 se
848 959 1074 1020 venisse
1121 959 1358 1034 scribit,
1404 959 1830 1038 epistolamque
1869 959 1945 1017 ad
1978 979 2113 1017 eum
2142 961 2419 1041 scriptam

355 1059 462 1118 sibi
473 1074 535 1120 ut
545 1059 774 1119 Atticus
787 1058 1160 1117 referendam
1183 1071 1367 1128 curet,
1393 1057 1569 1135 petit:
1598 1057 1738 1115 novi
1764 1056 1911 1114 nihil
1936 1076 2061 1115 esse
2089 1057 2252 1135 quod
2272 1062 2420 1118 scri-

355 1155 450 1215 bat
471 1202 489 1230 ,
527 1158 607 1216 ait
625 1199 644 1228 ,
671 1157 1068 1234 Tironemque
1096 1155 1278 1215 Curio
1306 1153 1709 1214 commendari
1746 1153 1895 1213 vult.
1929 1157 2026 1232 (In
2058 1155 2375 1216 Formiano
2396 1199 2413 1226 ,

357 1273 496 1312 anno
515 1259 586 1315 U.
615 1258 680 1315 C.
708 1261 824 1328 704
841 1295 860 1326 ‚
887 1271 1091 1312 mense
1115 1250 1456 1324 februario.)

942 1436 1259 1502 CICERO
1303 1435 1623 1499 ATTICO
1670 1436 1736 1500 S.

379 1591 592 1680 Quum
626 1603 798 1661 ante
829 1587 1068 1658 lucem
1109 1612 1214 1656 nx
1245 1582 1392 1654 kal.
1423 1583 1665 1654 literas
1694 1582 1787 1654 ad
1830 1599 1901 1655 te
1931 1583 2024 1656 de
2057 1587 2415 1684 Dionysio

289 1696 646 1786 dedissem,
686 1698 972 1796 vesperi
1006 1695 1098 1770 ad
1145 1719 1285 1768 nos
1329 1693 1592 1766 eodem
1634 1693 1753 1765 die
1797 1699 2000 1766 venit
2042 1697 2202 1793 ipse
2243 1700 2421 1771 Dio-

287 1811 537 1904 nysiuS,
578 1813 1017 1881 auctoritate
1054 1820 1182 1877 tua
1220 1819 1642 1904 permotuS,
1698 1819 1784 1876 ut
1814 1810 2167 1904 suspicor.
2217 1808 2416 1898 Quid

289 1921 452 1992 enim
491 1934 740 2018 putem
782 1917 1034 1990 aliud?
1073 1917 1210 1988 etsi
1257 1915 1445 1988 solet
1481 1939 1689 2003 eum,
1726 1938 1960 2012 quum
1997 1915 2271 2014 aliquid
2305 1914 2424 1987 fu-

289 2030 452 2102 riose
483 2027 684 2119 fecit,
717 2030 1102 2129 poenitere.
1141 2031 1565 2125 Numquam
1596 2039 1839 2098 autem
1882 2031 2184 2100 certior¹
2242 2024 2383 2100 fuit
2406 2083 2425 2117 ,

288 2163 477 2234 quam
527 2143 603 2211 in
657 2141 802 2212 hoc
855 2141 1170 2238 negotio.
1235 2144 1420 2212 Nam
1446 2193 1465 2226 ,
1513 2137 1716 2234 quod
1766 2135 1859 2208 ad
1911 2151 1986 2210 te
2042 2163 2193 2210 non
2251 2141 2423 2211 scri-

287 2272 536 2345 pseram
559 2307 581 2343 ,
643 2266 900 2351 postea
967 2248 1255 2340 audivi,
1297 2275 1338 2322 a
1374 2249 1592 2320 tertio
1644 2247 1982 2320 milliario
2040 2265 2199 2321 tum
2248 2275 2415 2324 eum

289 2357 480 2449 ,iz-1220

559 2518 738 2573 Πολλὰ
768 2517 935 2589 μάτην
965 2516 1224 2589 κεράεσσιν
1258 2517 1306 2579 ἒς
1333 2516 1456 2587 ἠέρα
1486 2514 1796 2586 onie-‘qivana‘

289 2664 508 2753 multa,
533 2668 834 2764 inquam
855 2718 874 2753 ,
893 2664 1080 2759 mals
1095 2688 1264 2737 eum
1281 2662 1585 2751 dixisse3
1616 2688 1750 2736 suo
1774 2664 2033 2763 capiti,
2066 2682 2151 2737 ut
2180 2668 2410 2741 aiunt.

291 2775 409 2846 Sed
456 2803 501 2848 o
553 2802 795 2849 meam
854 2773 1529 2849 mansuetudinem!
1574 2775 2047 2872 Conjeceram
2100 2779 2176 2848 in
2219 2776 2424 2851 fasci-

293 2884 505 2957 culum
539 2912 688 2958 una
725 2901 1051 2960 cum'tua
1083 2886 1591 2959 vehementem
1624 2886 1716 2957 ad
1751 2886 1956 2957 illum
1988 2888 2363 2985 epistolam
2400 2920 2417 2962 ε

295 2991 450 3067 hanc
484 2996 572 3070 ad
609 3022 730 3069 me
768 2996 1026 3069 referri
1065 2998 1268 3085 volo;
1307 3022 1442 3069 nec
1477 2994 1703 3067 ullam
1742 2995 1841 3068 ob
1882 2996 2095 3068 aliam
2132 3022 2421 3071 causam

297 3105 594 3179 Pollicem
619 3160 640 3196 ,
673 3132 964 3181 servum
1015 3132 1058 3179 a
1096 3106 1408 3207 pedibus
1447 3109 1630 3179 meis
1651 3162 1670 3196 ,
1722 3113 2030 3179 Romam
2082 3111 2263 3180 misi.
2313 3114 2421 3183 Eo

299 3230 498 3287 autem
536 3218 626 3289 ad
671 3233 744 3289 te
799 3219 1092 3317 scripsi,
1150 3233 1270 3306 ut,
1316 3220 1374 3289 si
1429 3217 1562 3290 tibi
1613 3216 1802 3290 forte.
1854 3218 2135 3289 reddita
2180 3234 2369 3291 esset
2397 3276 2416 3311 ,

299 3325 444 3397 mihi
477 3352 764 3400 curares
790 3326 1280 3417 referendam3
1317 3352 1410 3399 ne
1445 3330 1521 3399 in
1558 3328 1753 3400 illius
1795 3352 2056 3399 manus
2084 3334 2419 3426 perveni-

359 3560 394 3593 1.
419 3548 608 3596 Certior.
635 3548 818 3597 Certus
855 3548 942 3597 hio
985 3558 1060 3597 est
1075 3582 1094 3607 ‚
1145 3562 1290 3611 quem
1381 3546 1565 3596 bovem
1585 3546 1861 3609 describere
1878 3545 2213 3613 voluissemus
2231 3548 2418 3613 fenum,

301 3618 494 3675 Horatius
543 3638 692 3677 vocnt
747 3628 996 3695 propositi
1051 3638 1290 3677 tenacem.
1380 3628 1574 3691 paleas,
1602 3627 1817 3674 festucas
1830 3661 1845 3687 ,
1881 3635 2027 3689 atque
2062 3626 2186 3674 adeo
2222 3644 2419 3678 arenam

305 3702 392 3751 Bos.
411 3734 472 3743 —
503 3708 622 3757 Non
645 3718 722 3756 est
754 3706 894 3771 quod
925 3708 1100 3758 tetrior
1123 3724 1292 3756 emen·
1379 3708 1536 3771 ipsam
1560 3704 1798 3753 cornibus
1823 3716 2097 3768 spargeret,
2130 3722 2417 3774 sursumque

305 3780 435 3831 demus
453 3802 559 3835 cum
589 3788 706 3837 Sch.
743 3788 840 3836 ΕΒ.
1378 3787 1607 3847 jactaret.
1626 3785 1685 3833 Ei
1710 3784 1887 3833 cicero
1912 3785 2214 3850 Dionysium
2240 3791 2421 3837 assimi-

357 3878 399 3912 s.
423 3852 571 3929 ῥίψαι.
613 3889 640 3911 ιι
661 3870 834 3933 Quum
875 3866 1060 3915 fureret
1077 3900 1096 3927 ,
1142 3866 1296 3915 mults
1383 3865 1470 3925 lat,
1491 3865 1579 3931 qui
1612 3874 1672 3912 ut
1692 3862 1757 3913 ab
1777 3864 1890 3929 ipso
1912 3864 2226 3927 discesserat,
2262 3870 2417 3918 multa

307 3944 491 3993 comibus
515 3949 690 3997 frustra
721 3948 770 3995 in
791 3963 949 3995 serem
971 3948 1234 4011 projecisse
1247 3969 1290 3989 a».
1379 3945 1434 3992 in
1457 3959 1571 3993 eum
1593 3944 1776 4003 jecerat
1809 3942 2084 3994 maledieta.
2126 3948 2237 3993 Hoc
2271 3963 2417 3996 sensu

309 4019 504 4071 lnoertum
521 4038 594 4074 est
619 4026 764 4086 cujus
790 4028 854 4073 sit
889 4026 1122 4075 auctoris.
1143 4025 1289 4073 vide-
1379 4024 1631 4073 Catullus:
1656 4046 1681 4065 ιι
1696 4022 2041 4087 Nequidquam
2066 4024 2207 4071 vanis
2226 4026 2413 4087 jactan-

307 4106 364 4145 tm·
376 4116 538 4167 auten,
559 4107 784 4171 quisquis
807 4105 889 4154 ille
904 4106 1016 4167 fuit,
1043 4107 1282 4155 furentem
1375 4116 1472 4153 tem
1500 4119 1689 4153 cornua
1708 4104 1870 4153 ventis
1884 4124 1925 4151 n.
1964 4102 2055 4150 En.
