3019 4681
620 368 1149 441 EPISTOLAE
1194 370 1333 441 AD
1382 368 1882 455 ATTICUM‚
1921 374 2135 458 XVI,
2194 370 2259 442 3.
2371 374 2515 459 483

383 494 844 590 indiligenter
863 545 883 579 ,
932 512 1167 585 neque
1203 486 1664 562 illiberaliter.
1709 492 1818 561 De
1851 490 2138 569 Herode
2163 548 2184 581 ,
2221 493 2470 571 faciam
2497 553 2518 584 ‚

384 617 470 674 ut
484 600 819 687 mandas;
854 615 925 673 et
944 624 1031 673 ea
1058 624 1223 695 quae
1250 597 1503 675 scribis
1525 653 1545 686 ,
1572 624 1658 671 ex
1691 598 1978 683 Saufeio
1995 656 2016 689 ,
2045 618 2118 675 et
2143 628 2184 675 e
2215 608 2520 687 Xenone

379 734 831 809 cognoscam.
864 712 973 781 De
996 711 1086 798 Q.
1118 706 1308 795 filio,
1344 707 1628 805 gaudeo
1664 710 1798 784 tibi
1829 736 2024 787 meas
2051 713 2296 787 literas·
2317 722 2517 814 prius

380 844 421 889 a
457 818 825 891 tabellario
852 842 1019 891 meo
1042 874 1063 905 ,
1096 840 1313 917 quam
1335 818 1608 915 abipso
1637 872 1658 907 ,
1683 819 2041 898 redditas:
2078 850 2518 924 quamquam

378 943 453 1001 te
498 929 679 1001 nihil
716 927 1105 1005 fefellisset.
1158 934 1698 1005 Verumtamen.
1742 931 1880 1003 Sed
1934 950 2304 1031 exspecto,
2340 941 2518 1035 quid

374 1040 499 1111 ille
543 1054 831 1125 tecum,
892 1038 1071 1137 quid
1118 1054 1199 1115 tu
1244 1040 1594 1127 vicissim
1635 1064 1772 1118 uec
1813 1039 2106 1131 dubito,
2149 1048 2330 1142 quin
2383 1073 2519 1123 suo

370 1175 584 1222 more
612 1165 941 1247 uterque.
977 1149 1117 1223 sed
1142 1174 1259 1223 eas
1291 1150 1530 1227 literas
1557 1152 1858 1228 Curium
1891 1153 2072 1231 inihi
2108 1180 2324 1253 spero
2350 1160 2512 1235 red-

370 1261 741 1345 diturum3
769 1262 897 1358 qui
934 1259 1267 1357 quidem,
1290 1262 1421 1334 etsi
1462 1285 1595 1357 per
1627 1286 1704 1337 se
1740 1276 1848 1333 est
1879 1262 2239 1352 amabilis,
2281 1292 2322 1343 a
2361 1293 2517 1341 me·-

370 1396 526 1469 que
566 1370 929 1468 diligitur,
966 1385 1209 1443 tamen
1252 1369 1530 1443 accedit
1580 1396 1882 1495 magnus
1941 1375 2276 1449 cumulus
2317 1403 2516 1451 com-

365 1480 857 1553 mendationis
887 1495 1046 1553 tuae.
1068 1462 1323 1553 Litcris
1340 1482 1481 1554 tuis
1509 1482 1676 1557 satis
1696 1506 2132 1579 responsum
2151 1502 2299 1558 est.
2317 1513 2519 1561 nunc

358 1592 593 1681 audi,
645 1592 888 1689 quod,
938 1595 1068 1662 etsi
1136 1591 1455 1689 intelligo
1508 1590 1724 1667 scribi
1783 1617 2070 1665 necesse
2127 1621 2278 1669 non
2327 1624 2515 1690 esse,

360 1700 617 1773 scribo
650 1717 914 1775 tamen.
934 1699 1163 1773 Multa
1200 1725 1315 1771 me
1348 1715 1644 1773 movent
1679 1703 1753 1773 in
1781 1700 2132 1789 discessu,
2163 1700 2518 1803 inprimis

363 1811 830 1899 mehercule,
870 1810 1071 1909 quod
1114 1810 1452 1909 dijungor
1482 1836 1522 1881 a
1561 1826 1654 1881 te.
1697 1814 1946 1882 Movet
1975 1813 2186 1887 etiam
2223 1817 2517 1911 naviga-

363 1923 591 1993 tionis
616 1919 1136 2009 labor,alienus
1168 1943 1322 1992 non
1358 1919 1449 1991 ab
1478 1934 1683 1991 oetate
1699 1922 1930 1991 solum
1947 1937 2227 2017 nostra,
2259 1950 2508 1997 verum

366 2039 587 2107 etiam
618 2062 658 2107 a
682 2037 1069 2133 dignitate3
1106 2050 1545 2133 tempusque
1575 2035 1926 2112 discessus
1956 2035 2512 2111 subabsurdum.

368 2145 879 2247 Relinquimus
917 2148 1111 2216 enim
1143 2169 1433 2244 pacem,
1472 2160 1556 2215 ut
1593 2144 1682 2215 ad
1717 2142 1995 2215 bellum
2031 2162 2514 2237 revertamur3

371 2256 727 2355 quodque
770 2257 1113 2355 temporis
1141 2256 1217 2325 in
1246 2253 1609 2354 praediolis
1638 2254 1904 2339 nostris
1929 2309 1949 2344 ,
1981 2268 2054 2327 et
2081 2254 2270 2329 belle
2295 2256 2515 2328 aedifi-

372 2370 585 2458 catiS‚
626 2383 699 2438 et
734 2369 899 2438 satis
936 2367 1240 2438 amoenis
1282 2367 1614 2436 consumi
1657 2365 1934 2461 potuit,
1985 2366 2060 2436 in
2097 2369 2511 2464 peregrina·

371 2480 570 2550 tione
596 2479 1113 2550 consumimus.
1148 2473 1636 2547 Consolantur
1661 2472 1863 2544 haec':
1897 2488 2023 2545 aut
2053 2476 2511 2572 proderimus

370 2586 644 2684 aliquid
684 2589 1061 2674 Ciceroni3
1096 2599 1260 2674 aut,
1299 2598 1658 2681 quantum
1696 2581 1952 2682 profici
2003 2589 2268 2680 possit,
2313 2587 2510 2683 judi-

370 2696 715 2775 cabimus.
752 2695 1031 2771 Deinde
1071 2710 1153 2766 tu
1193 2695 1341 2790 jam
1366 2749 1386 2782 ‚
1428 2708 1512 2765 ut
1555 2717 1809 2791 spere,
1863 2709 1937 2766 et
1973 2709 2056 2776 ut
2095 2701 2457 2794 promittis
2485 2751 2506 2785 ,

372 2807 639 2895 ederim
685 2805 887 2905 quod
922 2806 1221 2906 quidem
1262 2809 1321 2877 si
1349 2806 1722 2891 acciderit,
1765 2807 2011 2888 omnia
2043 2806 2256 2878 nobis
2293 2825 2508 2884 erunt

374 2918 691 2988 meliora.
728 2922 1038 2989 Maxime
1075 2931 1315 2994 autem
1354 2939 1468 2986 me
1517 2916 1717 3011 angit
1759 2920 1944 2990 ratio
2009 2917 2458 3014 reliquorum
2479 2929 2504 2975 ⁷

374 3049 703 3096 meorum
760 3052 777 3094 ε
846 3051 1007 3122 quae
1057 3049 1501 3123 quamquam
1568 3025 1918 3122 explicata
1975 3043 2188 3114 sunt,
2227 3043 2512 3108 tamen,

362 3133 574 3232 ⁴quod
618 3149 691 3206 et
731 3134 1117 3207 Dolabellae
1160 3159 1429 3206 nomen
1464 3135 1544 3205 in
1581 3135 1666 3203 iis
1709 3149 1858 3222 est,
1903 3149 1975 3205 et
2034 3135 2508 3209 attributione

373 3245 549 3324 mihi
607 3247 905 3316 nomina
932 3241 961 3288 ⁸
999 3245 1289 3342 ignota,
1345 3242 1803 3332 conturbor3
1859 3268 1994 3321 nec
2037 3269 2154 3321 me
2206 3244 2350 3316 ulla
2395 3271 2509 3318 res

373 3357 598 3454 magis
628 3358 825 3454 angit
864 3381 951 3428 ex
992 3347 1354 3427 omnibus·
1400 3359 1654 3454 ltaque
1700 3379 1848 3424 non
1891 3353 2067 3428 mihi
2111 3354 2361 3426 videor
2397 3381 2510 3427 er-

370 3455 597 3554 rasse,
633 3464 835 3564 quod
881 3463 972 3539 ad
1017 3462 1320 3537 Balbum
1362 3464 1617 3564 scripsi
1663 3467 2018 3560 apertius,
2058 3477 2170 3550 ut,
2220 3464 2281 3534 si
2327 3464 2506 3562 quid

368 3577 509 3648 tale
546 3575 949 3664 accidisset,
983 3590 1067 3647 ut
1102 3599 1253 3646 non
1291 3583 1856 3652 concurrerent9
1881 3573 2209 3657 nomina,
2247 3572 2503 3647 subve·
2543 3631 2550 3642 .

438 3815 489 3858 7.
518 3797 845 3862 Reliquorum.
887 3799 997 3848 Hoc
1036 3797 1149 3844 loco
1187 3795 1379 3860 reliqna
1541 3810 1592 3856 9.
1607 3794 1722 3841 Non
1739 3806 2098 3842 concurrerent.
2112 3795 2230 3844 Dies
2243 3801 2498 3846 nominum

366 3889 481 3925 sunt
502 3877 663 3925 debita
688 3874 914 3924 nondum
930 3887 1111 3924 exacta.
1136 3877 1269 3924 Eun.
1470 3871 1592 3920 milii
1613 3873 1964 3921 attributorum
1981 3889 2082 3926 uon
2109 3875 2364 3938 quadr-ret
2385 3893 2496 3925 enm

436 3951 485 3998 8.
521 3949 773 3998 Manutius
806 3947 924 4014 legit
940 3984 957 4010 ,
994 3969 1019 3990 α
1046 3960 1095 3996 et
1126 3945 1382 3994 attributio
1470 3968 1524 4000 ea
1555 3952 1634 4003 dic
1659 3969 1772 4016 qua
1800 3955 2071 4018 prostituta
2097 3967 2170 4004 est
2195 3955 2254 4002 iis
2281 3958 2502 4009 nomini-

366 4041 437 4075 εει
464 4029 583 4076 mihi
622 4029 875 4076 nominum
918 4031 1085 4092 ignota
1108 4051 1146 4075 n.
1193 4030 1381 4075 Ernest-
1470 4033 1582 4088 bus,
1610 4049 1722 4096 quae
1757 4034 1862 4097 ipse
1896 4033 2009 4090 feci,
2037 4033 2388 4095 dissolvendis;
2411 4036 2496 4084 sed

366 4106 531 4168 malit,
568 4120 615 4155 et
642 4108 690 4154 iu
720 4107 1050 4156 attributione.
1082 4107 1131 4156 J.
1156 4107 1222 4154 V.
1256 4110 1309 4154 L.
1472 4111 1722 4174 aliquanto
1745 4111 1940 4176 longior
1975 4125 2115 4163 esset.
2141 4113 2254 4160 Bon.

2141 4197 2253 4268 31.
