3019 4681
643 371 1190 446 EPISTOLAE
1240 371 1384 441 An
1431 371 1939 460 ΑΤΤῙΟΠΜ,
1982 373 2135 460 lx,
2182 395 2331 470 19·-
2398 369 2532 446 115

392 496 702 572 deletam
739 503 954 596 put03
987 494 1118 567 sed
1143 519 1240 566 no
1263 495 1430 592 quis
1458 517 1579 565 me
1603 509 1817 593 putet
1840 495 2201 592 ingratum
2236 497 2315 566 in
2340 519 2535 568 eum,

395 610 527 707 qui
561 633 682 680 me
727 608 990 678 levavit
1034 607 1122 676 iis
1165 602 1685 692 incommodis,
1726 603 1997 702 quibus
2036 603 2231 676 idem
2278 602 2535 678 affece-

397 735 546 804 ταῖς
583 733 658 790 et
698 719 953 804 simul,
998 715 1202 814 quod
1232 741 1346 804 ea,
1386 739 1551 814 quae
1590 712 1819 804 fiunt,
1860 730 1987 786 aut
2020 741 2185 813 quae
2212 729 2407 788 certe
2433 713 2545 788 fu-

283 833 290 842 ‘
399 843 564 900 tura
601 841 774 900 sunt
794 881 816 916 ,
855 827 1101 898 videre
1141 851 1294 898 non
1335 849 1653 924 possum.
1692 825 1921 896 Etiam
1961 825 2300 922 equidem
2338 849 2543 898 sena·-

401 938 860 1010 tusconsulta
891 935 1080 1008 facta
1113 934 1444 1035 quaedam
1481 937 1631 1032 jam
1670 949 1891 1034 puto;
1930 937 2211 1006 utinam
2253 937 2331 1006 in
2370 936 2542 1010 Vol-

401 1046 618 1121 catii⁵
677 1045 1158 1122 sententiam!
1214 1045 1356 1118 Sed
1419 1043 1604 1143 quid
1658 1042 1925 1118 refert?
1978 1049 2107 1116 Est
2156 1046 2353 1118 enim
2399 1071 2549 1118 una

402 1159 760 1245 sententia
811 1161 1170 1229 omnium.
1225 1155 1366 1228 Sed
1424 1158 1563 1227 erit
1614 1151 2179 1250 injustissimus⁶
2220 1159 2549 1244 Servius,

404 1275 536 1368 qui
573 1267 809 1344 filium
849 1269 1049 1339 misit
1082 1267 1174 1339 ad
1214 1265 1680 1364 effligendum
1702 1277 1727 1322 ⁷
1768 1269 1897 1336 Cn.
1930 1267 2357 1363 Pompeium
2380 1321 2399 1355 ,
2426 1283 2555 1339 aut

409 1392 607 1453 certe
657 1377 1096 1478 capiendum
1121 1431 1144 1466 ‚
1197 1402 1366 1450 cum
1422 1377 1685 1448 Pontio
1740 1377 2103 1448 Titiniano
2124 1371 2203 1448 ⁸:
2258 1379 2390 1450 etsi
2434 1376 2557 1450 hic

403 1490 704 1589 quidem
767 1489 1048 1560 timoris
1103 1494 1364 1576 ca‘usa3
1416 1486 1539 1559 ille
1595 1511 1770 1558 vero
1788 1487 1869 1557 9?
1921 1485 2062 1558 Sed
2110 1488 2547 1560 stomachari

405 1599 859 1688 desinamus»,
887 1613 960 1669 et
995 1596 1391 1694 aliquando
1427 1598 1863 1668 sententiam
1890 1607 1976 1686 ¹⁰,
2012 1612 2099 1668 ut
2130 1597 2313 1668 nihil
2338 1599 2550 1684 novi,

404 1713 544 1784 nisi
588 1709 662 1782 id
689 1763 710 1796 ‚
765 1707 971 1807 quod
1025 1711 1408 1780 minimum
1459 1707 1753 1795 vellem,
1802 1709 2137 1805 spiritum
2180 1708 2545 1806 reliquum

473 1893 524 1946 5.
567 1894 794 1944 Vulcatii.
821 1895 1056 1943 Fortassis
1087 1898 1145 1946 L.
1175 1894 1433 1943 Volcatius

401 1977 578 2024 Tullus
597 1975 882 2026 Consularis
907 1977 1197 2024 sententism
1215 1973 1433 2034 dixerat,

401 2058 474 2106 Ut
514 2056 576 2106 (le
617 2071 740 2121 paee
778 2054 926 2119 legati
971 2055 1296 2104 mitterentur.
1338 2052 1436 2104 Sed

404 2137 526 2202 quid
563 2135 742 2194 refert,
775 2135 963 2198 inquit,
993 2149 1055 2184 au
1085 2135 1146 2184 de
1178 2149 1297 2198 pace
1324 2148 1434 2198 aga-

409 2229 492 2265 tur
505 2219 528 2264 i’
550 2233 702 2280 quum
722 2215 790 2264 sit
811 2231 908 2264 una
927 2215 1163 2266 sententia
1191 2215 1435 2276 omnium,

403 2307 462 2346 ut
487 2297 772 2361 Pompeium
798 2307 850 2345 et
887 2295 1234 2361 rempublicam
1269 2295 1435 2359 oppri-

405 2387 567 2434 mant,
605 2366 841 2435 Caesirem
880 2376 1144 2424 defendant
1184 2388 1236 2423 et
1279 2375 1434 2423 atol-

405 2454 527 2504 laut.
557 2456 763 2503 Porus..

476 2534 528 2582 6.
547 2530 914 2599 Injmtssimm.
939 2533 1076 2583 Idem
1098 2542 1172 2581 est
1193 2550 1250 2581 ae
1267 2532 1432 2581 insen-

406 2612 642 2663 sissimus.
688 2612 892 2669 Pacem,
933 2612 1126 2675 inquit,
1165 2614 1220 2659 in
1261 2622 1432 2659 senatu

407 2692 516 2740 Ser.
555 2690 802 2755 Sulpicius
831 2690 1157 2749 dissuadebit,
1189 2691 1305 2754 quia
1340 2692 1431 2739 scit

409 2771 698 2834 Pompeium
708 2770 916 2819 amicum
929 2768 1022 2827 sibi
1037 2786 1300 2835 numquam
1311 2770 1432 2830 sore,

411 2850 644 2913 quoniam
669 2847 825 2899 fllium
857 2849 1168 2899 Brundisium
1201 2850 1333 2897 misit
1368 2847 1432 2896 ad

412 2944 522 2977 eum
545 2927 877 2992 effligeudum.
895 2930 987 2977 En.
1002 2953 1076 2966 --
1091 2928 1270 2977 Filium
1286 2928 1429 2977 misit.

413 3008 604 3071 Nempe
625 3007 688 3055 ad
712 3008 978 3055 exercitum
997 3007 1217 3058 Caesaris.
1247 3008 1340 3056 En.

485 3100 537 3147 7.
581 3084 925 3153 Effle‘gendum.
959 3086 1242 3135 Victoriana
1282 3086 1432 3135 editio

415 3165 532 3213 anni
559 3166 684 3227 ¹571
717 3165 788 3212 sic
806 3164 980 3213 habet:
1006 3166 1078 3213 sic
1098 3166 1438 3231 etMalaspina

415 3243 570 3291 libros
597 3260 714 3292 suos
745 3254 946 3293 testatur
977 3245 1155 3293 hahere
1189 3245 1254 3293 ad
1285 3262 1436 3295 uuum

417 3339 604 3371 omnes.
645 3326 808 3387 Quare
842 3340 942 3372 non
979 3334 1082 3372 erat
1113 3342 1201 3373 cur
1231 3341 1436 3385 vocem,

417 3418 529 3466 que
565 3402 736 3451 Plauto
783 3402 1028 3451 familiaris
1069 3414 1142 3451 est
1155 3438 1171 3463 ,
1214 3404 1296 3452 hie
1335 3389 1436 3452 nou

418 3482 690 3545 reciperent
719 3482 962 3531 nonnulli.
991 3481 1245 3549 Effice-e,
1279 3484 1440 3546 inquit

422 3560 642 3609 Graevius
658 3596 673 3621 ,
704 3571 778 3609 est
807 3560 1024 3626 perdere.
1060 3561 1276 3609 Verbum
1307 3562 1441 3609 istud

419 3640 668 3688 Ernestius
690 3640 880 3689 monuit
898 3654 998 3687 non
1019 3655 1122 3687 esse
1140 3640 1275 3704 apud
1292 3639 1439 3687 Nixo-

419 3717 558 3765 lium.
589 3719 740 3766 Ouv.

495 3799 548 3846 8.
583 3799 764 3847 Pontio
785 3796 1051 3847 Titiniano.
1088 3796 1214 3844 Filio
1238 3796 1442 3859 Titinii,

425 3877 512 3943 qui
531 3894 559 3925 a
584 3880 774 3928 Pontiis
791 3880 948 3928 fuerat
965 3878 1241 3941 adoptatus.
1263 3879 1354 3928 En.

497 3972 546 4021 9.
595 3959 690 4007 1110
723 3974 864 4008 vero.
911 3944 1272 4023 Axoume,
1309 3957 1448 4023 qussi

429 4038 587 4096 dicat,
621 4039 815 4087 Servius
837 4054 953 4087 vero
980 4034 1289 4101 cupiditatis,
1315 4048 1446 4089 certe

399 4104 408 4115 ’
431 4116 546 4165 mali
563 4116 769 4179 alicujus
790 4132 948 4166 musa.
973 4117 1132 4164 Con.

1604 1909 1685 1942 ro.
1704 1893 2024 1942 Sententiam.
2043 1890 2361 1958 subintellige
2376 1927 2393 1955 ,
2420 1894 2556 1943 dica·

1524 1988 1652 2022 mus.
1680 1999 1752 2009 —
1782 1973 1847 2019 Ut
1871 1971 1999 2020 nihil
2017 1971 2133 2019 novi
2156 1988 2175 2020 .·
2222 1971 2455 2021 dicamus.
2482 1999 2555 2012 -—-

1525 2051 1673 2115 Quod
1692 2051 1944 2102 mimum
1988 2067 2008 2098 .-
2060 2051 2161 2100 hoo
2202 2061 2277 2100 est
2309 2052 2436 2103 velle
2470 2067 2551 2104 me

1521 2132 1775 2182 minimum
1790 2130 1913 2180 mihi
1930 2130 2156 2195 spiritum
2170 2132 2413 2198 reliquum
2430 2151 2549 2186 esse.

1523 2211 1650 2260 Nam
1663 2247 1679 2271 ,
1697 2227 1758 2258 ne
1778 2211 1889 2275 quis
1902 2246 1917 2270 ,
1933 2209 2095 2275 quod,
2116 2211 2345 2261 inusitate
2363 2211 2550 2262 dictum

1522 2291 1621 2340 hoc
1666 2290 1816 2339 modo
1868 2301 2037 2356 putet3
2089 2292 2312 2357 exempla
2361 2293 2553 2359 aliquot

1521 2374 1719 2421 afferam
1731 2372 1947 2433 ejusdem
1956 2372 2223 2430 Ciceronis,
2240 2383 2297 2421 ut
2307 2372 2552 2423 dubitatio

1522 2451 1741 2500 tollatur.
1776 2450 1995 2516 Epistola
2022 2460 2083 2514 4,
2112 2451 2199 2500 lib.
2224 2454 2277 2501 Σ
2298 2468 2313 2503 :
2333 2476 2359 2497 ι
2380 2456 2545 2517 Quum

1520 2530 1821 2595 scripsisset,
1874 2531 2064 2595 inquit,
2096 2530 2236 2596 quod
2270 2548 2348 2581 me
2394 2550 2549 2599 eupe-

1521 2620 1597 2657 ret
1630 2609 1694 2657 ad
1734 2608 1921 2661 Urbe-
1954 2612 2121 2659 venire
2148 2630 2192 2661 ι.
2242 2612 2304 2660 Et
2344 2612 2433 2663 lib.
2468 2619 2549 2674 11,

1520 2688 1585 2737 de
1614 2690 1715 2738 Off.
1756 2704 1863 2753 esp.
1905 2704 2009 2738 ao:
2050 2710 2079 2732 ιι
2103 2691 2385 2741 Videndum
2422 2693 2547 2743 illud

1518 2766 1653 2827 item,
1670 2768 1808 2832 quod
1830 2769 1871 2815 si
1885 2768 2172 2832 opulentum
2184 2802 2199 2827 ‚
2220 2770 2545 2820 fortunatum-

1518 2862 1617 2911 que
1642 2847 1915 2896 defenderit
1928 2884 1944 2909 ,
1972 2848 2027 2897 in
2048 2848 2137 2895 mo
2158 2864 2289 2907 uno,
2313 2862 2399 2899 sut
2418 2852 2548 2900 forte

1519 2925 1573 2974 in
1608 2926 1775 2975 liberis
1802 2928 1906 2989 ejus
1938 2922 2127 2976 maneat
2155 2928 2306 2991 gratis
2326 2950 2367 2979 -.
2395 2932 2548 2982 Mur.

1519 3032 1591 3043 —-
1614 3006 1821 3053 Pulchre
1845 3006 1977 3053 hune
2002 3004 2167 3055 locum
2187 3006 2381 3055 videtur
2408 3010 2549 3057 resti·

1522 3086 1673 3135 tuisse
1689 3086 1972 3134 Gronovius
1994 3082 2161 3147 ὀπάνυ
2174 3120 2188 3143 ,
2212 3102 2356 3150 quem
2382 3087 2548 3151 legeu-

1526 3167 1645 3215 dum
1670 3182 1773 3215 esse
1800 3164 1971 3213 suadet
1991 3179 2006 3213 τ
2043 3186 2066 3208 ι
2086 3165 2386 3213 Stomachari
2420 3166 2546 3215 desi-

1524 3262 1725 3304 nemus,
1755 3256 1805 3293 et
1837 3242 2101 3308 aliquando
2134 3245 2397 3293 sentiamus
2423 3246 2545 3294 nihil

1526 3325 1671 3375 nobis
1700 3323 1794 3372 nisi
1821 3321 1913 3387 (id
1947 3322 2083 3387 quod
2108 3322 2306 3370 minime
2332 3324 2544 3388 vellem)

1525 3404 1749 3469 spiritum
1788 3402 2029 3467 reliquum
2069 3418 2172 3449 esse
2190 3421 2236 3450 n.
2285 3402 2396 3450 Hoc
2442 3415 2543 3464 est,

1526 3484 1851 3547 intelligamus
1889 3480 2086 3531 tandem
2119 3491 2172 3528 et
2205 3480 2546 3545 profiteamur,

1528 3562 1661 3610 nihil
1679 3562 1825 3611 uobis
1864 3576 2112 3626 superesse
2146 3570 2323 3625 praeter
2366 3563 2541 3625 vitam,

1529 3658 1625 3706 qus
1646 3642 1751 3706 ipsa
1772 3642 1914 3689 etiam
1934 3650 1989 3688 ut
2011 3654 2255 3687 eareamus
2277 3643 2547 3705 optandum

1532 3732 1648 3769 erat.
1675 3721 1850 3767 Omnis
1879 3719 1970 3766 alia
2006 3729 2057 3766 et
2082 3730 2363 3768 ornamenta
2391 3732 2439 3769 et
2470 3723 2548 3770 in·

1532 3809 1797 3848 strumenta
1823 3799 2101 3848 amisimus:
2128 3799 2249 3862 quid
2276 3800 2425 3863 igitur
2448 3814 2553 3852 sto·

1532 3878 1845 3927 machamur?
1869 3881 2006 3926 Vana
2032 3892 2105 3928 est
2130 3881 2235 3927 sine
2253 3882 2440 3931 viribus
2462 3885 2550 3933 ira.

1534 3961 1809 4009 Gnav.,—-
1842 3958 2085 4005 Gronovii
2112 3960 2463 4010 restitutionem
2502 3964 2557 4013 in

1542 4047 1729 4087 textum
1754 4036 1941 4102 recepit
1962 4037 2077 4087 Sch.
2097 4050 2149 4087 et
2161 4038 2329 4089 laudnt
2352 4042 2404 4091 J.
2419 4044 2481 4092 V.
2503 4046 2561 4091 1..

1546 4116 1601 4165 iu
1625 4106 1774 4166 notis.
1802 4116 1896 4165 En.

2265 4204 2330 4272 8.
