3019 4681
517 356 656 431 536
1165 360 1266 425 Μ.
1309 360 1384 425 Τ.
1436 358 1991 459 CICERONIS

509 500 750 557 vetere
777 482 1046 555 Graecia
1071 481 1296 580 digni.
1325 480 1442 551 Sic
1463 508 1639 556 vero
1656 480 1723 551 ,39
1740 482 2023 557 fallaces
2054 498 2227 559 suut
2260 486 2603 585 permulti
2626 542 2647 574 ,

512 611 584 669 et
604 596 798 668 leves
818 649 839 684 ,
889 607 962 665 et
1009 592 1353 665 diuturna
1389 598 1733 668 servitute
1766 594 1858 667 ad
1896 596 2191 667 nimiam
2228 583 2647 669 assentatib-

507 730 678 778 nem
709 704 997 777 eruditi.
1036 706 1241 795 Quos
1273 728 1410 803 ego
1451 705 1827 778 universos
1862 704 2195 779 adhiberi
2228 704 2643 794 liberaliter,

505 819 865 917 optimum
879 838 1251 917 quemque
1267 815 1591 914 hospitio
1629 816 2085 913 amicitiaque
2109 816 2456 913 conjungi
2480 815 2641 889 dico

493 942 876 1025 oportere:
909 926 1149 997 nimiae
1173 923 1683 999 familiaritates
1718 950 1973 999 eorum
2002 949 2243 1023 neque
2280 924 2641 997 tamfide-

505 1036 610 1109 les
653 1050 844 1108 sunt·
875 1036 1070 1133 (non
1111 1036 1306 1107 enim
1351 1035 1628 1107 audent
1674 1036 2035 1111 adversari
2084 1036 2355 1107 nostris
2382 1036 2639 1109 volun·

503 1142 855 1238 tatibus),
893 1160 968 1217 et
1002 1169 1174 1216 vero
1223 1144 1631 1219 invident⁴⁰
1674 1172 1825 1219 non
1876 1151 2139 1223 nostris
2188 1145 2429 1218 solum
2457 1201 2478 1234 ,
2518 1171 2638 1227 ve·

503 1280 670 1328 rum
713 1258 924 1327 etiam
969 1258 1136 1327 suis.

597 1370 753 1438 Jam
779 1368 1008 1464 quiin
1036 1367 1386 1462 ejusmodi
1413 1369 1669 1459 rebus,
1690 1372 1767 1441 in
1800 1368 2073 1469 quibus
2100 1392 2362 1441 vereor
2388 1368 2636 1453 etiam,

501 1500 594 1549 ne
617 1478 869 1551 durior
891 1478 1060 1567 sim,
1091 1495 1346 1553 cautus
1382 1506 1537 1555 esse
1572 1479 1785 1551 velim
1804 1534 1825 1567 ,
1856 1504 1941 1554 ac
1971 1478 2317 1579 diligens3
2342 1502 2499 1575 quo
2525 1502 2639 1549 me

499 1591 744 1660 animo
776 1592 852 1659 in
879 1613 1122 1661 servos
1163 1616 1316 1663 esse
1347 1590 1641 1664 censes?
1678 1613 1865 1688 quos
1900 1586 2199 1687 quidem
2228 1612 2461 1685 quum
2492 1608 2643 1657 om-

497 1697 718 1773 nibus
752 1702 830 1771 in
865 1698 1044 1775 locis
1065 1756 1084 1792 ,
1113 1716 1266 1775 tum
1307 1704 1667 1802 praecipue
1692 1702 1771 1771 in
1800 1698 2193 1798 provinciis
2227 1720 2479 1795 regere
2512 1696 2639 1769 de·

497 1806 754 1881 bemus
792 1835 810 1879 =
852 1833 1006 1906 quo
1057 1808 1150 1881 de
1185 1836 1451 1908 genere
1512 1809 1741 1882 multa
1777 1810 2070 1908 praecipi
2120 1821 2451 1907 possunt.
2502 1806 2639 1879 Sed

495 1918 638 1991 hoc
675 1932 748 1989 et
777 1916 1280 1992 brevissimum
1313 1936 1462 2011 est,
1489 1934 1567 1994 et
1600 1918 1937 1993 facillime
1972 1922 2209 1993 teneri
2246 1932 2528 2017 potest,
2558 1930 2639 1989 ut

493 2029 596 2099 ita
643 2054 720 2101 se
772 2046 1028 2127 gerant
1085 2036 1162 2102 in
1217 2033 1369 2103 istis
1415 2032 1737 2104 Asiaticis
1792 2029 2207 2119 itineribus,
2264 2044 2349 2101 ut
2402 2030 2465 2101 si
2506 2030 2639 2101 iter

493 2140 736 2237 Appia
773 2140 884 2209 via
903 2143 965 2191 ⁴¹
1017 2138 1290 2213 faceres
1303 2144 1416 2231 ⁴²3
1461 2126 1643 2213 neve
1684 2142 2029 2213 interesse
2070 2139 2473 2238 quidquam
2511 2164 2643 2238 pu-

425 2292 432 2301 1
499 2262 692 2338 tent,
722 2262 968 2319 utrum
993 2252 1263 2323 Tralles
1277 2249 1344 2309 ⁴³
1359 2275 1454 2321 an
1489 2252 1806 2325 Formias
1832 2253 2187 2323 venerint.
2230 2254 2359 2337 At,
2389 2254 2451 2320 si
2480 2250 2639 2348 quis

499 2372 610 2429 est
635 2384 726 2430 ex
753 2364 976 2432 servis
1004 2365 1286 2458 egregie
1321 2360 1553 2434 fidelis
1574 2417 1595 2448 ,
1625 2363 1717 2433 sit
1746 2364 1823 2432 in
1846 2360 2261 2436 domesticis
2286 2361 2543 2450 rebus,
2567 2374 2638 2433 et

499 2469 832 2567 privatis;
893 2494 1208 2566 quaes-es
1251 2471 1344 2542 ad
1379 2470 1725 2542 officium·
1750 2473 2035 2568 imperii
2076 2473 2235 2557 tui,
2284 2485 2508 2567 atque
2548 2469 2637 2542 ad

497 2579 812 2675 aliquam
845 2594 1122 2677 partem
1161 2580 1576 2677 reipublicae
1604 2577 2119 2678 pertinebunt,
2159 2578 2250 2650 de
2278 2579 2388 2652 his
2414 2579 2638 2652 rebus

497 2713 594 2759 ne
646 2687 828 2785 quid
881 2689 1206 2787 attingat.
1261 2689 1766 2776 Multa.enim‚
1828 2713 1992 2788 quae
2034 2703 2230 2762 recte
2282 2691 2639 2760 committi

499 2799 718 2870 servis
753 2796 1090 2872 fidelibus
1133 2815 1486 2898 possunt,
1534 2815 1811 2888 tamen,
1852 2803 2207 2872 sermonis
2245 2813 2317 2872 et
2348 2800 2637 2896 vitupe-

487 2909 797 2987 rationis
829 2908 1136 2981 vitandae
1175 2935 1426 2996 causa,
1464 2908 1989 2983 committenda
2025 2933 2177 2980 non
2214 2924 2409 2981 sunt.

591 3018 728 3090 Sed
767 3021 1013 3091 nescio
1051 3047 1204 3119 quo
1237 3037 1454 3121 pacto
1489 3021 1581 3094 ad
1619 3019 2082 3120 praecipiendi
2124 3021 2489 3092 rationem
2520 3019 2639 3092 de-

495 3131 690 3227 lapsa
721 3145 830 3202 est
859 3132 1091 3202 oratio
1120 3155 1308 3222 mea,
1349 3155 1583 3230 quum
1614 3129 1688 3202 id
1718 3130 1897 3202 mihi
1926 3130 2384 3229 propositum
2424 3130 2636 3201 initio

491 3264 646 3312 non
681 3238 952 3314 fuisset.
1009 3241 1206 3333 Quid
1241 3245 1434 3313 enim
1479 3243 1547 3314 ei
1592 3244 2040 3341 praecipiam,
2108 3263 2329 3336 quem
2374 3263 2516 3337 ego
2561 3240 2635 3312 in

529 3501 540 3513 ,
569 3454 1112 3520 39.Schiitz.1escripsit
1146 3455 1329 3505 ..Nune
1347 3472 1461 3505 voro
1475 3477 1515 3504 ι.
1679 3464 1763 3512 Ιμ.
1788 3454 1953 3520 Appia
1988 3453 2100 3504 via.
2144 3453 2205 3502 Id
2240 3465 2342 3514 est,
2389 3454 2483 3502 nuh
2520 3455 2636 3520 ipsis

496 3535 655 3594 Male3
677 3551 790 3584 nam
815 3535 921 3582 «sic
938 3551 1057 3584 vero
1073 3557 1098 3575 υ
1118 3535 1247 3584 valet
1263 3547 1356 3586 «ut
1383 3553 1516 3584 nunc
1605 3537 1777 3584 Romae
1813 3534 1987 3582 oculis·
2021 3535 2140 3582 Erat
2174 3543 2337 3581 autem
2367 3533 2533 3598 Appia
2562 3535 2635 3582 via

493 3629 614 3662 vero
639 3625 752 3661 sunt
767 3625 809 3660 ··.
835 3616 868 3661 J
873 3615 960 3662 ,ἱ
984 3616 1037 3663 L.
1603 3618 1731 3663 iuter
1757 3617 1965 3664 Romam
1997 3625 2047 3663 et
2080 3615 2300 3679 Capuam
2314 3645 2334 3674 ,
2376 3611 2443 3662 ab
2466 3614 2635 3680 Appio

567 3701 649 3748 ko.
675 3694 744 3739 Ee
765 3709 888 3741 vero
915 3693 1144 3742 invident.
1164 3694 1278 3744 Nou
1305 3705 1515 3759 possunt
1602 3693 1813 3744 Claudio
1838 3703 2007 3742 sti-ata.

495 3786 600 3818 esse
614 3769 807 3832 fideles,
823 3773 937 3836 quis
957 3771 1103 3820 nobis
1119 3773 1366 3823 invident:
1385 3775 1515 3822 sicut
1680 3781 1763 3832 ⁴²·
1784 3775 2009 3822 Faceres.
2038 3773 2232 3822 Ernest.
2256 3784 2535 3822 comet-at
2544 3775 2633 3839 ja·-

435 3867 440 3872 ·
495 3848 723 3898 invident
759 3851 902 3898 etiam
942 3853 1070 3913 suis,
1101 3867 1196 3917 qua
1231 3863 1368 3918 parte
1393 3869 1518 3918 με·
1606 3851 1727 3899 cius.
1752 3852 1873 3901 J.V.
1902 3854 1958 3914 L.

497 3937 642 3976 ⁸tant.
681 3927 893 3990 Quidam
927 3930 1191 3979 extrudunt
1232 3932 1519 3996 particulam
1680 3931 1767 3988 43.
1796 3933 1966 3978 Utrum
1994 3931 2183 3979 Tralles
2202 3947 2272 3979 an
2298 3932 2528 3980 Formias
2546 3947 2633 3981 ve·

493 4022 618 4056 vero
633 4025 654 4064 ,-
673 4005 760 4055 sed
775 4008 972 4056 retineri
991 4007 1136 4058 debet
1148 4044 1162 4069 ,
1183 4011 1296 4075 quis
1312 4027 1515 4078 respon·
1606 4010 1785 4058 ner-ine.
1813 4009 2013 4058 stanes.
2040 4008 2170 4058 Urbs
2202 4010 2391 4075 Lydia.
2410 4011 2631 4060 Fannia.

498 4087 579 4136 det
607 4086 844 4153 superiori
867 4087 1118 4151 particule
1145 4105 1317 4155 neque.
1603 4088 1731 4138 Urbs
1756 4089 1877 4138 novi
1902 4088 2028 4138 Latii
2054 4088 2116 4138 ad
2142 4104 2287 4138 mare.
