3019 4681
553 287 683 358 182
1185 287 1288 358 M.
1339 291 1416 357 T.
1471 291 2051 360 CICERONIS

545 407 872 480 Eodem9
927 411 1241 504 Corcyra
1295 407 1491 481 filius
1544 415 1765 482 venit.
1831 411 2013 483 Inde
2068 409 2433 511 profectos
2457 423 2519 456 ¹⁰
2560 437 2683 484 eos

547 544 696 590 una
734 543 902 590 cum
937 521 1198 590 ceteris
1229 519 1563 592 arbitror.

621 701 679 749 9.
703 687 908 737 Eodem.
939 689 1104 735 Patras
1124 703 1137 737 :
1156 701 1214 737 ut
1230 688 1293 736 sit
1312 690 1490 753 potius,
1514 691 1579 740 ad
1742 709 1822 740 ιο.
1836 690 2102 757 Profectus.
2111 691 2190 742 Ad
2206 692 2443 740 Caesarem
2460 693 2511 739 in
2526 691 2685 740 Asiam

549 765 776 815 eumdem
819 767 985 815 locum
1009 769 1184 830 Quinti
1213 768 1370 817 filium
1393 771 1541 818 fuisse
1561 804 1576 829 ,
1665 779 1723 818 nt
1770 771 2165 836 deprecarentur.
2222 773 2335 820 Hoc
2384 781 2585 836 apparet
2628 786 2685 817 ex

461 873 468 886 ·
552 861 698 909 quam
733 846 908 896 eodem
932 849 1119 896 animo.
1147 849 1294 899 Mu.
1487 849 1492 854 ’
1666 850 1811 914 epist.
1842 863 1947 912 seq.
1970 853 2064 900 En.

555 1001 646 1020 m
651 1001 1108 1023 mmmm

1385 1003 1474 1024 m
1479 1003 2681 1027 mmmmmmmm

1235 1149 1832 1229 EPISTOLA
1884 1151 2033 1229 VI.

556 1304 774 1364 Scribit
787 1325 850 1364 se
873 1307 1156 1367 discessus
1177 1307 1252 1367 ab
1278 1309 1450 1368 armis
1475 1330 1595 1368 non
1622 1311 1936 1389 poenitere,
1962 1311 2133 1369 malle
2164 1322 2359 1368 autem
2387 1310 2449 1366 in
2478 1307 2693 1387 oppido

637 1404 834 1482 aliquo
863 1417 1026 1464 extra
1052 1406 1276 1464 Italiam
1309 1406 1614 1480 resedisse,
1646 1409 1904 1485 petitque
1930 1420 1997 1466 ut
2018 1408 2247 1468 Atticus
2272 1427 2405 1466 cum
2431 1405 2613 1466 Balbo
2642 1417 2694 1462 et

642 1503 840 1580 Oppio
869 1515 1019 1582 agat.
1050 1507 1140 1562 De
1167 1504 1374 1562 Tulliae
1399 1504 1646 1577 morbo;
1678 1503 1753 1563 de
1788 1505 2092 1584 Pompeio,
2118 1506 2341 1564 Fannio
2370 1517 2431 1562 et
2457 1502 2695 1563 Lentulo

644 1600 840 1672 σταδίῃ
880 1599 955 1659 de
998 1603 1072 1674 Q.
1117 1601 1296 1660 fratre
1336 1601 1398 1658 in
1427 1600 1625 1664 Asiam
1658 1602 1943 1682 profecto.
1987 1603 2254 1678 Denique
2294 1603 2491 1662 literas
2528 1597 2695 1660 Attici

640 1700 920 1777 exposcit.
942 1699 1291 1779 (Brundisii,
1325 1719 1478 1760 anno
1507 1705 1583 1762 U.
1603 1704 1671 1760 C.
1698 1701 1811 1774 705
1830 1743 1849 1772 ,
1888 1721 2085 1760 mense
2116 1697 2295 1779 nov.)

1247 1865 1567 1931 CICERO
1611 1867 1931 1932 A'I'rlco
1978 1865 2040 1932 S.

667 2021 1108 2088 Sonmcrrmu
1144 2040 1299 2086 esse
1344 2031 1418 2086 te
1471 2042 1705 2114 quum
1747 2016 1836 2088 de
1872 2020 2015 2088 tuis
2052 2015 2699 2113 communibusque

571 2125 924 2217 fortunis,
979 2141 1135 2197 tum
1191 2129 1502 2198 maxime
1558 2125 1650 2202 de
1707 2151 1866 2216 me,
1916 2152 2001 2199 ac
2056 2126 2148 2198 de
2203 2121 2456 2198 dolore
2507 2151 2699 2212 mee,

573 2237 849 2309 sentio:
887 2237 1018 2335 qui
1065 2234 1362 2335 quidem
1409 2237 1624 2312 dolor
1650 2265 1878 2312 .meus
1928 2264 2082 2310 non
2128 2237 2351 2310 modo
2394 2264 2549 2310 non
2586 2237 2699 2308 mi·

570 2349 863 2433 nuitur,
921 2375 1151 2447 quum
1207 2351 1486 2421 socium
1528 2350 1668 2421 sihi
1714 2350 2044 2449 adjungit
2084 2349 2417 2421 dolorem
2468 2364 2701 2432 tuum,

575 2460 698 2531 sed
739 2461 950 2532 etiam
987 2478 1312 2559 augetur.
1355 2464 1680 2535 O'mnino
1715 2487 1849 2559 pro
1877 2476 2003 2533 tua
2040 2461 2431 2559 prudentia
2458 2460 2703 2541 sentiS‚

573 2596 719 2668 qua
749 2571 1244 2645 consolatione
1273 2573 1493 2644 levari
1522 2576 1835 2643 maxime
1876 2575 2171 2669 possim.
2208 2568 2481 2643 Probas
2522 2571 2701 2642 enim

573 2705 821 2753 meum
862 2685 1283 2773 consilium,
1323 2708 1692 2781 negasque
1733 2682 1914 2754 mihi
1949 2682 2352 2781 quidquam
2383 2682 2509 2753 tali
2546 2696 2705 2752 tem-

576 2817 757 2891 pore
795 2796 1041 2891 potius
1072 2793 1486 2867 faciendum
1524 2792 1764 2871 fuisse.
1802 2792 2027 2864 Addis
2060 2795 2277 2865 etiam
2310 2791 2555 2889 (quod
2588 2791 2705 2863 etsi

578 2902 760 2975 mihi
811 2903 1038 2975 levius
1091 2918 1201 2975 est
1230 2958 1248 2990 ,
1306 2928 1529 3001 quam
1580 2920 1790 2975 tuum
1831 2902 2232 2998 judicium,
2280 2918 2520 2975 tamen
2568 2926 2701 2972 non

580 3028 688 3083 est
735 3013 971 3103 leve),
1026 3014 1282 3113 ceteris
1331 3040 1635 3113 quoque
1663 3069 1684 3105 ,
1742 3012 1817 3087 id
1876 3029 2025 3101 est,
2072 3015 2203 3111 qui
2260 3010 2550 3111 pondus
2588 3010 2701 3083 ha·

578 3122 840 3214 beant,
892 3123 1161 3197 factum
1215 3141 1551 3197 nostrum
1600 3125 1919 3223 probari.
1966 3125 2051 3196 Id
2101 3128 2159 3195 si
2211 3126 2309 3195 ita
2350 3138 2699 3222 putarem,

561 3235 818 3337 ‘levius
855 3234 1200 3306 dolerem.
1223 3226 1498 3323 Crede,
1536 3236 1781 3332 inquis
1801 3290 1821 3324 ‚
1850 3234 2051 3306 mihi.
2082 3233 2321 3307 Credo
2352 3234 2701 3332 equide1n;

507 3368 513 3375 ·
583 3344 706 3416 sed
758 3346 941 3433 scic,
993 3370 1216 3444 quam
1276 3346 1522 3441 cupias
1573 3348 1852 3417 minui¹
1907 3344 2237 3417 dolorem
2290 3370 2557 3416 meum.
2602 3348 2701 3418 Me

584 3455 990 3528 discessisse
1035 3456 1127 3527 ab
1179 3460 1436 3543 armi5‚
1477 3481 1878 3554 numquam
1920 3456 2312 3555 poenituit:
2352 3470 2547 3525 tanta
2572 3467 2701 3526 erat

541 3660 546 3667 .
589 3568 663 3638 in
702 3566 892 3638 illis²
929 3566 1316 3638 crudelitas
1341 3621 1360 3653 ‚
1395 3580 1593 3637 tanta
1628 3592 1791 3637 cum
1826 3564 2154 3637 barbaris
2190 3564 2526 3663 gentibus
2560 3588 2699 3635 con·

582 3679 866 3774 junctio
897 3734 920 3767 ‚
959 3692 1042 3749 ut
1093 3701 1242 3749 non
1287 3680 1713 3749 nominatim
1740 3732 1760 3762 ‚
1810 3677 1935 3748 sed
1978 3677 2381 3773 generatim
2416 3674 2697 3773 'proscri-

665 3879 710 3911 ι.
727 3861 826 3909 Sed
836 3860 961 3915 scio,
983 3876 1136 3925 quam
1159 3860 1328 3925 cupias
1355 3861 1515 3909 mitani
1533 3861 1617 3908 do-
1702 3859 1881 3923 flngts‚
1916 3876 2064 3923 quam
2098 3874 2266 3907 verum
2300 3858 2391 3917 sit3
2412 3858 2560 3908 modo
2576 3870 2699 3913 utme

590 3943 743 3990 Iov-em
765 3956 940 3989 meum.
957 3942 1028 3987 Ut
1053 3940 1254 3989 fort-ue
1276 3941 1499 4005 pluribus
1525 3956 1615 3989 no·
1702 3938 1984 3988 consoleris.
2010 3940 2127 3987 Sca.

591 4022 704 4069 stris
739 4020 906 4068 amicis
942 4034 1101 4067 meum
1129 4020 1388 4068 consilium
1411 4018 1615 4084 probari
1776 4034 1823 4069 a.
1843 4018 1899 4065 In
1920 4017 2037 4069 illis.
2064 4016 2391 4086 Pompeianis..
