3019 4681
473 393 604 464 108
1098 397 1196 464 Μ.
1248 397 1324 465 Τ.
1381 397 1959 483 CICERONIS

633 609 952 675 MATIUS
995 611 1111 674 ET
1154 611 1630 675 TREBATIUS
1674 581 2089 674 CICERONI
2134 608 2311 672 ΙΜΡ.
2359 609 2421 673 S.
2502 630 2507 634 ’

559 781 786 868 Quum
823 782 1072 876 Capua
1106 780 1531 868 exissemus,
1574 779 1652 848 in
1688 779 1946 850 itinere
1987 774 2345 848 audiimus
2383 779 2595 845 Pom·

459 889 706 986 peium
750 888 1136 959 Brundisio
1179 913 1240 959 a.
1284 888 1356 960 d.
1387 914 1511 959 xvl
1538 899 1559 933 ¹
1602 887 1895 959 kalend.
1934 886 2133 986 april.
2174 911 2339 958 cum
2366 887 2637 976 omni-³

460 996 606 1070 bus
644 997 874 1095 copiis
900 1052 919 1087 ,
971 1022 1151 1095 quas
1207 997 1464 1070 habuit
1484 1053 1503 1085 ,
1562 997 1971 1096 profectum
2016 1021 2205 1085 esse3
2254 1000 2602 1068 Caesarem

464 1091 760 1206 postero
797 1103 914 1178 die
946 1109 1024 1178 in
1060 1108 1414 1208 oppidum
1458 1110 1831 1197 introisse;
1873 1112 2382 1180 concionatum
2411 1131 2602 1192 esse3

461 1217 637 1290 inde
685 1222 987 1290 Romam
1029 1220 1529 1308 contendisse3
1574 1218 1759 1290 velle
1803 1233 1969 1290 ante
2005 1218 2289 1291 kalend.
2335 1242 2486 1290 esse
2514 1216 2605 1288 ad

465 1326 743 1400 Urbem
766 1383 785 1416 ,
817 1342 890 1399 et
916 1353 1184 1427 paucos
1224 1328 1378 1401 dies
1419 1330 1523 1400 ibi
1566 1330 1997 1400 commorari
2018 1383 2040 1416 ,
2078 1328 2341 1398 deinde
2374 1328 2451 1397 in
2486 1327 2607 1397 Hi-

468 1440 754 1534 spanias
781 1437 1160 1536 proficisci.
1200 1437 1431 1512 Nobis
1460 1465 1614 1510 non
1645 1439 1958 1511 alienum
1988 1440 2223 1513 visum
2254 1451 2391 1524 est,
2426 1461 2606 1534 quo·

467 1549 662 1618 niam
683 1547 773 1619 de
799 1546 1110 1619 adventu
1134 1551 1424 1621 Cae'saris
1454 1575 1592 1650 pro
1615 1564 1815 1621 certo
1831 1547 2311 1635 habebamus,
2338 1571 2608 1646 pueros

465 1654 556 1726 ad
589 1671 658 1728 te
687 1658 1054 1730 remittere
1071 1669 1127 1748 ²,
1159 1673 1243 1730 ut
1287 1660 1361 1731 id
1404 1675 1484 1730 tu
1522 1685 1741 1758 quam
1774 1662 2089 1758 primum
2120 1661 2357 1730 scires.
2401 1662 2607 1729 Man-

467 1768 630 1839 data
677 1782 800 1840 tua
853 1767 1063 1841 nobis
1110 1794 1298 1841 curae
1341 1787 1549 1857 sunt,
1592 1795 1865 1867 eaque,
1908 1785 1991 1840 ut
2033 1785 2322 1866 tempus
2358 1781 2610 1866 postu-

461 1879 661 1970 larit,
695 1905 1012 1978 agemus.
1043 1879 1422 1960 Trebatius
1466 1881 1785 1952 Scaevola
1812 1879 1981 1952 facit
2002 1877 2056 1970 ³,
2092 1894 2177 1950 ut
2204 1877 2604 1950 antecedat.

462 1989 781 2088 Epistola
837 1992 1286 2088 conscripta,
1341 1992 1766 2062 nuntiatum
1812 2005 1921 2062 est
1962 1987 2178 2060 nobis
2200 2043 2219 2079 ,
2262 1993 2612 2061 Caesarem

465 2124 527 2170 a.
560 2100 629 2170 d.
659 2125 790 2170 vm
817 2099 954 2170 kal.
983 2101 1189 2199 april.
1230 2103 1625 2173 Beneventi
1660 2126 2083 2173 mansurum
2104 2155 2123 2190 ,
2152 2125 2218 2172 a.
2248 2099 2319 2172 d.
2348 2124 2449 2172 vu
2476 2101 2612 2170 Ca·

469 2233 665 2308 puae,
701 2235 760 2280 a.
792 2209 859 2279 d.
895 2236 964 2280 vi
991 2213 1360 2282 Sinuessoe.
1390 2217 1549 2281 Hoc
1577 2236 1709 2309 pro
1736 2227 1936 2283 certo
1964 2227 2326 2308 putamus„

545 2429 588 2460 ι.
617 2418 665 2460 Α
695 2412 747 2460 d.
775 2414 907 2459 XVI
922 2411 1115 2461 kalend.
1136 2412 1494 2461 Animadvertit

464 2494 517 2541 J.
535 2494 597 2538 V.
622 2494 677 2538 L.
703 2490 830 2537 hanc
851 2489 980 2537 diem
1002 2492 1210 2539 multum
1239 2492 1423 2539 variare
1440 2492 1496 2539 in

1590 2432 1599 2443 ·
1628 2416 1705 2462 ¹3.
1735 2414 1875 2463 Facie
1898 2425 1954 2462 ut
1996 2414 2271 2464 antecedat.
2298 2414 2517 2461 Romana
2544 2412 2616 2461 le·-

1581 2494 1794 2559 pidaque
1838 2492 2035 2541 dicendi
2073 2494 2197 2540 ratio
2220 2528 2237 2555 ,
2281 2508 2377 2557 qua
2424 2502 2616 2557 tempus

461 2570 542 2633 bis
566 2569 738 2618 literis.
767 2570 896 2618 Nam
921 2572 1063 2635 epist.
1102 2574 1134 2619 ὃ
1179 2571 1406 2619 scribitur
1429 2569 1493 2618 ad

465 2651 758 2700 Ciceronem
778 2650 1064 2713 Pompeium
1089 2652 1274 2698 venisse
1289 2668 1335 2697 a.
1367 2650 1416 2699 d.
1439 2666 1493 2696 tv

463 2745 581 2777 non.
602 2739 742 2776 mart.
761 2730 872 2791 Ipse
887 2728 950 2775 ad
965 2729 1116 2777 Attio.
1131 2729 1298 2777 scribit
1313 2764 1329 2788 ,
1347 2730 1492 2792 epist.

471 2810 534 2857 15
547 2843 562 2865 ,
610 2808 888 2871 profectum
927 2806 1090 2855 idibus
1137 2818 1276 2857 mart.
1318 2811 1497 2856 Veram

463 2887 670 2935 sortasse
701 2885 833 2933 diem
857 2902 991 2933 nuuc
1021 2885 1216 2950 signant
1245 2886 1431 2935 Matius
1451 2896 1500 2933 et

463 2964 739 3014 Trebatius.
756 2964 1084 3029 Malasp.idus
1100 2966 1294 3015 martias
1311 2966 1499 3025 maluit,

465 3056 522 3093 ut
543 3043 815 3092 similitudo
841 3045 968 3109 sugae
991 3045 1208 3109 Pompeii
1228 3062 1337 3092 cum
1362 3043 1494 3092 caede

465 3125 668 3174 Caesaris
685 3124 891 3172 intersit.
918 3124 1050 3172 Just.
1088 3126 1282 3188 Lipsius
1296 3159 1313 3182 ,
1331 3140 1494 3171 errore

463 3205 624 3262 Orosi,
636 3216 686 3252 et
699 3204 822 3251 mala
833 3204 1081 3252 Plutarchi
1093 3204 1495 3267 interpretatione

465 3284 698 3331 inductus
715 3317 730 3342 ,
758 3293 929 3329 contra
953 3283 1113 3346 ipsum
1134 3284 1419 3331 Ciceronem
1445 3298 1492 3329 a.

469 3362 519 3409 d.
547 3378 600 3409 κν
627 3360 732 3411 hul.-
751 3375 892 3410 mart.
933 3362 1220 3426 Pompeium
1257 3376 1494 3408 conscen-

469 3439 596 3487 disse
643 3440 777 3489 dicit.
825 3444 972 3489 Hune
1015 3440 1288 3487 acutissime
1323 3438 1499 3487 refellit

469 3518 547 3567 M.
571 3517 634 3565 de
654 3518 943 3573 chambot-s,
963 3517 1093 3568 Hise.
1114 3519 1177 3567 de
1194 3518 1502 3566 I'Acade‘mae'e

471 3596 555 3645 des
570 3598 800 3661 Inscript.
827 3614 949 3645 ann.
991 3599 1137 3659 2738.
1165 3600 1259 3646 En.
1415 3598 1424 3616 ⁸

545 3690 594 3721 a.
619 3676 795 3723 Pueros
822 3676 897 3723 ad
925 3690 971 3725 re
999 3676 1254 3725 remittere.
1280 3676 1378 3739 Qui
1401 3676 1501 3722 for-

1581 2574 1806 2636 actioque
1856 2570 2162 2620 describitur.
2210 2570 2354 2619 Facit
2393 2572 2523 2618 enim
2560 2582 2617 2617 ut

1584 2650 1873 2709 antecedat,
1888 2650 2018 2697 idem
2035 2650 2179 2707 valet,
2195 2648 2331 2713 quod
2352 2648 2615 2698 antecedit.

1587 2730 1666 2777 sic
1692 2730 1815 2776 infra
1834 2728 1921 2777 lib.
1938 2730 2013 2776 11
2035 2742 2048 2776 τ
2069 2730 2176 2776 -Eo
2190 2728 2283 2775 feci
2296 2762 2311 2783 ,
2330 2738 2384 2775 ut
2399 2728 2619 2775 celeriter

1588 2810 1725 2857 eunti
1752 2808 1915 2855 darem
1935 2828 1958 2849 a
1978 2823 1993 2865 3
2013 2822 2107 2870 pro
2128 2822 2188 2854 eo
2204 2807 2340 2870 quod
2366 2816 2463 2867 eat,
2485 2806 2619 2854 dedi.

1588 2890 1711 2936 Item
1753 2888 1934 2951 Ampio
1974 2884 2128 2933 Balbo
2150 2922 2165 2947 ,
2204 2884 2333 2933 libro
2369 2880 2532 2951 epist(
2556 2884 2620 2935 ad

1588 2968 1891 3029 Torquatum
1914 2978 1929 3014 ε
1950 2986 1975 3006 α
1990 2964 2135 3011 Plane
2158 2963 2225 3011 ita
2243 2962 2451 3023 faciunt,
2466 2977 2525 3013 ut
2541 2980 2621 3013 me

1582 3047 1727 3093 unice
1763 3044 1968 3108 diligant
1988 3066 2011 3085 ιι
2043 3058 2057 3091 :
2080 3043 2218 3106 quod
2244 3054 2351 3103 est,
2372 3060 2449 3091 me
2475 3045 2621 3092 unice

1584 3123 1812 3187 diligunt.
1828 3122 2322 3172 Min.-Amecedae
2331 3123 2411 3170 hic
2422 3124 2621 3188 proprie

1582 3204 1847 3268 accipitur,
1878 3220 1969 3267 pro
1985 3236 1999 3259 ,
2028 3203 2165 3266 prior
2185 3204 2278 3251 iter
2298 3202 2429 3251 ineat
2459 3202 2525 3251 ad
2546 3214 2620 3269 te,

1586 3298 1729 3345 quam
1755 3296 1847 3343 ego
1860 3315 1875 3340 ‚
1891 3280 1979 3344 qui
1998 3296 2198 3343 sequar-3
2224 3296 2279 3327 ac
2297 3280 2431 3344 priua
2452 3280 2517 3327 ad
2535 3296 2622 3328 vos

1589 3361 1774 3415 veniat,
1801 3375 1948 3422 quam
1978 3359 2084 3424 ipse
2109 3359 2297 3418 Caesar,
2322 3369 2376 3406 ut
2417 3370 2505 3407 tuo
2537 3358 2621 3406 de-

1588 3438 1769 3487 siderio
1804 3454 1916 3485 cum
1942 3436 2029 3484 illo
2068 3436 2305 3500 loquendi
2343 3448 2455 3485 aute
2496 3454 2621 3485 con-

1588 3532 1803 3583 gressum
1838 3526 1977 3563 tuum
2014 3532 2125 3563 cum
2168 3517 2353 3565 Caesare
2399 3516 2620 3566 satisfiat.

1588 3600 1766 3647 Ganv.
1794 3621 1865 3631 -—
1887 3592 2087 3643 Schiitz.
2116 3606 2167 3642 et
2194 3596 2378 3659 Popma
2404 3586 2624 3643 {Seecvola

1590 3676 1813 3739 ineptum
1824 3672 2077 3749 judicant,
2098 3682 2147 3720 et
2166 3684 2413 3736 reponunt
2430 3674 2628 3735 sedulo,

473 3766 599 3802 tasse
623 3753 819 3817 longius
835 3772 920 3803 eos
943 3758 1222 3807 comitaturi
1239 3754 1505 3813 eraut,nisi
1597 3752 1733 3817 quod
1758 3768 1861 3800 non
1887 3751 2117 3816 reprobat
2128 3754 2161 3800 J
2167 3788 2177 3798 .
2198 3754 2261 3799 V.
2289 3754 2344 3799 L.
2370 3756 2483 3801 l-loc
2508 3768 2623 3801 con·

483 3834 580 3881 hoc
605 3834 874 3884 incidisset.
895 3838 1010 3884 Seu.

1600 3830 1762 3879 firmat
1782 3847 1863 3894 ep.
1888 3848 1907 3877 x
1922 3846 1947 3891 ⁶7
1976 3830 2094 3878 inst.
2125 3830 2291 3878 initio.
2312 3832 2407 3878 En.

1266 4032 1276 4037 .
1363 4014 1757 4041 ψ
