3019 4681
493 347 658 420 ’688
815 349 1360 418 EPISTOLAE
1409 350 1605 420 CIC.
1656 351 1780 420 ET
1828 353 2195 440 BRUTI,
2242 352 2351 424 16.

513 470 732 544 vendi
773 473 1096 542 minuere
1140 473 1478 568 potuerit.
1514 472 1697 544 Mihi
1726 472 2026 570 quidem
2054 477 2153 546 ita
2193 474 2452 549 beatus
2490 504 2645 553 esse

511 583 838 671 videbor,
861 583 920 656 si
948 579 1170 652 modo
1197 595 1611 654 constanter
1650 607 1734 654 ac
1770 600 2126 682 perpetuo
2158 584 2473 684 placebit
2500 589 2645 663 hoc

507 693 924 778 consilium,
977 705 1060 762 ut
1103 689 1397 761 relatam
1431 707 1684 789 putem
1722 695 2021 789 gratiam
2060 693 2390 791 pietati¹³
2446 722 2639 771 meae.

509 802 705 894 Quid
732 803 926 874 enim
953 815 1062 872 est
1097 800 1354 870 melius
1374 855 1395 889 ‚
1422 825 1641 897 quam
1668 803 2015 874 memoria
2050 818 2246 876 recte
2276 804 2639 880 factorum

507 930 582 988 et
615 913 940 986 libertate
986 925 1406 982 contentum
1445 911 1811 1008 negligere
1854 911 2209 984 humana?
2250 915 2392 987 Sed
2444 933 2639 989 certe

503 1046 658 1096 non
694 1018 1160 1094 succumbam
1203 1019 1851 1092 succumbentibus
1879 1048 1899 1110 ;
1932 1047 2069 1094 nec
2101 1025 2349 1096 vincar
2382 1027 2474 1099 ab
2512 1031 2635 1117 iis,

503 1136 634 1231 qui
665 1158 739 1204 se
771 1133 958 1202 vinci
995 1127 1294 1216 volunt;
1337 1133 1853 1228 experiarque,
1892 1147 1963 1203 et
2006 1134 2311 1207 tentabo
2348 1141 2634 1228 omnia;

499 1267 740 1341 neque
789 1241 1124 1313 desistam
1175 1239 1590 1312 abstrahere
1653 1265 1696 1312 a
1738 1245 2029 1314 servitio
2085 1247 2443 1319 civitatem
2495 1274 2630 1319 no-

497 1369 750 1426 stram·
771 1353 844 1422 Si
880 1363 1185 1446 sequuta
1217 1346 1471 1434 fuerit,
1514 1373 1676 1446 quae
1704 1349 1963 1439 debet,
1997 1350 2323 1444 fortuna;
2362 1357 2629 1454 gaude·
2687 1443 2693 1450 ,

495 1463 740 1536 bimus
761 1484 1052 1532 omues:
1081 1458 1188 1530 sin
1211 1459 1448 1528 minus
1469 1513 1488 1544 ,
1521 1483 1655 1555 ego
1688 1473 1929 1530 tamen
1956 1461 2312 1558 gaudebo.
2346 1465 2631 1555 Quibus

497 1579 691 1649 enim
737 1572 976 1670 potius
1013 1567 1164 1639 haec
1202 1569 1352 1640 vita
1381 1568 1583 1640 factis
1618 1584 1745 1640 aut
1780 1572 2339 1668 cogitationibus
2374 1577 2624 1648 tradu-

495 1698 735 1770 catur,
760 1705 984 1778 quam
1011 1680 1099 1750 iis
1118 1731 1140 1766 ,
1167 1701 1330 1775 quae
1369 1680 1852 1774 pertinuerint
1878 1680 1970 1751 ad
2002 1680 2411 1756 liberandos
2439 1687 2632 1758 cives

497 1795 744 1866 meos?

584 1909 684 1974 Te
709 1957 730 1988 ,
769 1901 1058 1985 Cicer0,
1081 1921 1263 1995 rogo
1295 1910 1508 1991 atque
1547 1895 1838 1987 hortor,
1875 1925 1971 1972 ne
2008 1899 2436 2000 defatigem,
2478 1931 2624 1978 neu

491 2011 820 2099 diffidas3
869 2031 1158 2106 semper
1199 2010 1275 2078 in
1325 2006 1805 2102 praesentibus
1862 2011 2064 2084 malis
2106 2013 2621 2111 prohibendi5‚

489 2124 736 2196 futura
777 2143 1110 2217 quoque,
1150 2118 1287 2188 nisi
1315 2129 1481 2187 ante
1511 2119 1603 2186 sit
1642 2141 2060 2208 occursum,
2112 2123 2485 2221 exploreS,
2527 2151 2621 2198 ne

483 2259 559 2306 se
589 2232 958 2302 insinuent
977 2255 996 2313 ;
1015 2225 1278 2298 fortem
1303 2239 1376 2296 et
1409 2223 1718 2297 liberum
1754 2232 2073 2302 animum
2099 2286 2119 2319 ,
2157 2258 2309 2330 quo
2340 2249 2412 2306 et
2450 2261 2619 2306 con-

479 2344 630 2429 sul,
673 2356 746 2412 et
779 2365 977 2412 nunc
1013 2337 1408 2411 consularis
1441 2336 1971 2435 rempublicam
2006 2344 2421 2429 vindicasti,
2464 2348 2619 2419 sine

484 2454 884 2524 constantia
915 2463 988 2520 et
1018 2446 1504 2546 aequabilitate
1534 2447 1817 2519 nullum
1850 2476 2003 2522 esse
2044 2454 2338 2550 putaris.
2364 2460 2618 2527 Fateor

482 2563 674 2634 enim
697 2612 716 2646 ,
770 2557 1138 2628 duriorem
1183 2580 1334 2627 esse
1378 2555 1875 2628 conditionem
1914 2574 2246 2656 spectatae
2286 2564 2571 2635 virtutis
2592 2619 2611 2649 ,

478 2694 698 2770 quam
733 2668 1135 2763 incognitae.
1165 2662 1546 2736 Benefacta
1583 2689 1719 2762 pro
1747 2666 2005 2739 debitis
2040 2673 2420 2765 exigimu53
2451 2694 2613 2768 quae

480 2781 766 2855 aliter¹⁴
817 2777 1200 2863 eveniunt,
1257 2789 1340 2846 ut
1383 2772 1667 2872 decepti
1718 2774 1825 2873 ab·
1863 2776 2017 2867 his,
2054 2777 2321 2873 infesto
2369 2784 2611 2852 animo

1578 2908 1838 2960 hendimus
1856 2912 1995 2961 -Nel
2008 2912 2172 2973 aliter,
2197 2916 2327 2963 male
2346 2916 2611 2982 signifieat,

1579 3001 1635 3039 nt
1658 2991 1721 3039 nd
1740 2992 1961 3041 Atticum
1988 2992 2081 3040 lib.
2098 2994 2196 3041 v11
2222 3010 2235 3044 ε
2264 3016 2286 3038 ι
2310 2996 2453 3044 Illum
2474 2996 2611 3045 aliter

553 2912 821 2965 13.Pieeati
835 2928 970 2961 ηοω.
991 2914 1114 2975 Erga
1132 2909 1362 2975 patriam3
1381 2924 1490 2973 qnae

475 3013 553 3047 me
581 2993 646 3043 ad
672 2992 960 3058 praecluum
987 2990 1110 3037 iund
1139 2988 1324 3039 facinus
1355 2988 1489 3035 exci-

473 3075 620 3135 tavit,
655 3072 736 3120 cui
774 3068 946 3134 pietati
989 3068 1206 3116 debitum
1243 3067 1493 3131 praemium

471 3170 573 3203 esse
605 3150 910 3217 persolutum
930 3148 1233 3205 existimabo,
1252 3148 1291 3195 si
1313 3146 1488 3205 modo,

472 3231 610 3298 quod
629 3241 733 3279 tum
755 3228 884 3277 sensi
899 3262 914 3288 ,
936 3227 1066 3277 idem
1099 3227 1153 3274 in
1171 3224 1360 3291 reliqua
1392 3226 1488 3273 vita

471 3326 683 3360 sensero.
705 3310 852 3357 Mne.

545 3392 627 3449 14.
667 3389 790 3451 Qua·
823 3385 871 3433 si
905 3383 1065 3432 aliter.
1100 3382 1254 3432 Abest
1292 3399 1318 3430 a
1369 3383 1489 3431 meis

466 3466 752 3529 conjunctio
775 3462 820 3511 si
839 3479 858 3511 .·
905 3474 956 3511 et
986 3462 1184 3527 quidem
1217 3460 1446 3511 omnibus
1465 3475 1482 3509 ε

467 3564 558 3597 nec
598 3545 772 3595 dubito
813 3543 932 3608 quin
968 3554 1117 3591 recte.
1153 3542 1327 3605 Neque
1351 3542 1480 3589 enim

466 3644 579 3693 quoe
597 3662 613 3687 ‚
658 3623 911 3672 benefacta
953 3622 1098 3670 refert
1116 3656 1130 3677 ‚
1167 3621 1252 3669 sed
1287 3618 1480 3670 infinito

463 3703 840 3770 accipitur-31:00
861 3702 1040 3750 modo:
1065 3722 1092 3743 α
1107 3704 1230 3764 Quoe
1255 3700 1396 3748 aliter
1421 3716 1478 3748 ae

461 3785 687 3834 volumus
712 3793 859 3849 atque
880 3776 1075 3845 oportet
1102 3780 1369 3839 eveniunt,
1395 3780 1473 3827 in·

463 3864 586 3911 sesto
627 3862 788 3907 animo
819 3858 1215 3924 reprehendimus
1240 3874 1253 3905 ε
1302 3858 1370 3905 ita
1419 3870 1476 3906 nt

461 3939 724 3991 benefacti·
757 3936 938 3985 nuum
965 3938 1165 4003 gratiam
1182 3936 1446 3985 habeamus
1460 3972 1476 3995 ‚

459 4021 546 4070 sed
561 4036 614 4067 ea
633 4030 878 4081 tamquam
893 4016 1054 4065 debita
1071 4016 1321 4081 exigamus
1335 4030 1350 4065 :
1365 4033 1475 4081 qua

455 4116 596 4150 aecus
621 4097 852 4147 eveniunt
867 4130 882 4157 ‚
915 4096 1090 4159 iniquo
1114 4095 1278 4145 animo
1311 4112 1472 4163 repre..

1580 3085 1689 3117 cum
1717 3070 1824 3117 aliis
1856 3072 2115 3135 loquutum
2154 3089 2254 3121 esee
2280 3075 2535 3123 audiebam
2557 3096 2602 3124 ι.

1579 3152 1692 3212 Quo
1707 3166 1851 3199 sensu
1878 3153 2023 3199 etiam
2038 3168 2171 3201 secus
2189 3156 2443 3219 accipitur.
2464 3156 2603 3203 Idem

1577 3227 1816 3289 Toranio,
1844 3228 1931 3277 lib.
1968 3231 2109 3295 epist.
2150 3231 2214 3279 ad
2243 3232 2551 3297 Torquatum
2586 3246 2601 3281 ε

1580 3327 1602 3349 ι
1634 3310 1813 3370 Magna
1847 3307 1975 3355 enim
2008 3310 2280 3359 consolatio
2319 3324 2422 3371 est,
2451 3329 2603 3377 quum

1577 3386 1834 3435 recordare
1850 3420 1867 3445 ,
1892 3387 2035 3433 etiam
2054 3388 2095 3435 ei
2121 3404 2257 3435 secus
2282 3388 2539 3449 acciderit,
2555 3402 2603 3440 te

1578 3476 1739 3513 tamen
1788 3476 1919 3513 recte
1962 3482 2170 3529 vereque
2215 3468 2417 3517 sensisse
2449 3490 2491 3519 υ.
2540 3472 2601 3519 In

1572 3544 1797 3609 sequenti
1828 3555 1987 3593 autem
2016 3546 2273 3603 sententia,
2298 3546 2381 3594 ille
2400 3548 2601 3608 consul,

1570 3634 1617 3671 et
1644 3622 1776 3670 laune
1802 3622 2135 3681 consularem,
2174 3624 2239 3670 ad
2263 3640 2415 3671 unum
2450 3627 2597 3676 Cice-

1564 3718 1755 3765 runem,
1790 3712 1839 3749 et
1882 3702 1965 3749 ille
1990 3712 2041 3750 et
2086 3702 2236 3760 leuno,
2282 3704 2463 3753 debent
2510 3724 2589 3753 re-

1564 3782 1697 3829 ferri.
1750 3782 1869 3829 Non
1910 3783 2169 3839 miramur,
2222 3781 2409 3846 inquit,
2458 3786 2595 3834 Cice·

1564 3876 1737 3909 ronem
1768 3861 1983 3908 resistere
2002 3861 2239 3910 Antonio.
2274 3861 2334 3909 Id
2370 3864 2499 3911 enim
2524 3865 2593 3912 ab

1564 3939 1653 3986 illo
1680 3956 1783 3987 non
1813 3939 1972 3987 solum
1989 3940 2283 4003 postulatur,
2306 3941 2392 3989 sed
2418 3953 2475 3991 ut
2499 3941 2591 3990 de-

1562 4018 1726 4066 bitum
1752 4018 1978 4081 exigitur.
2009 4018 2141 4066 Talia
2177 4020 2305 4066 enim
2333 4020 2589 4069 consulatu

1563 4100 1682 4157 fnit,
1708 4114 1761 4147 ea
1784 4097 1956 4162 gessit,
1978 4106 2033 4147 ut
2046 4098 2141 4146 nisi
2162 4114 2292 4147 nune
2320 4100 2591 4149 consularis
