3019 4681
478 319 615 390 312
1122 321 1221 389 M.
1270 323 1351 389 T.
1404 319 1966 390 CICERONIS

478 440 619 512 Sed
664 440 843 511 illud
884 442 1068 536 ’παρὰ
1106 447 1220 520 τὴν
1264 445 1532 536 ἱστορίαν
1551 452 1606 524 ²,
1647 455 1726 510 tu
1770 447 2162 538 praesertim
2197 475 2214 518 τ
2246 471 2410 518 «me
2449 446 2608 520 reli-

478 577 707 649 quum
748 551 1279 622 consularem».
1320 550 1558 642 Quid?
1597 549 1729 620 tibi
1760 555 2042 625 Servius
2071 555 2248 652 quid
2285 557 2609 629 videtur?

475 686 916 759 quamquam
986 657 1181 731 hoc-’⁹
1234 660 1503 730 nullam
1569 659 1661 730 ad
1717 676 1995 758 partem
2057 667 2244 737 valet
2302 667 2605 753 scilicet,

478 771 657 841 mihi
700 772 1142 869 praesertim‚
1198 772 1327 866 qui
1386 795 1538 842 non
1599 771 1840 843 minus
1905 771 2094 846 bene
2147 792 2390 848 actum
2437 799 2604 848 cum

474 883 660 953 inis⁴
704 897 976 979 putem.
1027 880 1220 969 Quid
1271 881 1461 951 enirn
1508 883 1794 952 sumus?
1839 898 1964 954 aut
2014 886 2193 982 quid
2241 913 2396 958 esse
2441 911 2602 985 pos-

474 993 770 1064 sumus?
818 991 1157 1076 domine,
1208 1017 1300 1085 an
1350 988 1568 1063 foris?
1615 989 1864 1087 quod⁵
1908 996 2044 1066 nisi
2081 997 2258 1068 mihi
2298 998 2442 1069 hoc
2479 1021 2602 1066 ve-

474 1105 695 1174 nisset
726 1103 802 1173 in
836 1116 1197 1188 mentem,
1230 1099 1544 1171 scribere
1573 1104 1705 1170 ista
1737 1105 1979 1173 nescio
2009 1129 2169 1202 quae
2183 1103 2239 1192 ⁶,
2274 1131 2423 1205 quo
2450 1129 2603 1176 ver-

474 1229 700 1283 terem
740 1235 893 1298 me,
939 1235 1091 1281 non
1132 1154 1497 1280 h’aberem.
1543 1211 1648 1282 Ad
1687 1212 2174 1303 Dolabellam,
2204 1231 2288 1287 ut
2319 1216 2604 1301 scribis,

476 1321 570 1388 ita
589 1332 771 1414 puto
798 1315 1203 1388 faciendum
1223 1320 1623 1412 ,κοινότερα7
1653 1319 2019 1415 quaedam‚
2040 1335 2112 1391 et
2130 1329 2601 1418 πολιτικώτερα.

473 1427 905 1498 Faciendum
952 1441 1146 1498 certe
1189 1371 1463 1524 aliquid
1515 1439 1679 1499 est.
1737 1429 1944 1502 valde
1991 1433 2183 1504 enim
2221 1433 2599 1505 desiderat.
2661 1455 2668 1462 ·

473 1543 737 1608 Brutus
775 1535 835 1607 si
873 1535 1052 1632 quid
1068 1533 1123 1623 ⁸,
1165 1535 1448 1608 curabis
1484 1551 1570 1606 ut
1597 1539 1854 1625 sciam3
1895 1540 2013 1609 cui
2052 1541 2342 1638 quidem
2383 1555 2604 1639 quarn

474 1653 787 1748 primum
856 1645 1214 1742 agendum
1278 1657 1503 1743 puto,
1559 1649 1952 1744 praesertim
2007 1649 2067 1718 si
2125 1651 2415 1721 statuit:
2456 1674 2601 1720 ser-

469 1758 947 1830 munculum9
982 1758 1175 1828 enim
1206 1781 1499 1827 omnem
1527 1771 1653 1826 aut
1677 1758 2127 1846 restinxerit,
2155 1773 2279 1828 aut
2305 1758 2598 1845 sedarit;

471 1883 642 1940 sunt
669 1869 862 1939 enim
885 1922 906 1956 ,
941 1868 1083 1964 qui‘
1096 1865 1493 1963 loquantur
1524 1868 1734 1938 etiam
1764 1891 2074 1940 mecum.
2106 1867 2244 1939 Sed
2271 1868 2423 1940 haec
2452 1871 2602 1968 ipse

472 1982 749 2079 optime
770 2034 789 2067 ‚
829 1979 1223 2076 praesertim
1259 1979 1319 2049 si
1354 1979 1569 2049 etiam
1604 1992 1846 2048 tecum
1889 1977 2252 2076 loquetur.

566 2089 746 2160 Mihi
786 2102 895 2160 est
929 2089 1004 2158 in
1054 2090 1297 2158 animo
1330 2085 1688 2185 proficisci
1731 2113 1805 2157 xt
1839 2087 1974 2158 kal.
2013 2091 2143 2158 Hic
2187 2091 2379 2160 enim
2423 2087 2604 2158 nihil

470 2199 707 2271 habeo
764 2198 965 2297 quod
1032 2223 1237 2296 agam
1273 2253 1293 2286 ,
1356 2222 1449 2268 ne
1522 2196 1818 2269 hercule
1872 2198 2017 2268 illic
2066 2197 2406 2296 quidem,
2467 2222 2602 2269 nec

466 2330 816 2405 usquam3
856 2305 981 2377 sed
1028 2320 1270 2379 tamen
1322 2305 1596 2403 aliquid
1651 2306 1815 2379 illic.
1865 2305 2098 2379 Hodie
2143 2307 2600 2405 Spintherem

469 2406 830 2515 exspecto.
882 2416 1079 2487 Misit
1116 2420 1310 2487 enirn
1347 2420 1612 2489 Brutus
1652 2416 1738 2488 ad
1782 2442 1943 2489 me:
1979 2442 2111 2516 per
2147 2420 2386 2491 literas
2427 2443 2599 2519 pur-

536 2648 590 2682 a.
618 2627 764 2699 Παρὰ
780 2630 865 2685 τὸν
892 2628 1090 2698 {copiam
1124 2633 1311 2679 Proeter
1334 2628 1485 2679 hisco·

466 2711 610 2761 riam.
645 2712 907 2775 Scn‘paerat
934 2710 1125 2757 Atticm
1150 2710 1402 2767 Ciceron1‚
1427 2718 1485 2757 nt

464 2808 517 2839 ee
534 2789 895 2854 dingentieeime
910 2788 1179 2837 custodiret
1188 2824 1202 2847 ,
1216 2788 1483 2852 praeeertim

460 2871 703 2935 reliquum
746 2866 1062 2917 consularem.
1102 2870 1214 2916 Boe
1229 2903 1244 2927 ,
1287 2866 1477 2931 inquit,

458 2962 531 2999 est
539 2960 719 3014 pra-ter
730 2946 981 2995 histor-iam
989 2965 1010 3003 ,-
1026 2958 1196 2995 eontra
1213 2947 1479 2994 veritatem.

462 3028 598 3091 Quid
616 3029 781 3076 enim?
802 3027 904 3074 Ser.
932 3026 1176 3089 Sulpicius
1190 3041 1293 3073 non
1312 3026 1482 3089 etipse

461 3107 764 3157 consularis?
798 3109 867 3154 Tu
886 3105 1191 3171 prasertim,
1217 3106 1303 3170 qui
1326 3122 1482 3154 errare

458 3204 563 3236 non
580 3187 707 3235 soles
726 3188 775 3235 in
802 3186 1026 3234 historia.
1054 3186 1201 3233 Mur.

532 3268 581 3314 3.
600 3268 721 3315 Hoc.
744 3264 1057 3313 Consularem
1074 3279 1176 3311 esse
1193 3262 1292 3323 jam
1311 3278 1482 3327 perum

459 3346 632 3403 refert,
668 3362 759 3394 nee
788 3346 997 3393 fructum
1023 3342 1179 3390 ullum
1200 3341 1371 3396 affert,
1398 3352 1485 3389 aut

462 3422 777 3487 dignitatem,
801 3439 902 3471 uno
934 3424 1121 3473 Caesare
1148 3428 1341 3469 tenente
1368 3434 1483 3467 om-

460 3502 562 3551 nia.
592 3504 826 3551 Gnonov.

536 3590 583 3637 4.
614 3584 744 3629 Bene
770 3590 933 3628 aetum
957 3595 1067 3627 enm
1092 3578 1205 3627 illis.
1228 3576 1329 3641 Qui
1354 3592 1483 3625 mor-

468 3661 543 3707 tni
568 3670 699 3706 eunt.
722 3660 885 3708 Coun.

535 3739 585 3787 ⁵.
610 3738 694 3785 Al.
718 3760 743 3779 α
764 3738 883 3801 quid
902 3774 915 3795 ‚
940 3738 1036 3785 nisi
1061 3754 1169 3785 m.»
1194 3737 1327 3783 J.v.
1348 3736 1403 3782 1..

534 3818 587 3865 6.
626 3819 729 3863 Ista
776 3817 936 3865 neseio
975 3834 1102 3882 quce.
1140 3813 1481 3879 Philosophia

466 3912 631 3960 opera.
659 3896 823 3945 Coun.

532 3990 578 4051 7.
608 3972 887 4041 Κοινότιρα.
936 3972 1275 4023 communiora
1294 4004 1309 4031 ,
1342 3983 1390 4019 et
1410 3972 1485 4019 ad

456 4054 799 4119 rempublicam
843 4051 1281 4102 adnu’m'semndam
1324 4054 1480 4119 magis

1571 2630 1966 2681 accommodata.
2027 2631 2247 2681 Snbaudi
2265 2666 2282 2691 ,
2345 2632 2600 2682 mittenda.

1572 2709 1725 2770 Puto,
1751 2709 1944 2775 inquit,
1973 2708 2386 2774 quemadmodum
2413 2713 2602 2760 tuteri-

1570 2786 1648 2835 bis
1669 2823 1685 2848 ,
1725 2788 1904 2837 librum
1939 2790 2150 2852 aliquem
2193 2790 2254 2838 ad
2297 2790 2599 2839 Dolabellam

1571 2866 1714 2915 nobis
1745 2884 1848 2916 esse
1883 2866 2178 2917 mittendum
2195 2904 2210 2927 ‚
2240 2869 2328 2933 qni
2353 2870 2601 2917 contineat

1569 2960 1672 2992 non
1696 2941 1762 2994 τὰ
1787 2942 2093 3013 φιλοσοφυιὰ,
2127 2948 2213 2997 aed
2243 2949 2410 3013 potius
2439 2946 2594 2998 κοινό-

1569 3039 1688 3087 τερα.
1707 3024 1928 3088 quaedam
1945 3060 1960 3085 ,
1983 3036 2034 3073 et
2056 3025 2418 3095 πολιτικώτερα..
2447 3028 2600 3091 Quod

1570 3103 1672 3163 ejus
1703 3105 1888 3167 generis
1917 3104 2097 3170 scripta
2127 3107 2284 3168 magis
2317 3107 2600 3155 viderentur

1569 3182 1837 3231 Dolabellae
1863 3184 2152 3243 convenire,
2181 3186 2271 3249 qui
2293 3200 2398 3232 non
2417 3188 2470 3233 in
2497 3196 2600 3233 etu-

1572 3262 1666 3310 diis
1685 3262 2017 3311 doctrinarum
2032 3299 2046 3322 ,
2069 3265 2155 3313 aed
2177 3266 2228 3312 in
2247 3265 2496 3330 republica
2511 3300 2526 3325 ,
2549 3276 2600 3313 et

1571 3342 1624 3389 in
1640 3342 1888 3389 communi
1907 3343 2122 3406 quodam
2147 3344 2396 3391 literarum
2423 3360 2598 3408 genere

1570 3433 1788 3470 versatus
1809 3434 1950 3471 esset.
1977 3424 2126 3472 Mur.

1643 3502 1694 3548 8.
1733 3500 1790 3548 Si
1819 3500 1956 3564 quid.
1998 3502 2207 3566 Supple,
2244 3500 2395 3567 egerit
2416 3520 2436 3548 .·
2461 3501 2596 3565 quod

1571 3578 1736 3626 Lamb.
1763 3591 1814 3629 et
1852 3580 2024 3628 Rosius
2065 3580 2394 3629 addiderunt:
2429 3580 2596 3629 abesse

1571 3666 1730 3705 tamen
1759 3675 1788 3707 a
1822 3659 1949 3706 MSS
1985 3669 2221 3707 testantur
2255 3658 2506 3707 Victorius
2545 3670 2597 3707 et

1572 3737 1812 3785 Gravius.
1838 3736 1951 3785 Sch.
1975 3737 2235 3801 intelligit:
2266 3738 2308 3784 ni
2336 3737 2396 3785 de
2423 3738 2595 3786 Porcia

1568 3817 1620 3865 in
1645 3816 2014 3865 matrimonium
2026 3816 2246 3865 ducenda
2270 3828 2453 3864 certum
2473 3832 2595 3865 eon·

1570 3896 1794 3944 nituerit.
1827 3899 1921 3945 En.

1641 3992 1692 4038 9.
1735 3975 2118 4024 sermunculum.
2155 3976 2338 4022 Eorum
2355 4008 2370 4035 ,
2399 3972 2484 4036 qni
2519 3972 2592 4019 di-

1569 4056 1777 4102 vortium
1789 4054 2006 4103 Claudiae
2015 4052 2592 4119 reprehendehanhMm.
