3019 4681
630 399 1147 470 EPISTOLAE
1196 401 1333 468 AD
1383 397 2175 484 ATTICUM,XIII‚
2223 397 2290 468 3.
2399 397 2538 470 303

426 603 508 622 ”1-
522 601 1321 622 §tv—“mmmmm

1607 599 2544 620 mmm-mmmmm

1044 790 1684 876 EPISTOLA
1736 791 1912 870 ΙΙΙ.

410 961 497 1014 De
528 953 863 1015 nominibus
892 955 967 1014 ad
994 955 1195 1014 hortos
1226 953 1501 1016 emendos
1527 951 1943 1032 expediendis;
1977 951 2052 1011 de
2084 954 2248 1012 Bruti
2275 953 2542 1013 adventu.

722 1055 747 1132 (
770 1057 837 1112 In
857 1055 1209 1126 Tusculum,
1251 1071 1405 1112 anno
1428 1057 1504 1112 U.
1527 1055 1591 1112 C.
1614 1050 1728 1126 708
1745 1093 1763 1124 ,
1809 1067 2003 1110 mense
2019 1050 2229 1130 junio.)

1082 1215 1391 1282 CICERO
1438 1211 1762 1280 ATTICO
1808 1215 1873 1280 S.

510 1351 567 1417 A
604 1359 677 1417 te
714 1345 950 1417 literas
989 1343 1491 1443 exspectabam
1517 1355 1537 1388 ¹
1567 1372 1587 1432 ;
1621 1341 1992 1416 nondum²
2032 1343 2339 1416 scilicet:
2379 1372 2546 1417 nam

414 1457 541 1526 has
594 1479 803 1527 mane
856 1455 1365 1526 rescribebam.
1427 1457 1580 1550 Ego
1635 1470 1809 1523 vero
1865 1455 2000 1523 ista
2053 1454 2397 1526 nomina³
2445 1459 2549 1526 sic

413 1563 691 1663 prob0‚
730 1580 815 1635 ut
866 1564 1047 1636 nihil
1102 1563 1293 1636 aliud
1337 1588 1454 1634 me
1502 1575 1789 1633 moveat
1815 1617 1834 1649 ,
1878 1561 2012 1632 nisi
2052 1559 2252 1659 quod
2297 1577 2379 1634 tu
2433 1566 2542 1634 vi-

413 1676 604 1748 deris
634 1675 988 1747 dubitare.
1032 1675 1223 1747 Illud
1256 1677 1448 1746 enim
1480 1699 1634 1746 non
1665 1673 1944 1770 accipio
1973 1675 2050 1741 in
2081 1671 2353 1744 bonam
2389 1699 2548 1772 par-

414 1801 556 1856 tem
581 1842 602 1873 ,
644 1785 846 1884 quod
879 1785 965 1857 ad
1008 1811 1122 1857 me
1150 1784 1413 1857 refers:
1450 1785 1580 1881 qui
1614 1787 1670 1853 si
1709 1785 1862 1880 ipse
1895 1783 2270 1880 negotium
2302 1807 2549 1856 meum

351 1970 358 1977 ,
414 1921 775 1991 gererem,
816 1895 997 1968 nihil
1024 1921 1389 1994 gererem,
1428 1895 1566 1965 nisi
1598 1891 1902 1965 consilio
1938 1907 2093 1964 tuo,
2131 1887 2271 1964 Sed
2305 1910 2550 1966 tamen

414 2005 779 2102 intelligo,
822 2007 1045 2102 magis
1090 2021 1163 2076 te
1214 2004 1291 2075 id
1338 2003 1572 2084 facere
1622 2003 2024 2101 diligentia,
2071 2023 2216 2100 qua
2263 2024 2550 2103 semper

414 2117 670 2202 uteris,
700 2141 917 2210 quam
949 2109 1152 2213 quod
1180 2110 1471 2187 dubites
1501 2113 1594 2185 de
1617 2111 2036 2185 nominibus
2063 2115 2236 2184 istis.
2264 2117 2549 2185 Etenim

410 2224 719 2295 Coelium
752 2250 902 2296 non
934 2225 1197 2323 probas
1214 2230 1239 2277 ⁴
1266 2227 1535 2324 ,plura
1555 2249 1708 2295 non
1726 2227 1858 2296 vis.
1877 2229 2287 2321 Utrumque
2306 2225 2548 2296 laudo.

418 2410 427 2419 ·
486 2414 532 2447 1.
560 2398 787 2449 Goetenz.
802 2397 868 2445 nd
884 2396 987 2447 eie.
1008 2396 1237 2447 Auden.
1258 2400 1333 2457 11,
1348 2414 1435 2459 ²7»

406 2476 546 2537 jubet
569 2477 719 2525 eolo-
742 2476 905 2525 delem
931 2491 945 2525 :
970 2497 993 2521 ι
1014 2478 1061 2525 Δ.
1088 2488 1136 2526 te
1168 2478 1241 2527 lit.
1262 2492 1438 2541 exspe-

412 2557 599 2603 ctnba-
633 2557 859 2604 nondum
884 2557 1132 2606 scilicet-u.
1160 2558 1211 2606 J.
1232 2559 1297 2604 V.
1321 2559 1377 2605 Ia-

482 2651 535 2683 n.
562 2636 809 2684 Nondum.
837 2636 1097 2685 Tabellas-ii
1122 2637 1251 2685 enim
1276 2638 1439 2685 Rome

412 2713 645 2775 profecti,
670 2716 892 2763 nondum
912 2732 969 2762 en
984 2716 1131 2771 hora,
1154 2731 1249 2779 qm
1276 2715 1439 2763 scribo

414 2790 477 2837 ad
504 2801 551 2839 te
564 2823 579 2848 ‚
620 2794 873 2855 pervenire
898 2794 952 2841 in
990 2794 1317 2843 Tusculanum
1342 2810 1437 2861 po-

414 2870 633 2919 tuissent.
661 2872 825 2920 Coun.

484 2951 535 2997 3.
562 2952 665 2997 Isca
693 2951 911 2998 nomina.
954 2954 1029 2999 De
1054 2950 1231 3015 quibus
1267 2952 1329 2999 nd
1362 2967 1440 2999 me

415 3028 605 3077 scribis.
626 3030 799 3077 Cicero
814 3062 829 3089 ,
858 3046 1009 3093 quum
1046 3032 1303 3094 pecuniam
1338 3043 1439 3077 non

414 3108 639 3169 haberet,
660 3107 792 3156 unde
815 3109 987 3157 hortos
1022 3120 1198 3157 emeret
1214 3145 1229 3169 ‚
1268 3110 1440 3158 Attico

416 3188 747 3247 mandaverat,
766 3198 823 3236 ut
842 3188 1027 3252 aliquid
1040 3188 1289 3237 venderet.
1316 3190 1445 3237 Atu-

416 3282 504 3315 ωε
529 3270 582 3315 iu
609 3266 893 3315 venditione
910 3282 1012 3316 non
1032 3269 1291 3333 pecuniam
1309 3280 1445 3317 acue-

416 3348 488 3411 pit
514 3346 578 3394 sb
604 3362 693 3402 eo,
724 3346 812 3409 qni
837 3347 979 3406 emit,
1006 3349 1090 3395 sed
1121 3348 1351 3405 nomine,
1376 3349 1443 3396 ita

418 3438 602 3485 tamen,
626 3426 667 3474 si
685 3442 739 3473 es
762 3426 963 3475 nomina
978 3428 1153 3476 Cicero
1173 3426 1444 3491 probasset,

416 3505 479 3553 ad
505 3521 649 3568 quem
664 3505 726 3553 de
739 3521 794 3552 ea
814 3521 865 3552 re
884 3506 1151 3569 scripturus
1164 3516 1282 3553 erat.
1295 3506 1444 3553 Mur.

419 3611 485 3622 υ·-
510 3584 793 3632 Gronovius
826 3596 966 3649 putat
1000 3584 1083 3631 hic
1122 3600 1211 3649 per
1244 3584 1447 3632 nomina

416 3663 621 3727 intelligi
670 3676 816 3727 posse
858 3662 1049 3728 prades
1063 3698 1078 3722 ‚
1110 3678 1235 3726 quos
1271 3664 1445 3711 Cicero

420 3742 477 3790 da
484 3756 619 3791 turus
632 3754 736 3791 erat
753 3743 805 3789 in
821 3742 1317 3791 auctioni-,hortorum
1336 3742 1451 3790 Sea·

418 3822 730 3884 pulsnm-uin.
772 3821 999 3886 Intelligo
1039 3832 1202 3869 anton
1242 3836 1326 3869 eos
1359 3819 1451 3885 qni

419 3900 648 3949 Ciceroni
662 3899 927 3959 debebant,
948 3914 1059 3949 eum
1076 3899 1137 3949 sd
1156 3900 1281 3949 alios
1300 3914 1450 3964 quos-

422 3980 533 4027 dam
556 3980 803 4031 debitores
828 3997 945 4029 suos
966 3980 1278 4044 delegavisse.
1304 3980 1394 4028 En.

497 4068 549 4111 4.
580 4060 779 4107 Coelium
805 4078 906 4109 non
933 4062 1139 4126 probas.
1161 4062 1451 4109 Decrevernt

426 4137 597 4187 Cicero
619 4142 717 4201 jem
740 4154 851 4191 ante
878 4152 1081 4191 mortem
1102 4142 1275 4191 Tulliae
1290 4176 1303 4201 ‚
1320 4152 1452 4189 metu

1527 2398 1644 2445 belli
1669 2396 1850 2454 civilis,
1889 2395 2132 2460 quidquid
2171 2396 2306 2445 domi
2342 2396 2554 2447 habebat

1526 2479 1664 2536 suri,
1693 2476 1940 2540 argentive
1979 2476 2096 2525 facti
2133 2477 2210 2525 vel
2245 2478 2414 2527 infecti
2439 2494 2550 2527 cum

1524 2558 1732 2621 pecnnia
1757 2566 2052 2607 commutare
2071 2590 2088 2619 ,
2108 2568 2166 2605 nt
2189 2557 2476 2621 intelligitur
2493 2574 2554 2607 ex

1527 2636 1734 2701 epistola
1757 2637 1926 2685 ultima
1951 2635 2066 2684 libri
2088 2636 2160 2684 11
2175 2672 2192 2699 ,
2221 2637 2358 2701 quod
2383 2650 2555 2701 postes

1528 2716 1659 2765 fecit.
1681 2715 1806 2763 Nem
1827 2716 2011 2779 argenti
2031 2714 2362 2780 aurive,qnod
2381 2728 2483 2765 erat
2501 2705 2568 2764 in¹

1526 2794 1830 2859 supellectile
1841 2830 1858 2853 ,
1875 2809 2095 2857 magnam
2113 2806 2304 2858 partem
2327 2812 2436 2843 cum
2453 2798 2560 2847 Coe·

1529 2876 1598 2922 lio
1616 2874 1940 2922 nummulario
1957 2874 2168 2921 nummis
2187 2875 2345 2921 aureis
2363 2891 2558 2939 permu-

1530 2953 1666 3001 tavit.
1689 2952 1880 3000 Idcirco
1897 2951 2099 3015 rogabat
2117 2953 2332 3001 Atticum
2351 2954 2557 3017 epistola

1528 3047 1564 3093 9
1585 3030 1700 3079 libri
1738 3032 1862 3088 ΧΠ,
1889 3040 1946 3077 ut
1972 3029 2160 3077 videret
2191 3030 2252 3079 de
2278 3032 2457 3090 Coelio,
2493 3047 2556 3079 ne

1529 3127 1626 3176 qua
1663 3111 1834 3157 lecum
1863 3120 1988 3157 esset
2029 3110 2080 3155 in
2107 3124 2245 3157 euro.
2283 3110 2408 3171 Quia
2442 3125 2558 3158 vero

1529 3185 1672 3237 valde
1696 3188 1868 3252 egebat
1891 3186 2095 3251 pecunia
2123 3187 2186 3236 sd
2209 3188 2378 3235 hortos
2391 3201 2559 3237 emen·

1533 3268 1656 3328 dos,
1691 3267 1944 3332 negotium
1971 3267 2172 3317 dederet
2203 3267 2402 3327 Attico,
2429 3279 2486 3316 nt
2519 3269 2562 3315 si

1533 3364 1635 3395 non
1655 3358 1820 3412 posset
1845 3362 1899 3394 ea
1924 3345 2159 3403 vendere,
2187 3360 2298 3409 quae
2321 3346 2570 3410 proscribi.

1529 3427 1758 3486 jusserat,
1799 3424 1933 3491 quod
1981 3425 2114 3473 domi
2151 3438 2418 3488 superesset
2455 3427 2560 3473 auri
2635 3446 2644 3453 ·

1534 3506 1778 3571 argentive
1803 3510 1914 3553 bum
1945 3504 2101 3552 Coelio
2136 3504 2340 3569 pecunie
2367 3521 2564 3569 permu-

1535 3596 1675 3633 taret.
1697 3584 1790 3633 Cui
1817 3582 2047 3631 mandato
2066 3582 2132 3630 ita
2151 3584 2454 3647 rescripserat
2470 3586 2565 3632 At-

1537 3664 1689 3722 ticus,
1713 3675 1767 3710 se
1787 3674 1890 3710 non
1913 3660 2142 3727 probare,
2169 3661 2306 3724 qnod
2340 3662 2423 3711 ille
2449 3666 2566 3711 scri-

1535 3755 1700 3809 pserat
1721 3742 1782 3791 de
1805 3758 1924 3790 suro
1942 3753 2204 3805 argentove
2221 3744 2566 3792 commutando

1539 3836 1650 3869 cum
1695 3819 1881 3883 Coelio,
1909 3820 2050 3881 cuins
2083 3819 2276 3867 frendes
2315 3831 2454 3870 untes
2479 3840 2566 3871 ex-

1539 3912 1706 3967 pertus
1727 3902 1904 3958 fuerat,
1923 3900 2224 3965 suadereque
2252 3917 2314 3949 nc
2345 3902 2482 3965 plum
2507 3918 2566 3952 ex

1540 3980 1844 4047 supellectile
1871 3978 2171 4029 distraheret.
2193 3979 2250 4027 Id
2274 3996 2388 4043 ergo
2414 3982 2572 4029 Attici

1541 4061 1804 4110 consilium
1815 4060 1986 4109 scribit
2001 4076 2052 4107 se
2069 4058 2278 4125 probare
2295 4060 2348 4106 in
2367 4071 2570 4123 utraque

1541 4156 1594 4189 re
1609 4178 1628 4203 ,
1655 4156 1718 4189 ne
1743 4140 1927 4189 scilicet
1953 4154 2064 4188 cum
2088 4137 2244 4211 Ccelio
2269 4136 2364 4185 sibi
2387 4137 2572 4203 negotii
