3019 4681
560 373 1083 460 EP‘ISTOLAE
1130 393 1267 460 An
1316 393 1990 480 ATTICUM,1x‚
2039 411 2148 461 ιο.
2333 393 2428 486 89

282 519 895 592 commodissime
931 522 1125 590 enim
1164 527 1241 593 τὸ
1280 528 1500 620 μέλλον
1517 518 1582 566 ³³
1611 521 1712 594 ibi
1743 518 2178 621 καραδοκήσεις
2211 550 2270 590 ».
2313 520 2426 591 Ad

280 627 423 700 kal.
496 643 706 700 mart.
771 653 1002 726 quum
1062 631 1183 703 ille
1235 635 1574 731 quintum
1625 634 1772 729 jam
1830 633 2021 704 diem
2071 629 2428 703 Brundisii

286 753 479 810 esset
522 767 539 809 :
576 767 612 804 α
643 743 829 810 Tum
860 743 1263 836 poterimus
1296 743 1728 830 deliberare,
1761 769 1919 814 non
1945 741 2210 814 scilicet
2240 745 2425 812 inte-

285 871 413 945 gra
452 874 573 936 re,
612 850 741 922 sed
777 864 973 921 certe
1014 857 1254 926 minus
1288 853 1588 928 infracta
1608 910 1627 945 ‚
1671 879 1890 953 quam
1915 855 1974 925 si
2004 877 2149 924 una
2185 851 2431 950 proje-

286 957 473 1028 ceris
512 971 608 1028 te.
626 989 664 1024 »
690 959 990 1035 Deinde*
1009 989 1085 1034 1v
1114 987 1342 1035 nonas
1377 977 1579 1033 mart.
1613 966 1732 1034 ὑπὸ
1760 967 1873 1040 τὴν
1903 961 2091 1053 λῆψιν
2109 956 2175 1012 ³4
2200 983 2432 1056 quum

285 1059 613 1138 breviter
645 1069 1033 1160 scriberes,
1075 1087 1320 1144 tamen
1357 1075 1572 1170 ponis
1607 1069 1799 1141 hoc.
1845 1099 1880 1136 ι(
1913 1073 2084 1141 Cras
2123 1066 2431 1139 scribam
2491 1080 2495 1084 ’

290 1176 545 1272 plura,
574 1193 655 1249 et
682 1180 776 1251 ad
808 1184 1108 1257 omnia:
1148 1183 1290 1254 hoc
1318 1195 1562 1254 tamen
1591 1179 1859 1267 dicam,
1899 1204 2051 1250 non
2079 1179 2433 1276 poenitere

290 1309 407 1358 me
441 1289 735 1361 consilii
766 1291 858 1365 de
896 1308 1021 1365 tua
1067 1295 1474 1377 mansione3
1520 1306 1633 1380 et,
1676 1314 2117 1388 quamquam
2172 1297 2433 1386 magna

294 1391 822 1487 sollicitudine,
851 1415 1116 1490 tamen,
1134 1402 1308 1500 quia
1335 1405 1577 1472 minus
1604 1401 1773 1470 mali
1796 1415 1977 1498 puto
2008 1423 2191 1488 esse,
2211 1411 2433 1497 quam

296 1503 372 1574 in
402 1504 527 1576 illa
572 1507 1065 1604 profectione,
1103 1536 1365 1583 maneo
1404 1511 1481 1581 in
1523 1515 1874 1582 sententia
1901 1563 1920 1598 ‚
1956 1524 2028 1580 et
2056 1507 2336 1606 gaudeo
2359 1521 2433 1576 te

294 1619 647 1689 mansisse
672 1649 726 1690 n.
766 1623 1011 1712 Quum
1050 1647 1224 1694 vero
1260 1623 1413 1717 jain
1448 1645 1781 1718 angerer,
1828 1634 1900 1690 et
1942 1619 2304 1705 timerem,
2340 1643 2434 1689 ne

299 1725 475 1821 quid
510 1753 557 1800 a
602 1753 720 1800 me
752 1730 1123 1804 dedecoris
1162 1747 1349 1805 esset
1380 1731 1768 1802 admissum
1791 1784 1810 1815 ‚
1851 1753 1934 1800 ιιι
1967 1752 2198 1799 nonas
2227 1741 2434 1798 mart.

298 1864 331 1900 α
364 1839 641 1908 Tamen
682 1852 757 1910 te
808 1868 960 1931 non
997 1868 1151 1915 esse
1203 1867 1348 1913 una
1402 1866 1570 1912 cum
1608 1840 1954 1938 Pompeio
1981 1892 2001 1925 ,
2069 1862 2218 1908 non
2281 1835 2440 1907 fero

300 1947 629 2020 moleste.
669 1954 923 2024 Postea
952 1954 1009 2025 si
1042 1949 1305 2052 opus³⁵
1342 1951 1596 2037 fuerit,
1625 1975 1778 2020 non
1817 1951 1953 2020 erit
1993 1945 2324 2036 difficile3
2367 1961 2441 2018 et

302 2049 435 2141 illi,
482 2078 793 2152 quoquo
836 2073 1164 2158 tempore
1202 2057 1369 2144 fiet,
1414 2060 1552 2129 erit
1595 2060 1954 2153 ἀσμένιστον
1972 2049 2061 2122 ³⁶.
2109 2052 2248 2124 Sed
2294 2051 2439 2124 hoc

302 2162 399 2233 ita
440 2163 652 2255 dico,
693 2169 751 2238 si
787 2166 944 2257 hic,
978 2193 1124 2266 qua
1166 2171 1466 2240 ratione·
1486 2169 1775 2241 initium
1817 2164 2018 2254 fecit,
2050 2162 2300 2235 eadem
2331 2188 2444 2234 ce-

306 2287 457 2345 tera
499 2290 711 2373 aget,
757 2280 1069 2370 sincere,
1114 2294 1511 2379 temperate
1542 2334 1561 2367 ‚
1612 2277 2052 2378 prudenter-3
2098 2272 2302 2347 valde
2337 2277 2441 2346 vi-

306 2380 520 2472 dero,
566 2400 643 2456 et
686 2389 1209 2462 consideratius
1267 2392 1557 2462 utilitati
1617 2403 1878 2460 nostrae
1932 2386 2438 2458 consuluero».
2523 2406 2526 2411 ·

307 2516 407 2564 vn
436 2492 609 2566 idus
636 2514 843 2569 mart.
874 2499 1127 2573 scribis
1155 2500 1502 2572 Peducaeo
1527 2524 1826 2598 quoque
1845 2513 2094 2569 nostro
2116 2493 2442 2595 probari,

308 2604 511 2703 quod
531 2610 879 2703 quierim‚
902 2611 1111 2708 cujus
1134 2612 1480 2683 autoritas
1511 2611 1824 2681 multum
1860 2608 2050 2706 apud
2088 2632 2206 2677 me
2233 2606 2440 2679 valet.

308 2716 434 2787 His
462 2741 602 2813 ego
638 2719 783 2789 tuis
816 2722 1101 2819 scriptis
1121 2746 1238 2793 me
1258 2722 1634 2810 consolor,
1668 2735 1754 2790 ut
1788 2717 1970 2789 nihil
1994 2744 2033 2790 a
2062 2742 2175 2788 me
2205 2716 2443 2789 adhuc

312 2826 657 2899 delictum
697 2844 971 2926 putem.
1008 2834 1117 2901 Tu
1154 2830 1377 2902 modo
1413 2831 1911 2902 auctoritatem
1955 2842 2152 2899 tuam
2193 2825 2442 2898 defen-

313 2936 863 3024 dit03adversus
896 2941 1240 3028 me,nihil
1267 2966 1452 3039 opus
1478 2955 1588 3011 est
1619 2968 1634 3010 z
1674 2936 1800 3011 sed
1838 2939 2140 3009 consciis
2159 2934 2220 2993 3⁷
2266 2962 2444 3034 egeo

318 3046 486 3117 aliis,
528 3050 717 3145 Ego,
757 3047 817 3119 si
840 3049 1021 3121 nihil
1039 3052 1359 3148 peccavi,
1389 3051 1669 3148 reliqua
1707 3049 1990 3119 tuebor.
2013 3047 2121 3119 Ad
2163 3073 2246 3119 ea
2285 3062 2442 3119 tute

320 3155 649 3245 hortare,
693 3172 767 3230 et
816 3184 933 3230 me
971 3164 1275 3233 omnino
1343 3176 1463 3231 tua
1518 3159 1949 3257 cogitatione
1997 3157 2278 3251 adjuva.
2312 3159 2445 3228 Hic

322 3268 677 3339 nihildum
711 3266 803 3340 de
832 3271 1071 3343 reditu
1100 3272 1387 3360 Caesaris
1414 3268 1860 3342 audiebatur.
1898 3271 2050 3363 Ego
2085 3264 2195 3337 his
2224 3266 2447 3337 literis

322 3376 457 3448 hoc
495 3392 743 3449 tamen
783 3378 1100 3476 profeci3
1138 3381 1414 3479 perlegi
1444 3404 1701 3451 omnes
1727 3393 1920 3465 tuas,
1957 3392 2030 3448 et
2078 3380 2154 3445 in
2198 3400 2287 3448 eo
2332 3400 2446 3448 ac·

324 3514 573 3585 quievi.

388 3679 467 3728 33.
490 3678 555 3729 Τὸ
580 3677 782 3747 μᾶλον.
813 3678 963 3742 Quod
990 3679 1207 3729 futurum
1234 3690 1338 3729 est:
1504 3679 1587 3727 35.
1617 3681 1764 3741 Opus.
1793 3678 1864 3723 Te
1887 3692 1988 3724 esse
2009 3690 2120 3723 cum
2137 3676 2387 3741 Pompeio.

324 3754 689 3825 malamina,
719 3758 1041 3823 exspectabis.
1504 3758 1589 3806 36.
1619 3744 1918 3823 Ᾰσμένιστον.
1943 3754 2376 3805 Ιοουιιᾱὴείωιιω.

388 3839 463 3897 34.
488 3828 587 3890 Ῡπὸ
604 3837 693 3895 τὴν
713 3834 876 3903 λῆψιν.
894 3837 1036 3887 Sub
1020 3854 1174 3903 ipsam
1195 3837 1344 3887 febris
1504 3838 1588 3898 37.
1606 3834 1834 3884 Come-iis.
1853 3834 2042 3898 Quibus
2056 3839 2203 3901 cupio
2216 3838 2450 3886 rationem

324 3920 647 3969 monan-
966 3964 975 3975 ,
1433 3914 1626 3964 consilii
1650 3914 1746 3963 mei
1769 3914 1986 3979 probari.
2011 3916 2128 3965 Scu.

1018 4096 1798 4129 ψ...-
