3019 4681
584 367 1099 440 EPISTOLAE
1144 367 1283 438 AD
1332 369 1421 458 Q.
1444 369 1992 454 FRATREM,
2027 366 2139 453 ΙΙ,
2189 363 2253 436 5.
2357 363 2494 438 585

361 490 554 588 legio
587 491 992 585 ejecerunt,
1027 504 1451 588 praesentem
1472 542 1493 578 ‚
1530 488 1619 560 ad
1660 489 1884 586 pedes
1925 489 2498 586 uniuscujusque

356 601 737 696 jacentem.

362 768 538 817 talium
567 779 617 817 et
650 784 807 818 arcem
844 767 1187 830 incolentium,
1212 767 1383 818 ludos·
1468 775 1797 816 mercatorum
1836 767 1984 815 fuisse
2021 765 2082 815 ab
2121 766 2229 814 oede
2265 765 2504 815 Mercurii

361 864 461 912 que
479 849 786 912 Capitolinos
810 848 1171 898 celebrantium.
1192 850 1255 896 T.
1270 848 1379 898 Liv.
1470 847 1543 894 sic
1578 845 1822 896 dictorum
1861 843 2168 894 crediderim.
2205 849 2270 896 T.
2302 845 2500 906 Livius,

360 927 429 988 V,
452 943 533 976 20.
554 927 917 976 Mercurialium
940 938 1101 976 autem
1122 927 1385 992 collegium
1472 929 1524 975 11
1539 959 1554 986 ‚
1582 943 1664 988 ²7·
1691 927 1863 974 Tuan.

724 1091 1175 1114 mmm
1180 1091 2378 1112 mmmmmmmmmmm
2383 1090 2472 1110 m

1027 1269 1622 1350 EPISTOLA
1678 1270 1827 1386 vl.

356 1439 445 1494 De
472 1435 647 1495 rebus
674 1435 947 1515 privatis,
993 1435 1055 1493 in
1091 1434 1295 1515 primis
1327 1433 1694 1514 sponsalibus
1738 1447 1797 1494 et
1841 1435 2222 1495 aedificatione
2251 1435 2494 1496 scribit:

432 1533 683 1592 consulis
720 1533 953 1592 Lentuli
984 1532 1310 1591 Marcellini
1351 1533 1413 1590 in
1461 1531 1848 1610 impediendis
1895 1532 2126 1612 legibus
2158 1534 2496 1612 perniciosis

433 1632 725 1709 egregium
753 1630 1035 1703 studium,
1082 1643 1142 1689 et
1179 1631 1293 1690 alia
1328 1629 1402 1688 de
1446 1628 1766 1709 republica.
1805 1631 2066 1710 (Romae,
2117 1652 2272 1690 anno
2314 1637 2390 1692 U.
2427 1637 2492 1691 C.

435 1730 577 1805 697,
607 1747 800 1787 mense
824 1728 1039 1807 aprili.)

947 1915 1299 1980 MARCUS
1346 1916 1427 1998 Q.
1464 1915 1783 1980 FRATRI
1827 1916 1890 1981 s,

446 2065 528 2133 Α.
571 2089 639 2133 n.
680 2087 807 2133 vm
834 2061 931 2133 id.
968 2087 1117 2162 apr.
1151 2061 1508 2161 sponsalia
1538 2060 1946 2161 Crassipedi
1973 2060 2272 2160 praebui.
2307 2064 2492 2134 Huic

352 2171 685 2244 convivio
718 2199 904 2272 puer
937 2178 1294 2271 optimus,
1331 2176 1652 2263 Quintus
1679 2186 1849 2245 tuus
1873 2197 2224 2270 meusque
2247 2227 2266 2260 ,
2290 2173 2492 2270 quod

348 2283 737 2382 perleviter
773 2298 1181 2356 commotus
1218 2281 1491 2371 fuerat,
1527 2282 1778 2355 defuit.
1813 2287 1894 2356 A.
1926 2283 1994 2356 d.
2029 2308 2105 2354 vr
2143 2282 2240 2354 id.
2281 2284 2486 2383 april.

348 2397 520 2466 veni
586 2394 675 2467 ad
748 2397 1147 2485 Quintum,
1213 2420 1532 2493 eumque
1594 2394 1741 2465 vidi
1799 2394 2013 2494 plane
2066 2399 2483 2492 integrum:

348 2506 813 2604 multumque
862 2506 921 2577 is
970 2530 1254 2579 mecum
1304 2530 1714 2577 sermonem
1765 2504 2060 2594 habuit,
2099 2521 2172 2577 et
2214 2505 2489 2603 perhu-

346 2638 642 2686 manum
676 2669 696 2702 ‚
760 2616 850 2687 de
916 2615 1290 2687 discordiis
1350 2616 1736 2687 mulierum
1807 2630 2241 2687 nostrarum.
2293 2614 2488 2706 Quid

348 2726 655 2822 quaeris?
687 2725 881 2798 Nihil
925 2725 1268 2798 festivius.
1306 2728 1709 2826 Pomponia
1751 2740 1994 2798 autem
2030 2729 2248 2797 etiam
2285 2724 2374 2796 de
2414 2741 2485 2797 te

344 2850 603 2932 questa
655 2851 782 2908 est.
841 2837 983 2909 Sed
1030 2837 1185 2909 haec
1224 2862 1466 2908 coram
1504 2862 1818 2936 agemus.
1864 2840 1922 2907 A
1961 2862 2194 2935 puero
2241 2850 2327 2907 ut
2373 2836 2487 2907 di-

346 2950 562 3015 scessi
591 3000 611 3032 ‚
673 2946 749 3015 in
819 2970 1059 3018 aream
1122 2961 1325 3017 tuam
1391 2949 1580 3018 veni.
1647 2952 1788 3019 Res
1843 2947 2188 3044 agebatur
2243 2947 2488 3023 multis

345 3055 845 3128 structoribus.
942 3056 1357 3154 Longilium
1438 3056 1977 3154 redemptorem
2063 3056 2486 3128 cohortatus

344 3188 531 3236 sum.
566 3164 811 3237 Fidem
836 3166 1020 3237 mihi
1056 3165 1360 3238 faciebat
1379 3220 1399 3254 ‚
1438 3190 1514 3237 se
1542 3166 1726 3238 velle
1757 3165 1973 3237 nobis
2000 3164 2306 3263 placere.
2340 3168 2488 3235 Do-

343 3302 507 3351 mus
564 3280 701 3349 erit
763 3279 1048 3377 egregia
1092 3305 1108 3348 :
1174 3278 1402 3373 magis
1463 3278 1654 3348 enim
1712 3276 1908 3347 cerni
1955 3276 2101 3371 jam
2153 3288 2438 3372 poterat
2467 3330 2485 3359 ‚

343 3412 564 3485 quam
630 3404 988 3485 quantum
1058 3414 1145 3460 ex
1212 3387 1495 3459 forma¹
1569 3385 2091 3483 judicabamus.
2153 3390 2484 3482 Itemque

339 3512 589 3570 nostra
655 3499 981 3571 celeriter
1040 3496 1546 3569 aedificabatur.
1607 3501 1714 3567 Eo
1769 3496 1890 3567 die
1953 3496 2231 3568 coenavi
2287 3492 2480 3593 apud

340 3608 865 3707 Crassipedem.
915 3613 1293 3697 coenatus,
1340 3612 1414 3678 in
1462 3606 1717 3679 hortos
1763 3604 1854 3677 ad
1901 3608 2328 3704 Pompeium
2371 3604 2476 3675 le-

339 3720 519 3788 ctica
562 3717 746 3788 latus
784 3742 967 3789 sum.
1010 3722 1405 3790 Lucceium
1441 3721 1829 3790 convenire
1866 3743 2016 3821 non
2055 3731 2477 3816 potueram,

337 3826 541 3925 quod
598 3826 946 3900 abfuerat.
1004 3829 1269 3901 Videre
1325 3844 1564 3900 autem
1613 3828 1944 3900 volebam
1969 3881 1989 3916 ‚
2035 3825 2234 3925 quod
2283 3852 2476 3898 eram

292 3994 297 4001 .
336 3938 687 4035 postridie
732 3944 961 4012 Roma
1006 3942 1327 4012 exiturus
1351 3995 1370 4028 ‚
1417 3956 1490 4013 et
1543 3939 1746 4039 quod
1796 3939 1914 4011 ille
1957 3943 2034 4011 in
2075 3937 2477 4011 Sardiniam

412 4154 456 4188 1.
487 4142 682 4188 Forma.
713 4142 872 4203 Quam
895 4142 1146 4192 Minucius
1168 4141 1365 4193 fecerat.
1386 4144 1544 4207 Epist.
1569 4156 1596 4190 2
1626 4142 1774 4202 huju·
1789 4141 1920 4191 libri.
1939 4142 2084 4192 Mur.
