3019 4681
595 362 1104 441 EPISTOLAE
1149 366 1292 435 AD
1337 366 1426 455 Q.
1477 365 2007 453 FRATREM,
2045 368 2117 454 I,
2168 366 2234 439 3.
2306 366 2475 477 '563

351 488 710 589 obsequio
759 486 1025 574 filium,
1065 486 1366 558 consilio
1401 500 1797 584 parentem.
1854 484 2045 577 Quid
2094 488 2275 560 mihi
2320 492 2475 563 sine

355 618 425 674 te
461 622 849 698 umquam,
893 610 1019 668 aut
1060 594 1189 665 tibi
1225 598 1381 667 sine
1427 620 1545 668 me
1579 595 1989 690 jucundum
2022 596 2208 668 fuit?
2244 600 2478 691 Quid,

350 709 551 809 quod
609 708 870 780 eodem
924 721 1259 804 tempore
1308 703 1639 777 desidem
1686 704 1955 777 filiam?
1992 732 2137 805 qua
2181 710 2484 807 pietate,

351 844 508 918 qua.
537 817 886 891 modestia
908 872 928 905 ,
965 838 1116 913 quo
1151 816 1488 913 ingenio?
1522 814 1835 915 effigiem
1868 820 2057 906 oriS,
2089 827 2481 911 sermonis,

350 929 574 999 animi
601 925 792 997 mei?
823 925 1022 1017 Quid
1047 922 1278 995 filium
1311 928 1895 997 venustissimum
1915 983 1935 1017 ‚
1964 928 2292 1026 mihique
2323 930 2485 1005 dul-

349 1035 758 1109 cissimum?
793 1058 1012 1133 quem
1046 1059 1184 1132 ego
1218 1033 1414 1107 ferus
1447 1060 1531 1106 ac
1567 1034 1844 1108 ferreus
1876 1062 1922 1108 e
1952 1040 2337 1137 complexu
2373 1040 2483 1114 di-

348 1153 509 1223 misi
553 1172 756 1235 meo,
801 1147 1651 1244 sapientiorem-puerum
1668 1200 1689 1235 ,
1725 1171 1947 1245 quam
1977 1149 2277 1237 vellem3
2324 1176 2483 1223 sen—

347 1255 574 1330 tiebat
640 1260 834 1329 enim
893 1257 1112 1327 miser
1155 1255 1303 1351 jam
1329 1311 1348 1343 ,
1405 1256 1582 1352 quid
1640 1270 1995 1355 ageretur.
2060 1260 2256 1350 Quid
2310 1284 2482 1333 vero

347 1385 556 1440 tuum
597 1364 876 1439 filium?
919 1364 1094 1465 quid
1141 1368 1523 1463 imaginem
1559 1380 1759 1437 tuam
1774 1365 1833 1456 ⁶,
1874 1392 2097 1465 quam
2126 1393 2333 1443 meus
2363 1373 2485 1443 Ci-

347 1502 518 1549 cero
555 1491 627 1549 et
659 1475 982 1564 amabat,
1017 1488 1102 1546 ut
1136 1472 1466 1563 fratrem,
1505 1489 1581 1547 et
1608 1473 1761 1569 jam
1782 1530 1803 1563 ,
1845 1491 1933 1547 ut
1962 1478 2313 1573 majorem
2338 1477 2482 1553 fra-

293 1608 301 1617 ’
345 1603 568 1676 trem,
601 1584 1024 1659 verebatur?
1053 1584 1286 1678 Quid,
1323 1582 1524 1682 quod
1560 1584 1943 1657 mulierem
1974 1589 2484 1683 miserrimam,

345 1694 824 1769 fidelissimam
852 1696 1274 1793 conjugem,
1302 1718 1418 1765 me
1447 1698 1791 1792 prosequi
1818 1720 1967 1767 non
1998 1720 2159 1767 sum
2189 1720 2480 1796 passus,

345 1822 428 1878 ut
473 1821 696 1893 esset,
740 1830 902 1906 quae
945 1806 1290 1904 reliquias
1334 1807 1741 1876 communis
1784 1806 2233 1893 calamitatiS‚
2280 1834 2478 1880 com-

345 1942 604 1991 munes
647 1916 918 1990 liberos
968 1916 1346 1988 tueretur?
1385 1912 1525 1985 Sed
1580 1929 1857 2004 tamen,
1904 1941 2209 2014 quoquo
2252 1920 2475 1991 modo

345 2028 586 2123 potui,
623 2028 910 2126 scripsi,
946 2040 1018 2097 et
1045 2023 1213 2097 dedi
1243 2024 1484 2095 literas
1515 2023 1607 2096 ad
1642 2038 1717 2097 te
1748 2024 2177 2123 Philogon0‚
2216 2027 2477 2101 liberto

343 2150 510 2222 tu0,
547 2162 727 2234 quas
773 2134 988 2208 credo
1031 2134 1162 2207 tibi
1203 2148 1453 2232 postea
1498 2132 1815 2207 redditas
1856 2160 2055 2207 esse:
2092 2138 2167 2207 in
2211 2136 2477 2235 quibus

341 2244 536 2317 idem
577 2260 649 2317 te
691 2245 948 2317 hortor
981 2262 1054 2317 et
1093 2269 1275 2344 rogo
1292 2298 1313 2333 ,
1353 2243 1555 2342 quod
1598 2247 1807 2343 pueri
1856 2245 1989 2317 tibi
2025 2246 2261 2319 verbis
2296 2250 2474 2321 meis

340 2358 809 2446 nuntiarunt,
843 2371 926 2428 ut
959 2361 1262 2428 Romam
1297 2357 1637 2454 protinus
1676 2380 1931 2455 pergas
1978 2372 2052 2429 et
2098 2383 2466 2458 properes.

338 2469 660 2540 Primum
699 2469 890 2538 enim
939 2481 1009 2536 te
1045 2466 1380 2564 proesidio
1407 2477 1434 2522 ⁷
1475 2491 1631 2537 esse
1663 2466 1899 2555 volui,
1944 2467 2003 2538 si
2056 2474 2185 2565 qui
2234 2487 2471 2543 essent

336 2578 652 2666 inimici,
687 2599 1004 2675 quorum
1049 2573 1432 2646 crudelitas
1465 2574 1795 2646 nondum
1843 2591 2031 2648 esset
2066 2593 2307 2650 nostra
2346 2605 2467 2652 ca·-

335 2687 654 2759 lamitate
707 2691 974 2758 satiata.
1037 2683 1318 2756 Deinde
1369 2709 1795 2782 congressus
1848 2689 2081 2759 nostri
2123 2687 2464 2762 lamenta·
2513 2719 2519 2725 ·

336 2797 608 2868 tionem
633 2798 1012 2894 pertimui3
1044 2794 1446 2892 digressum
1478 2821 1653 2867 vero
1680 2821 1831 2867 non
1858 2798 2214 2870 tulissem·
2196 2815 2463 2916 ,atque

336 2909 550 2978 etiam
586 2906 707 2978 id
686 2931 961 3005 ipsum,
1004 2905 1202 3004 quod
1233 2921 1314 2978 tu
1345 2905 1633 2996 scribis,
1658 2909 2108 2999 metuebam,
2149 2935 2247 2982 ne
2270 2937 2311 2982 a
2340 2937 2461 2984 me

337 3015 635 3088 distrahi
663 3040 813 3086 non
845 3039 1114 3113 posses.
1151 3018 1276 3086 His
1310 3013 1402 3087 de
1438 3019 1669 3087 causis
1710 3016 1851 3089 hoc
1883 3021 2275 3090 maximum
2307 3045 2459 3092 ma-

313 3125 486 3196 *lum
505 3179 524 3211 ,
556 3123 758 3221 quod
784 3139 858 3196 te
891 3149 1044 3196 non
1074 3125 1258 3212 vidi,
1285 3150 1435 3221 quo
1463 3125 1648 3196 nihil
1678 3129 2177 3200 amantissimis
2204 3144 2279 3198 et
2298 3154 2459 3200 con-

331 3233 797 3328 junctissimis
829 3231 1169 3304 fratribus
1200 3232 1529 3305 acerbius
1556 3260 1638 3307 ac
1670 3237 1997 3309 miserius
2023 3235 2310 3309 videtur
2338 3263 2453 3311 ac-

335 3343 570 3414 cidere
599 3344 948 3442 potuisse,
977 3345 1218 3413 minus
1247 3341 1591 3413 acerbum
1609 3396 1630 3432 ‚
1660 3347 1903 3416 minus
1924 3347 2267 3418 miserum
2296 3345 2455 3437 fuit,

335 3477 555 3551 quam
605 3454 852 3525 fuisset
905 3477 1133 3550 quum
1187 3454 1633 3550 congressio,
1686 3467 1840 3522 tum
1890 3477 2065 3526 vero
2109 3456 2453 3554 digressio

335 3578 600 3635 nostra.

334 3725 452 3758 vero
477 3707 657 3767 edidit,
684 3708 953 3756 «suavitate
977 3707 1170 3755 fratrem
1193 3722 1349 3772 prope
1512 3723 1558 3768 7.
1592 3707 1655 3755 Te
1668 3705 1924 3772 proesidfo.
1950 3709 2022 3756 Te
2042 3705 2201 3773 ipsum
2220 3709 2309 3758 tibi
2292 3727 2451 3776 1-proe

332 3788 624 3854 equalem».
649 3789 698 3835 J.
724 3789 788 3836 V.
805 3789 862 3837 L.
1437 3785 1565 3833 sidio
1601 3797 1887 3879 praepentem
1930 3803 2047 3836 esse.
2088 3787 2211 3836 Nam
2252 3791 2452 3855 siquid

403 3869 452 3918 6.
518 3867 787 3934 Imaginem
841 3883 1015 3914 meam.
1071 3864 1346 3930 Legendum
1439 3866 1647 3930 tempori
1634 3881 1673 3912 is
1699 3865 1750 3912 in
1774 3865 1932 3914 reditu
1958 3882 2186 3931 poneres,
2210 3867 2315 3918 fieri
2338 3887 2457 3936 pos-

333 3949 410 3997 for
412 3931 534 3996 tasse
569 3945 969 4013 eet,1‘maginem
1005 3955 1156 3994 tuam.
1195 3943 1348 4008 Quod
1435 3952 1536 4002 set,
1558 3954 1663 3992 uta
1638 3943 1822 4008 aliquid
1844 3945 2037 3994 interim
2060 3945 2229 3995 absens
2258 3949 2453 4017 calami-

333 4027 522 4075 videtur
541 4039 590 4074 et
604 4027 846 4074 Manutio.
867 4028 1090 4075 Linum.
1112 4051 1178 4062 -—
1195 4023 1347 4087 Vulg.
1438 4021 1549 4071 tatis
1582 4039 1679 4072 acci
1683 4039 1842 4088 peres.
1903 4027 2012 4073 Hoc
2047 4035 2097 4074 et
2137 4025 2197 4074 ad
2234 4029 2451 4078 Atticum

330 4121 511 4156 meam.
543 4107 592 4154 J.
610 4107 674 4152 V.
703 4105 755 4151 1..
1439 4117 1529 4149 scri
1519 4101 1717 4151 hitlib.
1732 4105 1823 4152 111.
1849 4103 2070 4154 Mum-r.

2067 4187 2180 4259 36.
