3019 4681
509 357 604 440 [ιο
1157 356 1254 423 Μ.
1308 355 1386 423 Τ.
1439 355 2019 426 CICERONIS

511 500 700 563 esse,
727 499 820 547 ne
863 473 1038 546 dua-⁷
1070 473 1390 572 legiones
1413 471 1442 518 ³
1481 479 1638 546 sine
1679 478 2072 548 Picentinis
2108 476 2536 549 cohortibus
2580 481 2653 549 in

511 601 988 686 conspectum
1055 587 1349 659 Caesaris
1432 588 2081 658 committerentur.
2158 588 2655 678 Quamobrem

511 696 744 767 nolito
782 695 1258 783 commoveri,
1282 699 1341 766 si
1365 695 1675 768 audieris
1704 722 1819 768 me
1843 697 2165 794 regredi,
2208 699 2265 769 si
2292 697 2479 770 sorte
2514 705 2659 771 Cae-

511 831 626 878 sar
662 805 756 876 ad
793 831 911 877 me
949 806 1205 876 veniet.
1243 805 1667 878 Cavendum
1702 808 1895 878 enim
1928 824 2111 907 puto
2141 833 2295 881 esse
2318 865 2338 898 ‚
2380 835 2474 881 ne
2518 813 2657 880 im-

513 917 822 1014 plicatus
878 917 1187 987 haeream
1229 943 1244 986 :
1296 941 1465 988 nam
1514 943 1756 1015 neque
1794 933 2024 989 castra
2053 973 2071 1007 ,
2136 935 2440 1018 propter
2482 922 2657 990 anni

511 1042 801 1126 tempus
835 1041 908 1097 et
950 1026 1262 1097 militum
1291 1030 1613 1114 animos,
1652 1025 1886 1099 facere
1915 1052 2249 1125 possum3
2290 1053 2531 1126 neque
2568 1055 2659 1100 ex

511 1139 858 1212 omnibus
891 1137 1179 1236 oppidis
1208 1138 1639 1210 contrahere
1682 1139 1925 1236 copias
1958 1139 2281 1237 expedit,
2327 1164 2420 1209 ne
2456 1165 2657 1211 rece-

510 1249 764 1347 ptum⁴
783 1251 1128 1320 amittam.
1158 1255 1411 1348 Itaque
1433 1275 1585 1321 non
1610 1249 1921 1348 amplius
1939 1275 2059 1320 x1v
2077 1250 2413 1322 cohortes
2438 1251 2659 1322 Luce-

511 1363 689 1430 riam
724 1361 950 1456 coegi.
986 1359 1335 1432 Consules
1374 1358 1699 1458 praesidia
1734 1360 1981 1431 omnia
2024 1359 2408 1433 deducturi
2444 1377 2655 1446 sunt,

513 1483 638 1540 aut
679 1472 756 1539 in
792 1469 1101 1540 Siciliam
1141 1471 1332 1540 ituri.
1369 1473 1555 1542 Nam
1592 1485 1718 1540 aut
1748 1471 2144 1541 exercitum
2190 1469 2481 1542 firmum
2528 1471 2659 1542 ba-

511 1583 683 1652 bere
712 1596 1034 1680 oportet,
1069 1606 1220 1678 quo
1253 1579 1703 1651 confidamus
1742 1605 2216 1679 perrumpere
2244 1607 2378 1652 nos
2409 1607 2661 1680 posse;

513 1707 641 1762 aut
686 1694 1020 1788 regiones
1065 1690 1425 1787 ejusmodi
1473 1690 1850 1780 obtinere,
1896 1717 1936 1762 e
1974 1691 2249 1788 quibus
2290 1689 2658 1790 repugne-

515 1827 714 1872 mus:
744 1800 819 1873 id
845 1799 1046 1899 quod
1084 1815 1428 1872 neutrum
1466 1800 1681 1873 nobis
1720 1801 1862 1872 hoc
1894 1815 2225 1899 tempore
2263 1809 2659 1902 contingit3

512 1912 718 2011 quod
759 1927 831 1983 et
875 1937 1208 2011 magnam
1256 1928 1537 2010 partem
1584 1912 1803 1982 Italiae
1848 1915 2082 1982 Caesar
2125 1916 2547 2011 occupavit,
2587 1931 2663 1986 et

514 2050 651 2096 nos
681 2050 831 2095 non
868 2023 1222 2094 habemus
1239 2025 1637 2095 exercitum
1667 2038 1814 2093 tam
1845 2024 2202 2120 amplum,
2240 2050 2482 2122 neque
2512 2041 2658 2096 tam

513 2159 856 2232 magnum
880 2190 900 2222 ‚
943 2158 1165 2230 quam
1206 2134 1345 2204 ille.
1384 2137 1640 2230 Itaque
1684 2133 1897 2204 nobis
1940 2133 2473 2230 providendum
2510 2150 2660 2223 est,

513 2262 600 2317 ut
651 2270 1008 2317 summam
1057 2244 1476 2344 reipublicae
1536 2249 1892 2316 rationem
1953 2244 2368 2317 habeamus.
2428 2248 2660 2317 Etiam

516 2372 735 2454 atque
773 2360 988 2429 etiam
1025 2372 1094 2428 te
1141 2358 1424 2445 hortor,
1466 2372 1551 2428 ut
1584 2382 1751 2429 cum
1788 2360 1990 2427 omni
2018 2358 2228 2454 copia
2256 2383 2476 2454 quam
2512 2362 2658 2456 pri-

517 2494 719 2540 mum
759 2468 850 2540 ad
881 2493 996 2538 me
1032 2470 1298 2538 venias.
1339 2473 1731 2539 Possumus
1774 2469 1988 2539 etiam
2028 2493 2226 2539 nunc
2255 2468 2660 2567 rempubli-

516 2601 674 2648 cam
717 2578 1031 2674 erigere‚
1083 2578 1142 2647 si
1188 2580 1563 2648 communi
1599 2578 1902 2650 consilio
1939 2577 2313 2675 negotium
2350 2580 2658 2651 admini-

517 2687 906 2759 strabimus
940 2688 1096 2759 :sin
1137 2686 1656 2776 distrahemur,
1696 2687 1965 2759 infirmi
1987 2691 2275 2760 erimus,
2297 2690 2477 2760 Mihi
2515 2690 2660 2762 hoc

515 2800 993 2871 constitutum
1028 2812 1153 2869 est.
1182 2800 1306 2870 His
1333 2799 1557 2870 literis
1584 2802 1870 2898 scriptis
1888 2854 1905 2886 ‚
1931 2804 2087 2872 Sica
2116 2825 2158 2870 a
2188 2814 2257 2870 te
2293 2800 2475 2871 mihi·
2504 2801 2661 2873 lite-

511 2934 628 2980 ras
663 2909 904 2981 attulit
939 2925 1012 2981 et
1036 2907 1395 2981 mandata.
1427 2910 1650 3003 Quod
1683 2934 1798 2981 me
1838 2911 2166 3001 hortare,
2204 2925 2288 2981 ut
2319 2916 2507 2983 istuc
2540 2938 2663 2983 ve-

513 3021 744 3109 niam,
789 3019 866 3091 id
918 3046 1035 3091 me
1085 3018 1317 3092 facere
1371 3047 1526 3093 non
1582 3019 1897 3092 arbitror
1946 3045 2195 3120 posse;
2236 3022 2446 3121 quod
2506 3048 2656 3095 non

513 3156 950 3230 magnopere
987 3131 1101 3203 his
1134 3131 1544 3231 legionibus
1582 3130 1896 3203 confido.

585 3343 635 3390 3.
677 3343 804 3391 Duoe
841 3339 1067 3407 legiones.
1095 3343 1170 3389 De
1202 3340 1308 3389 istis
1333 3339 1539 3403 legioni·
1699 3346 1747 3393 4.
1774 3340 2054 3401 Recepeum.
2074 3338 2183 3401 Ipsa
2204 3336 2419 3401 oppida,
2455 3351 2556 3399 quo
2578 3352 2657 3383 te-

513 3424 606 3479 bus
643 3420 755 3471 vide
790 3430 899 3470 not.
934 3422 963 3469 3
1002 3420 1065 3469 ad
1101 3436 1182 3485 ep.
1211 3418 1436 3483 Pompeii
1462 3423 1539 3477 A,
1628 3428 1825 3482 ceptum
1852 3416 2105 3477 habemus,
2133 3416 2315 3479 quibus
2334 3415 2659 3480 amissis,an

511 3519 589 3571 ep.
609 3518 669 3549 ω
699 3501 996 3563 adjunctam.
1017 3504 1110 3551 En.
1586 3516 1589 3519 ⁴
1628 3512 1719 3545 nos
1744 3496 2064 3561 reciperemus
2080 3530 2095 3557 ‚
2124 3512 2229 3544 non
2252 3506 2395 3544 esset.
2432 3496 2576 3545 Mu«.

1351 3724 1886 3756 ᾧ
