<?xml version="1.0" encoding="UTF-8"?>
<!DOCTYPE html PUBLIC "-//W3C//DTD XHTML 1.0 Transitional//EN"
    "http://www.w3.org/TR/xhtml1/DTD/xhtml1-transitional.dtd">
<html xmlns="http://www.w3.org/1999/xhtml" xml:lang="en" lang="en">
 <head>
  <title>
</title>
<meta http-equiv="Content-Type" content="text/html;charset=utf-8" />
  <meta name='ocr-system' content='tesseract 3.04.00' />
  <meta name='ocr-capabilities' content='ocr_page ocr_carea ocr_par ocr_line ocrx_word'/>
</head>
<body>
  <div class='ocr_page' id='page_1' title='image "./mtciceronisquae04lemagoog_0619.png"; bbox 0 0 3019 4681; ppageno 0'>
   <div class='ocr_carea' id='block_1_1' title="bbox 517 398 2497 488">
    <p class='ocr_par' dir='ltr' id='par_1_1' title="bbox 517 398 2497 488">
     <span class='ocr_line' id='line_1_1' title="bbox 517 398 2497 488; baseline 0.002 -20"><span class='ocrx_word' id='word_1_1' title='bbox 517 398 1080 468; x_wconf 83' lang='lat' dir='ltr'><strong>EPISTOLAE</strong></span> <span class='ocrx_word' id='word_1_2' title='bbox 1130 399 1272 467; x_wconf 86' lang='lat' dir='ltr'>AD</span> <span class='ocrx_word' id='word_1_3' title='bbox 1321 400 1983 488; x_wconf 64' lang='grc' dir='ltr'><strong>ᾳἙιὶΑΤΒΕΜ,</strong></span> <span class='ocrx_word' id='word_1_4' title='bbox 2023 403 2145 487; x_wconf 91' lang='lat'>11,</span> <span class='ocrx_word' id='word_1_5' title='bbox 2209 401 2316 471; x_wconf 84' lang='lat'>16.</span> <span class='ocrx_word' id='word_1_6' title='bbox 2355 400 2497 471; x_wconf 83' lang='lat'>613</span> 
     </span>
    </p>
   </div>
   <div class='ocr_carea' id='block_1_2' title="bbox 357 516 2510 2805">
    <p class='ocr_par' dir='ltr' id='par_1_2' title="bbox 357 516 2510 2805">
     <span class='ocr_line' id='line_1_2' title="bbox 363 516 2504 618; baseline 0.001 -27"><span class='ocrx_word' id='word_1_7' title='bbox 363 516 651 592; x_wconf 87' lang='lat' dir='ltr'>nullum</span> <span class='ocrx_word' id='word_1_8' title='bbox 667 529 718 590; x_wconf 80' lang='lat'>².</span> <span class='ocrx_word' id='word_1_9' title='bbox 759 522 872 591; x_wconf 92' lang='lat' dir='ltr'>Sic</span> <span class='ocrx_word' id='word_1_10' title='bbox 911 520 1107 591; x_wconf 88' lang='lat' dir='ltr'>enim</span> <span class='ocrx_word' id='word_1_11' title='bbox 1143 518 1448 610; x_wconf 88' lang='lat' dir='ltr'>habeto,</span> <span class='ocrx_word' id='word_1_12' title='bbox 1486 545 1887 618; x_wconf 81' lang='lat' dir='ltr'><strong>numquam</strong></span> <span class='ocrx_word' id='word_1_13' title='bbox 1928 546 2045 593; x_wconf 90' lang='lat' dir='ltr'>me</span> <span class='ocrx_word' id='word_1_14' title='bbox 2084 546 2123 592; x_wconf 91' lang='lat' dir='ltr'>a</span> <span class='ocrx_word' id='word_1_15' title='bbox 2164 524 2391 594; x_wconf 90' lang='lat' dir='ltr'>causis</span> <span class='ocrx_word' id='word_1_16' title='bbox 2432 537 2504 594; x_wconf 88' lang='lat' dir='ltr'>et</span> 
     </span>
     <span class='ocr_line' id='line_1_3' title="bbox 357 629 2501 729; baseline 0.001 -28"><span class='ocrx_word' id='word_1_17' title='bbox 357 630 644 727; x_wconf 83' lang='lat' dir='ltr'>judiciis</span> <span class='ocrx_word' id='word_1_18' title='bbox 699 630 1204 703; x_wconf 84' lang='lat' dir='ltr'>districtiorem</span> <span class='ocrx_word' id='word_1_19' title='bbox 1250 629 1511 721; x_wconf 80' lang='lat' dir='ltr'>fuisse3</span> <span class='ocrx_word' id='word_1_20' title='bbox 1560 644 1780 728; x_wconf 88' lang='lat' dir='ltr'>atque</span> <span class='ocrx_word' id='word_1_21' title='bbox 1833 629 1907 701; x_wconf 92' lang='lat' dir='ltr'>id</span> <span class='ocrx_word' id='word_1_22' title='bbox 1962 631 2133 703; x_wconf 87' lang='lat' dir='ltr'>anni</span> <span class='ocrx_word' id='word_1_23' title='bbox 2172 646 2501 729; x_wconf 84' lang='lat' dir='ltr'>tempore</span> 
     </span>
     <span class='ocr_line' id='line_1_4' title="bbox 364 739 2503 839; baseline 0 -28"><span class='ocrx_word' id='word_1_24' title='bbox 364 744 819 839; x_wconf 86' lang='lat' dir='ltr'>gravissim0‚</span> <span class='ocrx_word' id='word_1_25' title='bbox 856 756 928 814; x_wconf 91' lang='lat' dir='ltr'>et</span> <span class='ocrx_word' id='word_1_26' title='bbox 970 740 1327 813; x_wconf 87' lang='lat' dir='ltr'>caloribus</span> <span class='ocrx_word' id='word_1_27' title='bbox 1364 742 1711 813; x_wconf 82' lang='lat' dir='ltr'>maximis.</span> <span class='ocrx_word' id='word_1_28' title='bbox 1750 739 1891 813; x_wconf 89' lang='lat' dir='ltr'>Sed</span> <span class='ocrx_word' id='word_1_29' title='bbox 1918 741 2070 812; x_wconf 84' lang='lat' dir='ltr'>haec</span> <span class='ocrx_word' id='word_1_30' title='bbox 2101 741 2503 839; x_wconf 87' lang='lat' dir='ltr'>(quoniam</span> 
     </span>
     <span class='ocr_line' id='line_1_5' title="bbox 365 849 2503 950; baseline 0.001 -29"><span class='ocrx_word' id='word_1_31' title='bbox 365 864 447 921; x_wconf 88' lang='lat' dir='ltr'>tu</span> <span class='ocrx_word' id='word_1_32' title='bbox 481 852 578 924; x_wconf 88' lang='lat' dir='ltr'>ita</span> <span class='ocrx_word' id='word_1_33' title='bbox 620 850 1070 950; x_wconf 65' lang='lat' dir='ltr'>praescribis)</span> <span class='ocrx_word' id='word_1_34' title='bbox 1127 849 1422 924; x_wconf 88' lang='lat' dir='ltr'>ferenda</span> <span class='ocrx_word' id='word_1_35' title='bbox 1471 866 1697 941; x_wconf 81' lang='lat' dir='ltr'>sunt3</span> <span class='ocrx_word' id='word_1_36' title='bbox 1743 876 1987 949; x_wconf 87' lang='lat' dir='ltr'>neque</span> <span class='ocrx_word' id='word_1_37' title='bbox 2041 853 2503 923; x_wconf 88' lang='lat' dir='ltr'>committeu-</span> 
     </span>
     <span class='ocr_line' id='line_1_6' title="bbox 363 960 2506 1061; baseline 0.001 -28"><span class='ocrx_word' id='word_1_38' title='bbox 363 960 576 1051; x_wconf 87' lang='lat' dir='ltr'>dum,</span> <span class='ocrx_word' id='word_1_39' title='bbox 627 976 712 1033; x_wconf 92' lang='lat' dir='ltr'>ut</span> <span class='ocrx_word' id='word_1_40' title='bbox 754 976 878 1033; x_wconf 87' lang='lat' dir='ltr'>aut</span> <span class='ocrx_word' id='word_1_41' title='bbox 923 962 1121 1061; x_wconf 87' lang='lat' dir='ltr'>spei,</span> <span class='ocrx_word' id='word_1_42' title='bbox 1176 978 1304 1034; x_wconf 88' lang='lat' dir='ltr'>aut</span> <span class='ocrx_word' id='word_1_43' title='bbox 1343 962 1760 1061; x_wconf 86' lang='lat' dir='ltr'>cogitationi</span> <span class='ocrx_word' id='word_1_44' title='bbox 1800 976 2050 1035; x_wconf 81' lang='lat' dir='ltr'>vestrae</span> <span class='ocrx_word' id='word_1_45' title='bbox 2092 986 2227 1061; x_wconf 86' lang='lat' dir='ltr'>ego</span> <span class='ocrx_word' id='word_1_46' title='bbox 2261 962 2506 1035; x_wconf 80' lang='lat' dir='ltr'>videar</span> 
     </span>
     <span class='ocr_line' id='line_1_7' title="bbox 369 1069 2507 1171; baseline 0 -28"><span class='ocrx_word' id='word_1_47' title='bbox 369 1071 722 1145; x_wconf 81' lang='lat' dir='ltr'>defuisse:</span> <span class='ocrx_word' id='word_1_48' title='bbox 755 1073 1154 1171; x_wconf 84' lang='lat' dir='ltr'>praesertim</span> <span class='ocrx_word' id='word_1_49' title='bbox 1179 1098 1442 1170; x_wconf 90' lang='lat' dir='ltr'>quum,</span> <span class='ocrx_word' id='word_1_50' title='bbox 1474 1073 1755 1144; x_wconf 87' lang='lat' dir='ltr'>tametsi</span> <span class='ocrx_word' id='word_1_51' title='bbox 1790 1071 1865 1143; x_wconf 89' lang='lat' dir='ltr'>id</span> <span class='ocrx_word' id='word_1_52' title='bbox 1906 1070 2269 1144; x_wconf 88' lang='lat' dir='ltr'>difficilius</span> <span class='ocrx_word' id='word_1_53' title='bbox 2290 1069 2319 1116; x_wconf 77' lang='lat'>3</span> <span class='ocrx_word' id='word_1_54' title='bbox 2356 1071 2507 1144; x_wconf 89' lang='lat' dir='ltr'>fue·</span> 
     </span>
     <span class='ocr_line' id='line_1_8' title="bbox 369 1181 2505 1281; baseline 0.002 -30"><span class='ocrx_word' id='word_1_55' title='bbox 369 1183 486 1269; x_wconf 90' lang='lat' dir='ltr'>rit,</span> <span class='ocrx_word' id='word_1_56' title='bbox 501 1196 745 1253; x_wconf 90' lang='lat' dir='ltr'>tamen</span> <span class='ocrx_word' id='word_1_57' title='bbox 775 1206 860 1255; x_wconf 85' lang='lat' dir='ltr'>ex</span> <span class='ocrx_word' id='word_1_58' title='bbox 882 1181 1024 1253; x_wconf 92' lang='lat' dir='ltr'>hoc</span> <span class='ocrx_word' id='word_1_59' title='bbox 1051 1181 1301 1255; x_wconf 87' lang='lat' dir='ltr'>labore</span> <span class='ocrx_word' id='word_1_60' title='bbox 1320 1208 1655 1281; x_wconf 88' lang='lat' dir='ltr'>magnam</span> <span class='ocrx_word' id='word_1_61' title='bbox 1675 1186 2003 1281; x_wconf 84' lang='lat' dir='ltr'>gratiam,</span> <span class='ocrx_word' id='word_1_62' title='bbox 2020 1207 2505 1281; x_wconf 87' lang='lat' dir='ltr'>magnamque</span> 
     </span>
     <span class='ocr_line' id='line_1_9' title="bbox 363 1290 2507 1393; baseline 0.001 -31"><span class='ocrx_word' id='word_1_63' title='bbox 363 1290 786 1388; x_wconf 87' lang='lat' dir='ltr'>dignitatem</span> <span class='ocrx_word' id='word_1_64' title='bbox 842 1293 978 1363; x_wconf 88' lang='lat' dir='ltr'>sim</span> <span class='ocrx_word' id='word_1_65' title='bbox 1030 1291 1488 1365; x_wconf 83' lang='lat' dir='ltr'>collecturus.</span> <span class='ocrx_word' id='word_1_66' title='bbox 1551 1298 1844 1390; x_wconf 89' lang='lat' dir='ltr'>Itaque,</span> <span class='ocrx_word' id='word_1_67' title='bbox 1892 1308 1977 1365; x_wconf 90' lang='lat' dir='ltr'>ut</span> <span class='ocrx_word' id='word_1_68' title='bbox 2029 1292 2163 1364; x_wconf 88' lang='lat' dir='ltr'>tibi</span> <span class='ocrx_word' id='word_1_69' title='bbox 2216 1294 2454 1393; x_wconf 90' lang='lat' dir='ltr'>placet</span> <span class='ocrx_word' id='word_1_70' title='bbox 2488 1348 2507 1382; x_wconf 90' lang='lat'>,</span> 
     </span>
     <span class='ocr_line' id='line_1_10' title="bbox 365 1396 2505 1502; baseline 0.001 -29"><span class='ocrx_word' id='word_1_71' title='bbox 365 1400 620 1473; x_wconf 89' lang='lat' dir='ltr'>damus</span> <span class='ocrx_word' id='word_1_72' title='bbox 648 1425 982 1499; x_wconf 85' lang='lat' dir='ltr'>operam,</span> <span class='ocrx_word' id='word_1_73' title='bbox 1027 1426 1118 1473; x_wconf 91' lang='lat' dir='ltr'>ne</span> <span class='ocrx_word' id='word_1_74' title='bbox 1147 1402 1358 1497; x_wconf 88' lang='lat' dir='ltr'>cujus</span> <span class='ocrx_word' id='word_1_75' title='bbox 1389 1396 1715 1473; x_wconf 81' lang='lat' dir='ltr'>animum</span> <span class='ocrx_word' id='word_1_76' title='bbox 1747 1400 2243 1492; x_wconf 77' lang='lat' dir='ltr'>offendamuS,</span> <span class='ocrx_word' id='word_1_77' title='bbox 2284 1420 2505 1502; x_wconf 88' lang='lat' dir='ltr'>atque</span> 
     </span>
     <span class='ocr_line' id='line_1_11' title="bbox 363 1510 2505 1611; baseline 0.001 -29"><span class='ocrx_word' id='word_1_78' title='bbox 363 1526 448 1583; x_wconf 89' lang='lat' dir='ltr'>ut</span> <span class='ocrx_word' id='word_1_79' title='bbox 485 1512 698 1583; x_wconf 89' lang='lat' dir='ltr'>etiam</span> <span class='ocrx_word' id='word_1_80' title='bbox 737 1510 828 1583; x_wconf 88' lang='lat' dir='ltr'>ab</span> <span class='ocrx_word' id='word_1_81' title='bbox 869 1514 956 1583; x_wconf 88' lang='lat' dir='ltr'>iis</span> <span class='ocrx_word' id='word_1_82' title='bbox 993 1514 1206 1611; x_wconf 88' lang='lat' dir='ltr'>ipsis,</span> <span class='ocrx_word' id='word_1_83' title='bbox 1255 1518 1385 1610; x_wconf 93' lang='lat' dir='ltr'>qui</span> <span class='ocrx_word' id='word_1_84' title='bbox 1428 1537 1565 1583; x_wconf 91' lang='lat' dir='ltr'>nos</span> <span class='ocrx_word' id='word_1_85' title='bbox 1603 1535 1771 1583; x_wconf 91' lang='lat' dir='ltr'>cum</span> <span class='ocrx_word' id='word_1_86' title='bbox 1808 1516 2083 1585; x_wconf 69' lang='lat' dir='ltr'>Caesare</span> <span class='ocrx_word' id='word_1_87' title='bbox 2138 1530 2285 1585; x_wconf 91' lang='lat' dir='ltr'>tam</span> <span class='ocrx_word' id='word_1_88' title='bbox 2328 1540 2505 1587; x_wconf 87' lang='lat' dir='ltr'>con·</span> 
     </span>
     <span class='ocr_line' id='line_1_12' title="bbox 359 1621 2507 1725; baseline 0.001 -32"><span class='ocrx_word' id='word_1_89' title='bbox 359 1621 655 1717; x_wconf 87' lang='lat' dir='ltr'>junctos</span> <span class='ocrx_word' id='word_1_90' title='bbox 689 1622 980 1725; x_wconf 75' lang='lat' dir='ltr'>dolent,</span> <span class='ocrx_word' id='word_1_91' title='bbox 1024 1622 1446 1725; x_wconf 74' lang='lat' dir='ltr'>diligamur3</span> <span class='ocrx_word' id='word_1_92' title='bbox 1481 1622 1574 1694; x_wconf 92' lang='lat' dir='ltr'>ab</span> <span class='ocrx_word' id='word_1_93' title='bbox 1613 1627 1834 1719; x_wconf 86' lang='lat' dir='ltr'>aequis</span> <span class='ocrx_word' id='word_1_94' title='bbox 1858 1648 2030 1694; x_wconf 88' lang='lat' dir='ltr'>vero</span> <span class='ocrx_word' id='word_1_95' title='bbox 2054 1678 2074 1711; x_wconf 91' lang='lat'>‚</span> <span class='ocrx_word' id='word_1_96' title='bbox 2119 1633 2267 1695; x_wconf 87' lang='lat' dir='ltr'>aut&#39;</span> <span class='ocrx_word' id='word_1_97' title='bbox 2291 1627 2507 1697; x_wconf 88' lang='lat' dir='ltr'>etiam</span> 
     </span>
     <span class='ocr_line' id='line_1_13' title="bbox 363 1732 2508 1839; baseline 0 -37"><span class='ocrx_word' id='word_1_98' title='bbox 363 1756 406 1802; x_wconf 91' lang='lat' dir='ltr'>a</span> <span class='ocrx_word' id='word_1_99' title='bbox 439 1734 819 1831; x_wconf 87' lang='lat' dir='ltr'>propensis</span> <span class='ocrx_word' id='word_1_100' title='bbox 861 1736 938 1803; x_wconf 91' lang='lat' dir='ltr'>in</span> <span class='ocrx_word' id='word_1_101' title='bbox 983 1732 1172 1804; x_wconf 89' lang='lat' dir='ltr'>hanc</span> <span class='ocrx_word' id='word_1_102' title='bbox 1219 1747 1497 1832; x_wconf 89' lang='lat' dir='ltr'>partem</span> <span class='ocrx_word' id='word_1_103' title='bbox 1546 1732 2012 1804; x_wconf 80' lang='lat' dir='ltr'>vehementer</span> <span class='ocrx_word' id='word_1_104' title='bbox 2044 1749 2116 1804; x_wconf 89' lang='lat' dir='ltr'>et</span> <span class='ocrx_word' id='word_1_105' title='bbox 2148 1732 2508 1839; x_wconf 75' lang='lat' dir='ltr'>colamur,</span> 
     </span>
     <span class='ocr_line' id='line_1_14' title="bbox 362 1842 2507 1940; baseline -0.002 -24"><span class='ocrx_word' id='word_1_106' title='bbox 362 1856 437 1916; x_wconf 91' lang='lat' dir='ltr'>et</span> <span class='ocrx_word' id='word_1_107' title='bbox 470 1868 818 1915; x_wconf 91' lang='lat' dir='ltr'>amemur.</span> <span class='ocrx_word' id='word_1_108' title='bbox 854 1849 962 1917; x_wconf 91' lang='lat' dir='ltr'>De</span> <span class='ocrx_word' id='word_1_109' title='bbox 994 1843 1274 1915; x_wconf 89' lang='lat' dir='ltr'>ambitu</span> <span class='ocrx_word' id='word_1_110' title='bbox 1302 1868 1535 1940; x_wconf 91' lang='lat' dir='ltr'>quum</span> <span class='ocrx_word' id='word_1_111' title='bbox 1572 1842 2015 1914; x_wconf 87' lang='lat' dir='ltr'>atrocissime</span> <span class='ocrx_word' id='word_1_112' title='bbox 2058 1856 2391 1940; x_wconf 87' lang='lat' dir='ltr'>ageretur</span> <span class='ocrx_word' id='word_1_113' title='bbox 2428 1843 2507 1912; x_wconf 85' lang='lat' dir='ltr'>in</span> 
     </span>
     <span class='ocr_line' id='line_1_15' title="bbox 363 1950 2510 2052; baseline -0.004 -25"><span class='ocrx_word' id='word_1_114' title='bbox 363 1969 616 2027; x_wconf 86' lang='lat' dir='ltr'>senatu</span> <span class='ocrx_word' id='word_1_115' title='bbox 646 1955 918 2028; x_wconf 89' lang='lat' dir='ltr'>multos</span> <span class='ocrx_word' id='word_1_116' title='bbox 945 1955 1096 2026; x_wconf 91' lang='lat' dir='ltr'>dies</span> <span class='ocrx_word' id='word_1_117' title='bbox 1115 2010 1134 2044; x_wconf 91' lang='lat'>,</span> <span class='ocrx_word' id='word_1_118' title='bbox 1163 1952 1366 2052; x_wconf 91' lang='lat' dir='ltr'>quod</span> <span class='ocrx_word' id='word_1_119' title='bbox 1395 1956 1495 2025; x_wconf 91' lang='lat' dir='ltr'>ita</span> <span class='ocrx_word' id='word_1_120' title='bbox 1528 1966 1733 2023; x_wconf 88' lang='lat' dir='ltr'>erant</span> <span class='ocrx_word' id='word_1_121' title='bbox 1768 1952 2125 2052; x_wconf 87' lang='lat' dir='ltr'>progressi</span> <span class='ocrx_word' id='word_1_122' title='bbox 2150 1950 2510 2023; x_wconf 87' lang='lat' dir='ltr'>candidati</span> 
     </span>
     <span class='ocr_line' id='line_1_16' title="bbox 363 2061 2507 2156; baseline -0.002 -19"><span class='ocrx_word' id='word_1_123' title='bbox 363 2066 773 2138; x_wconf 88' lang='lat' dir='ltr'>consulares</span> <span class='ocrx_word' id='word_1_124' title='bbox 797 2122 817 2156; x_wconf 99' lang='lat'>,</span> <span class='ocrx_word' id='word_1_125' title='bbox 870 2081 956 2138; x_wconf 90' lang='lat' dir='ltr'>ut</span> <span class='ocrx_word' id='word_1_126' title='bbox 1005 2091 1155 2137; x_wconf 89' lang='lat' dir='ltr'>non</span> <span class='ocrx_word' id='word_1_127' title='bbox 1201 2078 1387 2136; x_wconf 87' lang='lat' dir='ltr'>esset</span> <span class='ocrx_word' id='word_1_128' title='bbox 1436 2061 1859 2150; x_wconf 84' lang='lat' dir='ltr'>ferendum3</span> <span class='ocrx_word' id='word_1_129' title='bbox 1904 2063 1979 2134; x_wconf 90' lang='lat' dir='ltr'>in</span> <span class='ocrx_word' id='word_1_130' title='bbox 2046 2076 2304 2135; x_wconf 89' lang='lat' dir='ltr'>senatu</span> <span class='ocrx_word' id='word_1_131' title='bbox 2352 2087 2507 2133; x_wconf 89' lang='lat' dir='ltr'>non</span> 
     </span>
     <span class='ocr_line' id='line_1_17' title="bbox 362 2173 2503 2273; baseline 0 -29"><span class='ocrx_word' id='word_1_132' title='bbox 362 2173 490 2247; x_wconf 90' lang='lat' dir='ltr'>fui.</span> <span class='ocrx_word' id='word_1_133' title='bbox 527 2177 758 2247; x_wconf 88' lang='lat' dir='ltr'>Statui</span> <span class='ocrx_word' id='word_1_134' title='bbox 802 2175 895 2247; x_wconf 89' lang='lat' dir='ltr'>ad</span> <span class='ocrx_word' id='word_1_135' title='bbox 937 2175 1210 2247; x_wconf 89' lang='lat' dir='ltr'>nullam</span> <span class='ocrx_word' id='word_1_136' title='bbox 1259 2174 1691 2247; x_wconf 87' lang='lat' dir='ltr'>medicinam</span> <span class='ocrx_word' id='word_1_137' title='bbox 1720 2173 2139 2273; x_wconf 83' lang='lat' dir='ltr'>reipublicae</span> <span class='ocrx_word' id='word_1_138' title='bbox 2166 2174 2325 2245; x_wconf 88' lang='lat' dir='ltr'>sine</span> <span class='ocrx_word' id='word_1_139' title='bbox 2356 2197 2503 2245; x_wconf 91' lang='lat' dir='ltr'>ma-</span> 
     </span>
     <span class='ocr_line' id='line_1_18' title="bbox 363 2284 2504 2393; baseline -0 -36"><span class='ocrx_word' id='word_1_140' title='bbox 363 2308 510 2384; x_wconf 87' lang='lat' dir='ltr'>gno</span> <span class='ocrx_word' id='word_1_141' title='bbox 545 2284 920 2385; x_wconf 75' lang='lat' dir='ltr'>praesidi0⁴</span> <span class='ocrx_word' id='word_1_142' title='bbox 945 2285 1310 2360; x_wconf 87' lang='lat' dir='ltr'>accedere.</span> <span class='ocrx_word' id='word_1_143' title='bbox 1351 2290 1522 2379; x_wconf 91' lang='lat' dir='ltr'>Quo</span> <span class='ocrx_word' id='word_1_144' title='bbox 1549 2284 1665 2360; x_wconf 90' lang='lat' dir='ltr'>die</span> <span class='ocrx_word' id='word_1_145' title='bbox 1691 2285 1847 2360; x_wconf 83' lang='lat' dir='ltr'>hoec</span> <span class='ocrx_word' id='word_1_146' title='bbox 1882 2288 2181 2393; x_wconf 84' lang='lat' dir='ltr'>scripsi,</span> <span class='ocrx_word' id='word_1_147' title='bbox 2221 2288 2504 2358; x_wconf 87' lang='lat' dir='ltr'>Drusus</span> 
     </span>
     <span class='ocr_line' id='line_1_19' title="bbox 363 2395 2505 2495; baseline -0.001 -27"><span class='ocrx_word' id='word_1_148' title='bbox 363 2410 516 2468; x_wconf 88' lang='lat' dir='ltr'>erat</span> <span class='ocrx_word' id='word_1_149' title='bbox 554 2397 647 2470; x_wconf 86' lang='lat' dir='ltr'>de</span> <span class='ocrx_word' id='word_1_150' title='bbox 692 2398 1279 2495; x_wconf 62' lang='lat' dir='ltr'>praevaricatione</span> <span class='ocrx_word' id='word_1_151' title='bbox 1331 2422 1374 2468; x_wconf 91' lang='lat' dir='ltr'>a</span> <span class='ocrx_word' id='word_1_152' title='bbox 1417 2395 1728 2468; x_wconf 84' lang='lat' dir='ltr'>tribunis</span> <span class='ocrx_word' id='word_1_153' title='bbox 1777 2397 2039 2468; x_wconf 82' lang='lat' dir='ltr'>aerariis</span> <span class='ocrx_word' id='word_1_154' title='bbox 2090 2395 2505 2484; x_wconf 79' lang='lat' dir='ltr'>absolutuS,</span> 
     </span>
     <span class='ocr_line' id='line_1_20' title="bbox 359 2506 2505 2607; baseline -0 -29"><span class='ocrx_word' id='word_1_155' title='bbox 359 2508 438 2578; x_wconf 88' lang='lat' dir='ltr'>in</span> <span class='ocrx_word' id='word_1_156' title='bbox 489 2506 856 2597; x_wconf 81' lang='lat' dir='ltr'>summa⁵‚</span> <span class='ocrx_word' id='word_1_157' title='bbox 915 2526 1234 2607; x_wconf 89' lang='lat' dir='ltr'>quatuor</span> <span class='ocrx_word' id='word_1_158' title='bbox 1283 2510 1695 2599; x_wconf 79' lang='lat' dir='ltr'>sententiis,</span> <span class='ocrx_word' id='word_1_159' title='bbox 1751 2533 1981 2606; x_wconf 90' lang='lat' dir='ltr'>quum</span> <span class='ocrx_word' id='word_1_160' title='bbox 2025 2522 2391 2580; x_wconf 89' lang='lat' dir='ltr'>senatores</span> <span class='ocrx_word' id='word_1_161' title='bbox 2430 2521 2505 2577; x_wconf 89' lang='lat' dir='ltr'>et</span> 
     </span>
     <span class='ocr_line' id='line_1_21' title="bbox 360 2616 2505 2718; baseline -0.001 -28"><span class='ocrx_word' id='word_1_162' title='bbox 360 2621 642 2717; x_wconf 88' lang='lat' dir='ltr'>equites</span> <span class='ocrx_word' id='word_1_163' title='bbox 675 2617 1154 2694; x_wconf 88' lang='lat' dir='ltr'>damnassent.</span> <span class='ocrx_word' id='word_1_164' title='bbox 1200 2625 1350 2718; x_wconf 87' lang='lat' dir='ltr'>Ego</span> <span class='ocrx_word' id='word_1_165' title='bbox 1386 2620 1647 2693; x_wconf 84' lang='lat' dir='ltr'>eodem</span> <span class='ocrx_word' id='word_1_166' title='bbox 1690 2617 1807 2692; x_wconf 87' lang='lat' dir='ltr'>die</span> <span class='ocrx_word' id='word_1_167' title='bbox 1828 2672 1847 2705; x_wconf 92' lang='lat'>‚</span> <span class='ocrx_word' id='word_1_168' title='bbox 1883 2631 2049 2718; x_wconf 88' lang='lat' dir='ltr'>post</span> <span class='ocrx_word' id='word_1_169' title='bbox 2080 2616 2451 2689; x_wconf 88' lang='lat' dir='ltr'>meridiem</span> <span class='ocrx_word' id='word_1_170' title='bbox 2485 2672 2505 2706; x_wconf 99' lang='lat'>,</span> 
     </span>
     <span class='ocr_line' id='line_1_22' title="bbox 361 2727 2503 2805; baseline -0.001 -3"><span class='ocrx_word' id='word_1_171' title='bbox 361 2728 780 2804; x_wconf 81' lang='lat' dir='ltr'>Vatinium⁶</span> <span class='ocrx_word' id='word_1_172' title='bbox 807 2731 1096 2805; x_wconf 87' lang='lat' dir='ltr'>aderam</span> <span class='ocrx_word' id='word_1_173' title='bbox 1135 2730 1565 2805; x_wconf 86' lang='lat' dir='ltr'>defensurus</span> <span class='ocrx_word' id='word_1_174' title='bbox 1607 2759 1624 2801; x_wconf 75' lang='grc' dir='ltr'><em>τ</em></span> <span class='ocrx_word' id='word_1_175' title='bbox 1661 2755 1745 2802; x_wconf 89' lang='lat' dir='ltr'>ea</span> <span class='ocrx_word' id='word_1_176' title='bbox 1774 2755 1890 2802; x_wconf 89' lang='lat' dir='ltr'>res</span> <span class='ocrx_word' id='word_1_177' title='bbox 1926 2727 2149 2801; x_wconf 86' lang='lat' dir='ltr'>facilis</span> <span class='ocrx_word' id='word_1_178' title='bbox 2192 2743 2317 2800; x_wconf 85' lang='lat' dir='ltr'>est.</span> <span class='ocrx_word' id='word_1_179' title='bbox 2358 2734 2503 2801; x_wconf 89' lang='lat' dir='ltr'>Co-</span> 
     </span>
    </p>
   </div>
   <div class='ocr_carea' id='block_1_3' title="bbox 359 2879 1384 3009">
    <p class='ocr_par' dir='ltr' id='par_1_3' title="bbox 359 2879 1384 3009">
     <span class='ocr_line' id='line_1_23' title="bbox 432 2879 1384 2946; baseline 0.005 -21"><span class='ocrx_word' id='word_1_180' title='bbox 432 2893 481 2926; x_wconf 76' lang='lat' dir='ltr'>a.</span> <span class='ocrx_word' id='word_1_181' title='bbox 501 2879 722 2928; x_wconf 79' lang='lat' dir='ltr'>Nullum.</span> <span class='ocrx_word' id='word_1_182' title='bbox 750 2879 968 2929; x_wconf 81' lang='lat' dir='ltr'>Subaudi</span> <span class='ocrx_word' id='word_1_183' title='bbox 991 2896 1084 2938; x_wconf 57' lang='grc' dir='ltr'>κω</span> <span class='ocrx_word' id='word_1_184' title='bbox 1105 2880 1242 2945; x_wconf 85' lang='lat' dir='ltr'>quod</span> <span class='ocrx_word' id='word_1_185' title='bbox 1264 2897 1384 2946; x_wconf 87' lang='lat' dir='ltr'>pro·</span> 
     </span>
     <span class='ocr_line' id='line_1_24' title="bbox 359 2956 1384 3009; baseline 0.004 -6"><span class='ocrx_word' id='word_1_186' title='bbox 359 2956 487 3004; x_wconf 85' lang='lat' dir='ltr'>xime</span> <span class='ocrx_word' id='word_1_187' title='bbox 511 2959 755 3007; x_wconf 70' lang='lat' dir='ltr'>antecedit</span> <span class='ocrx_word' id='word_1_188' title='bbox 776 2973 790 3006; x_wconf 88' lang='lat'><strong>:</strong></span> <span class='ocrx_word' id='word_1_189' title='bbox 834 2969 894 3008; x_wconf 86' lang='lat' dir='ltr'>ut</span> <span class='ocrx_word' id='word_1_190' title='bbox 918 2961 1014 3008; x_wconf 72' lang='lat' dir='ltr'>ait:</span> <span class='ocrx_word' id='word_1_191' title='bbox 1046 2981 1072 3001; x_wconf 70' lang='grc' dir='ltr'><strong>α</strong></span> <span class='ocrx_word' id='word_1_192' title='bbox 1097 2961 1174 3009; x_wconf 83' lang='lat' dir='ltr'>Ne</span> <span class='ocrx_word' id='word_1_193' title='bbox 1195 2959 1384 3008; x_wconf 85' lang='lat' dir='ltr'>nullum</span> 
     </span>
    </p>
   </div>
   <div class='ocr_carea' id='block_1_4' title="bbox 1473 2877 2499 3022">
    <p class='ocr_par' dir='ltr' id='par_1_4' title="bbox 1473 2877 2499 3022">
     <span class='ocr_line' id='line_1_25' title="bbox 1546 2877 2495 2942; baseline -0.002 -15"><span class='ocrx_word' id='word_1_194' title='bbox 1546 2888 1596 2936; x_wconf 73' lang='grc'>4.</span> <span class='ocrx_word' id='word_1_195' title='bbox 1642 2877 1895 2926; x_wconf 71' lang='lat' dir='ltr'>Prasidio.</span> <span class='ocrx_word' id='word_1_196' title='bbox 1941 2877 2051 2926; x_wconf 70' lang='lat' dir='ltr'>Nisi</span> <span class='ocrx_word' id='word_1_197' title='bbox 2094 2877 2259 2942; x_wconf 72' lang='lat' dir='ltr'>plures</span> <span class='ocrx_word' id='word_1_198' title='bbox 2308 2877 2495 2926; x_wconf 80' lang='lat' dir='ltr'>videam</span> 
     </span>
     <span class='ocr_line' id='line_1_26' title="bbox 1473 2957 2499 3022; baseline 0 -16"><span class='ocrx_word' id='word_1_199' title='bbox 1473 2974 1576 3006; x_wconf 67' lang='lat' dir='ltr'>eene</span> <span class='ocrx_word' id='word_1_200' title='bbox 1591 2994 1607 3019; x_wconf 88' lang='lat'>,</span> <span class='ocrx_word' id='word_1_201' title='bbox 1635 2959 1721 3021; x_wconf 84' lang='lat' dir='ltr'>qui</span> <span class='ocrx_word' id='word_1_202' title='bbox 1746 2972 1937 3005; x_wconf 84' lang='lat' dir='ltr'>mecum</span> <span class='ocrx_word' id='word_1_203' title='bbox 1962 2957 2171 3004; x_wconf 72' lang='lat' dir='ltr'>sentiant</span> <span class='ocrx_word' id='word_1_204' title='bbox 2187 2990 2204 3017; x_wconf 87' lang='lat'>,</span> <span class='ocrx_word' id='word_1_205' title='bbox 2230 2973 2377 3022; x_wconf 87' lang='lat' dir='ltr'>quam</span> <span class='ocrx_word' id='word_1_206' title='bbox 2412 2961 2499 3022; x_wconf 88' lang='lat' dir='ltr'>qui</span> 
     </span>
    </p>
   </div>
   <div class='ocr_carea' id='block_1_5' title="bbox 350 3034 1386 4196">
    <p class='ocr_par' dir='ltr' id='par_1_5' title="bbox 359 3034 1386 3324">
     <span class='ocr_line' id='line_1_27' title="bbox 359 3034 1386 3107; baseline 0.006 -27"><span class='ocrx_word' id='word_1_207' title='bbox 359 3034 517 3082; x_wconf 82' lang='lat' dir='ltr'>otium</span> <span class='ocrx_word' id='word_1_208' title='bbox 543 3057 586 3084; x_wconf 74' lang='grc' dir='ltr'>ι.</span> <span class='ocrx_word' id='word_1_209' title='bbox 615 3038 760 3086; x_wconf 69' lang='lat' dir='ltr'>Mu«.</span> <span class='ocrx_word' id='word_1_210' title='bbox 799 3063 870 3076; x_wconf 90' lang='lat'>--</span> <span class='ocrx_word' id='word_1_211' title='bbox 905 3037 1107 3107; x_wconf 32' lang='lat' dir='ltr'>‚schum</span> <span class='ocrx_word' id='word_1_212' title='bbox 1137 3039 1386 3103; x_wconf 68' lang='lat' dir='ltr'>rescripsit</span> 
     </span>
     <span class='ocr_line' id='line_1_28' title="bbox 360 3112 1386 3177; baseline 0.005 -17"><span class='ocrx_word' id='word_1_213' title='bbox 360 3131 388 3153; x_wconf 70' lang='grc' dir='ltr'><strong>α</strong></span> <span class='ocrx_word' id='word_1_214' title='bbox 400 3112 748 3173; x_wconf 72' lang='lat' dir='ltr'>nonnullum».</span> <span class='ocrx_word' id='word_1_215' title='bbox 762 3119 984 3177; x_wconf 72' lang='lat' dir='ltr'>Frustra3</span> <span class='ocrx_word' id='word_1_216' title='bbox 1007 3132 1116 3164; x_wconf 82' lang='lat' dir='ltr'>nam</span> <span class='ocrx_word' id='word_1_217' title='bbox 1135 3131 1386 3165; x_wconf 71' lang='lat' dir='ltr'>resumen-</span> 
     </span>
     <span class='ocr_line' id='line_1_29' title="bbox 361 3190 1386 3259; baseline 0.006 -21"><span class='ocrx_word' id='word_1_218' title='bbox 361 3190 480 3240; x_wconf 84' lang='lat' dir='ltr'>dum</span> <span class='ocrx_word' id='word_1_219' title='bbox 521 3207 584 3240; x_wconf 77' lang='lat' dir='ltr'>ne</span> <span class='ocrx_word' id='word_1_220' title='bbox 625 3210 690 3242; x_wconf 79' lang='lat' dir='ltr'>ex</span> <span class='ocrx_word' id='word_1_221' title='bbox 729 3194 792 3242; x_wconf 78' lang='lat' dir='ltr'>iis</span> <span class='ocrx_word' id='word_1_222' title='bbox 815 3195 1003 3256; x_wconf 76' lang='lat' dir='ltr'>verbis,</span> <span class='ocrx_word' id='word_1_223' title='bbox 1030 3211 1131 3243; x_wconf 70' lang='lat' dir='ltr'>une</span> <span class='ocrx_word' id='word_1_224' title='bbox 1167 3196 1386 3259; x_wconf 81' lang='lat' dir='ltr'>paullum</span> 
     </span>
     <span class='ocr_line' id='line_1_30' title="bbox 360 3271 748 3324; baseline 0.013 -5"><span class='ocrx_word' id='word_1_225' title='bbox 360 3271 452 3320; x_wconf 84' lang='lat' dir='ltr'>otii</span> <span class='ocrx_word' id='word_1_226' title='bbox 467 3293 508 3322; x_wconf 69' lang='grc' dir='ltr'>ο.</span> <span class='ocrx_word' id='word_1_227' title='bbox 533 3274 584 3322; x_wconf 83' lang='lat' dir='ltr'>J.</span> <span class='ocrx_word' id='word_1_228' title='bbox 602 3274 666 3321; x_wconf 83' lang='lat' dir='ltr'>V.</span> <span class='ocrx_word' id='word_1_229' title='bbox 693 3275 748 3324; x_wconf 77' lang='lat'>1·-</span> 
     </span>
    </p>

    <p class='ocr_par' dir='ltr' id='par_1_6' title="bbox 350 3349 1386 4196">
     <span class='ocr_line' id='line_1_31' title="bbox 433 3349 1385 3422; baseline 0.003 -23"><span class='ocrx_word' id='word_1_230' title='bbox 433 3351 484 3400; x_wconf 76' lang='lat'>3.</span> <span class='ocrx_word' id='word_1_231' title='bbox 529 3349 806 3422; x_wconf 48' lang='lat' dir='ltr'>Difficilius.</span> <span class='ocrx_word' id='word_1_232' title='bbox 833 3353 958 3402; x_wconf 82' lang='lat' dir='ltr'>Cum</span> <span class='ocrx_word' id='word_1_233' title='bbox 983 3354 1146 3418; x_wconf 78' lang='lat' dir='ltr'>aliqua</span> <span class='ocrx_word' id='word_1_234' title='bbox 1173 3352 1385 3407; x_wconf 81' lang='lat' dir='ltr'>difficul-</span> 
     </span>
     <span class='ocr_line' id='line_1_32' title="bbox 361 3431 1386 3498; baseline 0.003 -19"><span class='ocrx_word' id='word_1_235' title='bbox 361 3439 473 3480; x_wconf 78' lang='lat' dir='ltr'>tate.</span> <span class='ocrx_word' id='word_1_236' title='bbox 491 3431 708 3480; x_wconf 76' lang='lat' dir='ltr'>Nomina</span> <span class='ocrx_word' id='word_1_237' title='bbox 727 3432 952 3496; x_wconf 64' lang='lat' dir='ltr'>quadam</span> <span class='ocrx_word' id='word_1_238' title='bbox 971 3444 1108 3494; x_wconf 77' lang='lat' dir='ltr'>sunt,</span> <span class='ocrx_word' id='word_1_239' title='bbox 1135 3449 1247 3498; x_wconf 74' lang='lat' dir='ltr'>quae</span> <span class='ocrx_word' id='word_1_240' title='bbox 1272 3455 1296 3475; x_wconf 77' lang='lat'>‹-</span> <span class='ocrx_word' id='word_1_241' title='bbox 1309 3451 1386 3482; x_wconf 81' lang='lat' dir='ltr'>ae-</span> 
     </span>
     <span class='ocr_line' id='line_1_33' title="bbox 361 3509 1384 3578; baseline 0.002 -20"><span class='ocrx_word' id='word_1_242' title='bbox 361 3509 536 3558; x_wconf 75' lang='lat' dir='ltr'>euudae</span> <span class='ocrx_word' id='word_1_243' title='bbox 612 3513 991 3577; x_wconf 72' lang='lat' dir='ltr'>comparationis</span> <span class='ocrx_word' id='word_1_244' title='bbox 1027 3535 1054 3556; x_wconf 74' lang='grc' dir='ltr'><strong><em>κ</em></strong></span> <span class='ocrx_word' id='word_1_245' title='bbox 1133 3512 1384 3578; x_wconf 82' lang='lat' dir='ltr'>appeliant</span> 
     </span>
     <span class='ocr_line' id='line_1_34' title="bbox 361 3589 1384 3655; baseline 0.002 -19"><span class='ocrx_word' id='word_1_246' title='bbox 361 3589 658 3653; x_wconf 73' lang='lat' dir='ltr'>grammatici</span> <span class='ocrx_word' id='word_1_247' title='bbox 682 3605 697 3640; x_wconf 76' lang='grc' dir='ltr'><strong><em>ε</em></strong></span> <span class='ocrx_word' id='word_1_248' title='bbox 723 3606 834 3655; x_wconf 65' lang='lat' dir='ltr'>qua</span> <span class='ocrx_word' id='word_1_249' title='bbox 865 3607 1018 3655; x_wconf 85' lang='lat' dir='ltr'>quum</span> <span class='ocrx_word' id='word_1_250' title='bbox 1052 3591 1168 3640; x_wconf 86' lang='lat' dir='ltr'>ideo</span> <span class='ocrx_word' id='word_1_251' title='bbox 1203 3590 1384 3640; x_wconf 80' lang='lat' dir='ltr'>fuerint</span> 
     </span>
     <span class='ocr_line' id='line_1_35' title="bbox 357 3670 1383 3733; baseline 0.001 -17"><span class='ocrx_word' id='word_1_252' title='bbox 357 3670 556 3716; x_wconf 83' lang='lat' dir='ltr'>inventa</span> <span class='ocrx_word' id='word_1_253' title='bbox 572 3702 587 3727; x_wconf 90' lang='lat'>,</span> <span class='ocrx_word' id='word_1_254' title='bbox 623 3678 681 3718; x_wconf 90' lang='lat' dir='ltr'>ut</span> <span class='ocrx_word' id='word_1_255' title='bbox 713 3682 980 3733; x_wconf 56' lang='lat' dir='ltr'>angen-eun</span> <span class='ocrx_word' id='word_1_256' title='bbox 1021 3671 1182 3719; x_wconf 77' lang='lat' dir='ltr'>mimia</span> <span class='ocrx_word' id='word_1_257' title='bbox 1222 3681 1383 3718; x_wconf 86' lang='lat' dir='ltr'>tamen</span> 
     </span>
     <span class='ocr_line' id='line_1_36' title="bbox 360 3745 1384 3815; baseline 0.002 -21"><span class='ocrx_word' id='word_1_258' title='bbox 360 3745 638 3812; x_wconf 71' lang='lat' dir='ltr'>significant</span> <span class='ocrx_word' id='word_1_259' title='bbox 654 3782 671 3809; x_wconf 89' lang='lat'>,</span> <span class='ocrx_word' id='word_1_260' title='bbox 715 3763 862 3812; x_wconf 83' lang='lat' dir='ltr'>quam</span> <span class='ocrx_word' id='word_1_261' title='bbox 923 3765 977 3799; x_wconf 81' lang='lat' dir='ltr'>ea</span> <span class='ocrx_word' id='word_1_262' title='bbox 1000 3785 1014 3810; x_wconf 93' lang='lat'><strong><em>‚</em></strong></span> <span class='ocrx_word' id='word_1_263' title='bbox 1063 3767 1174 3815; x_wconf 66' lang='lat' dir='ltr'>qua</span> <span class='ocrx_word' id='word_1_264' title='bbox 1233 3748 1384 3797; x_wconf 85' lang='lat' dir='ltr'>iidem</span> 
     </span>
     <span class='ocr_line' id='line_1_37' title="bbox 350 3825 1384 3894; baseline 0.002 -20"><span class='ocrx_word' id='word_1_265' title='bbox 350 3825 564 3892; x_wconf 66' lang='lat' dir='ltr'>positiva</span> <span class='ocrx_word' id='word_1_266' title='bbox 586 3827 772 3877; x_wconf 83' lang='lat' dir='ltr'>dicunt.</span> <span class='ocrx_word' id='word_1_267' title='bbox 808 3831 980 3894; x_wconf 82' lang='lat' dir='ltr'>Itaque</span> <span class='ocrx_word' id='word_1_268' title='bbox 1007 3829 1132 3878; x_wconf 84' lang='lat' dir='ltr'>illud</span> <span class='ocrx_word' id='word_1_269' title='bbox 1151 3828 1384 3894; x_wconf 73' lang='lat' dir='ltr'>virgilia-</span> 
     </span>
     <span class='ocr_line' id='line_1_38' title="bbox 361 3895 1384 3975; baseline 0.004 -21"><span class='ocrx_word' id='word_1_270' title='bbox 361 3923 482 3955; x_wconf 86' lang='lat' dir='ltr'>num</span> <span class='ocrx_word' id='word_1_271' title='bbox 499 3941 514 3966; x_wconf 91' lang='lat'>,</span> <span class='ocrx_word' id='word_1_272' title='bbox 543 3895 814 3966; x_wconf 71' lang='lat' dir='ltr'>«Tristior,</span> <span class='ocrx_word' id='word_1_273' title='bbox 862 3919 911 3957; x_wconf 88' lang='lat' dir='ltr'>et</span> <span class='ocrx_word' id='word_1_274' title='bbox 943 3909 1172 3975; x_wconf 67' lang='lat' dir='ltr'>lacrymis</span> <span class='ocrx_word' id='word_1_275' title='bbox 1214 3908 1384 3958; x_wconf 79' lang='lat' dir='ltr'>oculos</span> 
     </span>
     <span class='ocr_line' id='line_1_39' title="bbox 361 3987 1384 4054; baseline 0.002 -20"><span class='ocrx_word' id='word_1_276' title='bbox 361 3987 542 4035; x_wconf 74' lang='lat' dir='ltr'>suffusa</span> <span class='ocrx_word' id='word_1_277' title='bbox 595 3987 894 4048; x_wconf 70' lang='lat' dir='ltr'>rubentes»,</span> <span class='ocrx_word' id='word_1_278' title='bbox 933 3989 1140 4054; x_wconf 81' lang='lat' dir='ltr'>exponit</span> <span class='ocrx_word' id='word_1_279' title='bbox 1187 3989 1384 4037; x_wconf 72' lang='lat' dir='ltr'>Servius</span> 
     </span>
     <span class='ocr_line' id='line_1_40' title="bbox 361 4065 1384 4134; baseline 0.004 -22"><span class='ocrx_word' id='word_1_280' title='bbox 361 4065 458 4114; x_wconf 83' lang='lat' dir='ltr'>hoe</span> <span class='ocrx_word' id='word_1_281' title='bbox 483 4066 657 4115; x_wconf 82' lang='lat' dir='ltr'>modo:</span> <span class='ocrx_word' id='word_1_282' title='bbox 691 4067 906 4124; x_wconf 73' lang='lat' dir='ltr'>Tristior,</span> <span class='ocrx_word' id='word_1_283' title='bbox 938 4071 1098 4119; x_wconf 70' lang='lat' dir='ltr'>miuus</span> <span class='ocrx_word' id='word_1_284' title='bbox 1123 4080 1216 4133; x_wconf 78' lang='lat' dir='ltr'>est,</span> <span class='ocrx_word' id='word_1_285' title='bbox 1241 4085 1384 4134; x_wconf 84' lang='lat' dir='ltr'>quam</span> 
     </span>
     <span class='ocr_line' id='line_1_41' title="bbox 362 4143 690 4196; baseline 0.006 -4"><span class='ocrx_word' id='word_1_286' title='bbox 362 4143 518 4194; x_wconf 75' lang='lat' dir='ltr'>criseis.</span> <span class='ocrx_word' id='word_1_287' title='bbox 545 4149 690 4196; x_wconf 68' lang='lat' dir='ltr'>Mau.</span> 
     </span>
    </p>
   </div>
   <div class='ocr_carea' id='block_1_6' title="bbox 1471 3049 2519 3811">
    <p class='ocr_par' dir='ltr' id='par_1_7' title="bbox 1473 3049 1663 3085">
     <span class='ocr_line' id='line_1_42' title="bbox 1473 3049 1663 3085; baseline 0 -1"><span class='ocrx_word' id='word_1_288' title='bbox 1473 3049 1663 3085; x_wconf 83' lang='lat' dir='ltr'>eontra.</span> 
     </span>
    </p>

    <p class='ocr_par' dir='ltr' id='par_1_8' title="bbox 1471 3112 2519 3719">
     <span class='ocr_line' id='line_1_43' title="bbox 1552 3112 2501 3165; baseline -0.004 -1"><span class='ocrx_word' id='word_1_289' title='bbox 1552 3117 1599 3165; x_wconf 87' lang='lat'>5.</span> <span class='ocrx_word' id='word_1_290' title='bbox 1639 3118 1701 3163; x_wconf 74' lang='lat'>112</span> <span class='ocrx_word' id='word_1_291' title='bbox 1742 3131 1951 3165; x_wconf 74' lang='lat' dir='ltr'>sunum.</span> <span class='ocrx_word' id='word_1_292' title='bbox 1998 3114 2230 3162; x_wconf 84' lang='lat' dir='ltr'>Omnium</span> <span class='ocrx_word' id='word_1_293' title='bbox 2270 3112 2501 3161; x_wconf 76' lang='lat' dir='ltr'>ordinum</span> 
     </span>
     <span class='ocr_line' id='line_1_44' title="bbox 1472 3193 2501 3256; baseline -0.003 -12"><span class='ocrx_word' id='word_1_294' title='bbox 1472 3195 1723 3244; x_wconf 62' lang='lat' dir='ltr'>sententia</span> <span class='ocrx_word' id='word_1_295' title='bbox 1748 3193 2145 3256; x_wconf 79' lang='lat' dir='ltr'>numerabantur,</span> <span class='ocrx_word' id='word_1_296' title='bbox 2162 3203 2211 3240; x_wconf 84' lang='lat' dir='ltr'>et</span> <span class='ocrx_word' id='word_1_297' title='bbox 2232 3207 2296 3239; x_wconf 84' lang='lat' dir='ltr'>ex</span> <span class='ocrx_word' id='word_1_298' title='bbox 2318 3195 2501 3254; x_wconf 70' lang='lat' dir='ltr'>maiore</span> 
     </span>
     <span class='ocr_line' id='line_1_45' title="bbox 1472 3270 2500 3339; baseline -0.003 -16"><span class='ocrx_word' id='word_1_299' title='bbox 1472 3285 1613 3339; x_wconf 84' lang='lat' dir='ltr'>parte</span> <span class='ocrx_word' id='word_1_300' title='bbox 1634 3273 1715 3322; x_wconf 74' lang='lat' dir='ltr'>vel</span> <span class='ocrx_word' id='word_1_301' title='bbox 1734 3272 2093 3330; x_wconf 73' lang='lat' dir='ltr'>absolvebatur,</span> <span class='ocrx_word' id='word_1_302' title='bbox 2109 3271 2187 3320; x_wconf 80' lang='lat' dir='ltr'>vel</span> <span class='ocrx_word' id='word_1_303' title='bbox 2206 3270 2500 3320; x_wconf 83' lang='lat' dir='ltr'>condemna-</span> 
     </span>
     <span class='ocr_line' id='line_1_46' title="bbox 1474 3349 2519 3415; baseline -0.002 -13"><span class='ocrx_word' id='word_1_304' title='bbox 1474 3353 1617 3402; x_wconf 75' lang='lat' dir='ltr'>batur</span> <span class='ocrx_word' id='word_1_305' title='bbox 1652 3369 1780 3402; x_wconf 74' lang='lat' dir='ltr'>reus.</span> <span class='ocrx_word' id='word_1_306' title='bbox 1825 3349 2069 3400; x_wconf 84' lang='lat' dir='ltr'>ordinum</span> <span class='ocrx_word' id='word_1_307' title='bbox 2115 3351 2335 3415; x_wconf 70' lang='lat' dir='ltr'>ipsorum</span> <span class='ocrx_word' id='word_1_308' title='bbox 2373 3353 2519 3400; x_wconf 78' lang='lat' dir='ltr'>ratio&#39;</span> 
     </span>
     <span class='ocr_line' id='line_1_47' title="bbox 1473 3430 2499 3481; baseline -0.001 0"><span class='ocrx_word' id='word_1_309' title='bbox 1473 3448 1579 3481; x_wconf 82' lang='lat' dir='ltr'>non</span> <span class='ocrx_word' id='word_1_310' title='bbox 1604 3430 1887 3480; x_wconf 76' lang='lat' dir='ltr'>habebatur.</span> <span class='ocrx_word' id='word_1_311' title='bbox 1914 3433 2113 3480; x_wconf 81' lang='lat' dir='ltr'>Poterat</span> <span class='ocrx_word' id='word_1_312' title='bbox 2140 3430 2271 3478; x_wconf 86' lang='lat' dir='ltr'>euim</span> <span class='ocrx_word' id='word_1_313' title='bbox 2302 3447 2394 3478; x_wconf 84' lang='lat' dir='ltr'>usu</span> <span class='ocrx_word' id='word_1_314' title='bbox 2418 3447 2499 3480; x_wconf 83' lang='lat' dir='ltr'>ve-</span> 
     </span>
     <span class='ocr_line' id='line_1_48' title="bbox 1473 3509 2499 3574; baseline 0 -14"><span class='ocrx_word' id='word_1_315' title='bbox 1473 3513 1581 3560; x_wconf 81' lang='lat' dir='ltr'>nire</span> <span class='ocrx_word' id='word_1_316' title='bbox 1604 3547 1621 3574; x_wconf 85' lang='lat'>,</span> <span class='ocrx_word' id='word_1_317' title='bbox 1652 3522 1709 3560; x_wconf 88' lang='lat' dir='ltr'>ut</span> <span class='ocrx_word' id='word_1_318' title='bbox 1748 3527 1775 3559; x_wconf 87' lang='lat' dir='ltr'>a</span> <span class='ocrx_word' id='word_1_319' title='bbox 1804 3510 2001 3560; x_wconf 68' lang='lat' dir='ltr'>duobus</span> <span class='ocrx_word' id='word_1_320' title='bbox 2030 3509 2287 3560; x_wconf 72' lang='lat' dir='ltr'>ordinibus</span> <span class='ocrx_word' id='word_1_321' title='bbox 2311 3510 2499 3560; x_wconf 79' lang='lat' dir='ltr'>conde-</span> 
     </span>
     <span class='ocr_line' id='line_1_49' title="bbox 1471 3591 2499 3649; baseline 0.001 -11"><span class='ocrx_word' id='word_1_322' title='bbox 1471 3601 1692 3649; x_wconf 71' lang='lat' dir='ltr'>mnatus,</span> <span class='ocrx_word' id='word_1_323' title='bbox 1712 3605 1771 3638; x_wconf 81' lang='lat' dir='ltr'>ex</span> <span class='ocrx_word' id='word_1_324' title='bbox 1790 3591 2021 3639; x_wconf 71' lang='lat' dir='ltr'>universo</span> <span class='ocrx_word' id='word_1_325' title='bbox 2048 3601 2209 3639; x_wconf 82' lang='lat' dir='ltr'>tamen</span> <span class='ocrx_word' id='word_1_326' title='bbox 2240 3591 2499 3640; x_wconf 67' lang='lat' dir='ltr'>senteutia-</span> 
     </span>
     <span class='ocr_line' id='line_1_50' title="bbox 1471 3669 2361 3719; baseline 0.001 -1"><span class='ocrx_word' id='word_1_327' title='bbox 1471 3685 1579 3718; x_wconf 84' lang='lat' dir='ltr'>mm</span> <span class='ocrx_word' id='word_1_328' title='bbox 1609 3687 1812 3719; x_wconf 83' lang='lat' dir='ltr'>numero</span> <span class='ocrx_word' id='word_1_329' title='bbox 1841 3669 2193 3718; x_wconf 74' lang='lat' dir='ltr'>absolveretur.</span> <span class='ocrx_word' id='word_1_330' title='bbox 2212 3671 2361 3719; x_wconf 66' lang='lat' dir='ltr'>Mau.</span> 
     </span>
    </p>

    <p class='ocr_par' dir='ltr' id='par_1_9' title="bbox 1546 3749 2499 3811">
     <span class='ocr_line' id='line_1_51' title="bbox 1546 3749 2499 3811; baseline 0.002 -13"><span class='ocrx_word' id='word_1_331' title='bbox 1546 3751 1595 3798; x_wconf 84' lang='lat'>6.</span> <span class='ocrx_word' id='word_1_332' title='bbox 1654 3749 1929 3799; x_wconf 75' lang='lat' dir='ltr'>Vatinium.</span> <span class='ocrx_word' id='word_1_333' title='bbox 1994 3751 2153 3811; x_wconf 76' lang='lat' dir='ltr'>Hujus</span> <span class='ocrx_word' id='word_1_334' title='bbox 2204 3749 2499 3800; x_wconf 64' lang='lat' dir='ltr'>defensionis</span> 
     </span>
    </p>
   </div>
   <div class='ocr_carea' id='block_1_7' title="bbox 1447 3821 2500 3878">
    <p class='ocr_par' dir='ltr' id='par_1_10' title="bbox 1447 3821 2500 3878">
     <span class='ocr_line' id='line_1_52' title="bbox 1447 3821 2500 3878; baseline 0.002 -2"><span class='ocrx_word' id='word_1_335' title='bbox 1447 3821 1693 3877; x_wconf 56' lang='lat' dir='ltr'>⁴meminit</span> <span class='ocrx_word' id='word_1_336' title='bbox 1756 3829 1995 3878; x_wconf 71' lang='lat' dir='ltr'>Pedianus</span> <span class='ocrx_word' id='word_1_337' title='bbox 2047 3830 2102 3876; x_wconf 87' lang='lat' dir='ltr'>iu</span> <span class='ocrx_word' id='word_1_338' title='bbox 2165 3822 2500 3878; x_wconf 74' lang='lat' dir='ltr'>commentarii</span> 
     </span>
    </p>
   </div>
   <div class='ocr_carea' id='block_1_8' title="bbox 1471 3909 2499 4212">
    <p class='ocr_par' dir='ltr' id='par_1_11' title="bbox 1471 3909 2499 4212">
     <span class='ocr_line' id='line_1_53' title="bbox 1471 3909 2499 3974; baseline 0.003 -19"><span class='ocrx_word' id='word_1_339' title='bbox 1471 3909 1715 3972; x_wconf 83' lang='lat' dir='ltr'>prooemio</span> <span class='ocrx_word' id='word_1_340' title='bbox 1736 3925 1827 3973; x_wconf 84' lang='lat' dir='ltr'>pro</span> <span class='ocrx_word' id='word_1_341' title='bbox 1856 3909 2038 3956; x_wconf 84' lang='lat' dir='ltr'>Scauro</span> <span class='ocrx_word' id='word_1_342' title='bbox 2051 3943 2067 3966; x_wconf 83' lang='lat'>‚</span> <span class='ocrx_word' id='word_1_343' title='bbox 2086 3920 2139 3958; x_wconf 89' lang='lat' dir='ltr'>et</span> <span class='ocrx_word' id='word_1_344' title='bbox 2153 3910 2260 3974; x_wconf 78' lang='lat' dir='ltr'>ipse</span> <span class='ocrx_word' id='word_1_345' title='bbox 2274 3911 2499 3959; x_wconf 70' lang='lat' dir='ltr'>Vatinius</span> 
     </span>
     <span class='ocr_line' id='line_1_54' title="bbox 1471 3988 2496 4060; baseline 0.004 -26"><span class='ocrx_word' id='word_1_346' title='bbox 1471 3989 1527 4034; x_wconf 85' lang='lat' dir='ltr'>in</span> <span class='ocrx_word' id='word_1_347' title='bbox 1550 3988 1775 4053; x_wconf 76' lang='lat' dir='ltr'>epistola.</span> <span class='ocrx_word' id='word_1_348' title='bbox 1803 3991 1950 4040; x_wconf 65' lang='lat' dir='ltr'>Man.</span> <span class='ocrx_word' id='word_1_349' title='bbox 1967 4013 2039 4028; x_wconf 84' lang='lat'>-</span> <span class='ocrx_word' id='word_1_350' title='bbox 2060 3991 2171 4038; x_wconf 78' lang='lat' dir='ltr'>Hoc</span> <span class='ocrx_word' id='word_1_351' title='bbox 2195 4002 2361 4060; x_wconf 71' lang='lat' dir='ltr'>autem</span> <span class='ocrx_word' id='word_1_352' title='bbox 2380 3991 2496 4038; x_wconf 75' lang='lat' dir='ltr'>fecit</span> 
     </span>
     <span class='ocr_line' id='line_1_55' title="bbox 1477 4065 2497 4136; baseline 0.002 -21"><span class='ocrx_word' id='word_1_353' title='bbox 1477 4065 1677 4127; x_wconf 79' lang='lat' dir='ltr'>Cicero,</span> <span class='ocrx_word' id='word_1_354' title='bbox 1717 4079 1775 4118; x_wconf 90' lang='lat' dir='ltr'>ut</span> <span class='ocrx_word' id='word_1_355' title='bbox 1796 4069 1974 4118; x_wconf 71' lang='lat' dir='ltr'>Caesari</span> <span class='ocrx_word' id='word_1_356' title='bbox 2002 4069 2323 4132; x_wconf 70' lang='lat' dir='ltr'>satisfaceret,</span> <span class='ocrx_word' id='word_1_357' title='bbox 2359 4069 2497 4136; x_wconf 78' lang='lat' dir='ltr'>quod</span> 
     </span>
     <span class='ocr_line' id='line_1_56' title="bbox 1475 4149 2177 4212; baseline 0.001 -15"><span class='ocrx_word' id='word_1_358' title='bbox 1475 4149 1685 4197; x_wconf 83' lang='lat' dir='ltr'>Lentulo</span> <span class='ocrx_word' id='word_1_359' title='bbox 1706 4159 1901 4198; x_wconf 68' lang='lat' dir='ltr'>excusat</span> <span class='ocrx_word' id='word_1_360' title='bbox 1924 4151 1947 4197; x_wconf 88' lang='lat'>1</span> <span class='ocrx_word' id='word_1_361' title='bbox 1965 4183 1979 4210; x_wconf 85' lang='lat'>,</span> <span class='ocrx_word' id='word_1_362' title='bbox 2008 4167 2057 4212; x_wconf 81' lang='lat'>9.</span> <span class='ocrx_word' id='word_1_363' title='bbox 2086 4151 2177 4198; x_wconf 79' lang='lat' dir='ltr'>En.</span> 
     </span>
    </p>
   </div>
  </div>
 </body>
</html>
