3019 4681
566 437 704 509 7⁰2
870 409 1402 480 EPISTOLAE
1452 408 1649 477 CIC.
1702 407 1826 476 ET
1872 409 2230 494 BRUTI,
2286 433 2401 476 22.

563 534 838 610 bellum
873 557 1148 633 gerere.
1201 536 1311 603 De
1361 547 1434 603 te
1481 535 1697 603 etiam
1740 529 1891 604 dixi
1940 546 2096 604 tum
2121 589 2140 622 ‚
2180 555 2342 629 quae
2392 529 2699 606 dicenda

567 649 833 747 putavi.
869 651 1034 717 Haec
1070 643 1161 716 ad
1195 658 1268 716 te
1305 641 1587 714 oratio⁴
1626 641 2067 741 perferetur,
2109 645 2451 740 quoniam
2492 657 2567 714 te
2596 646 2698 712 vi—

565 757 704 831 deo
737 756 1076 829 delectari
1111 753 1527 853 Philippicis
1544 757 1831 825 nostris.
1862 751 2080 844 Quod
2118 775 2237 824 me
2256 749 2346 822 de
2378 755 2698 822 Antonio

566 867 923 955 consulis3
958 864 1202 962 quoad
1226 867 1429 935 Bruti
1455 865 1729 936 exitum
1756 866 2247 961 cognorimus,
2286 859 2702 936 custodien-

569 977 745 1050 dum
778 991 980 1075 puto.
1017 979 1122 1046 Ex
1152 973 1265 1046 his
1299 975 1554 1063 literiS‚
1584 997 1766 1072 quas
1796 973 1977 1044 mihi
2006 975 2256 1044 misisti
2276 1027 2293 1059 ‚
2330 971 2705 1044 Dolabella

569 1092 810 1164 Asiam
839 1111 1099 1160 vexare
1130 1086 1450 1178 videtur,
1499 1101 1575 1158 et
1606 1088 1687 1157 in
1723 1111 1807 1158 ea
1844 1111 1919 1159 se
1958 1109 2207 1184 gerere
2255 1085 2627 1156 teterrime
2652 1079 2705 1152 ⁵.

571 1196 1090 1296 Compluribus
1139 1212 1384 1268 autem
1435 1198 1818 1294 scripsisti,
1854 1193 2302 1267 Dolabellam
2330 1219 2373 1265 a
2406 1190 2707 1264 Rhodiis

573 1333 728 1381 esse
770 1306 1142 1379 exclusum
1186 1334 1202 1377 ε
1252 1310 1382 1404 qui
1418 1309 1476 1378 si
1517 1306 1606 1378 ad
1648 1304 1990 1378 Rhodum
2026 1307 2318 1378 accessit
2347 1358 2367 1392 ,
2419 1304 2708 1375 videtur

575 1418 750 1489 mihi
799 1420 1038 1490 Asiam
1091 1417 1484 1515 reliquisse.
1524 1418 1608 1490 Id
1644 1419 1700 1490 si
1738 1418 1836 1488 ita
1866 1432 1975 1488 est
1995 1469 2017 1505 ‚
2060 1417 2220 1488 istic
2256 1414 2391 1486 tibi
2446 1437 2705 1486 censeo

575 1527 1170 1600 commorandum
1205 1553 1222 1596 ε
1255 1529 1369 1598 sin
1387 1551 1546 1601 eam
1572 1528 1796 1600 semel
1828 1528 2057 1627 cepit,
2086 1525 2267 1597 mihi
2309 1523 2620 1597 crede....
2644 1521 2709 1552 *⁴²

579 1663 726 1710 non
763 1635 963 1710 eritss.
1001 1637 1112 1708 Id.
1147 1635 1354 1735 april.

575 1802 622 1839 et
641 1805 795 1855 prope
814 1787 1126 1850 confirmavi,
1145 1799 1194 1838 te
1212 1804 1316 1838 non
1327 1801 1599 1854 exspectas-
1758 1797 1807 1846 4.
1829 1787 2103 1838 Tem-rime.
2122 1788 2206 1837 Ad
2224 1788 2340 1838 Div.
2360 1787 2487 1846 111,
2520 1783 2603 1832 15.
2618 1783 2709 1832 En.

573 1883 655 1928 se,
669 1883 759 1915 nec
781 1877 1172 1930 exspectaturum
1193 1865 1382 1915 decreta
1403 1880 1571 1916 nostra
1585 1902 1600 1927 ,
1760 1870 1811 1918 5.
1859 1867 2048 1916 Oratio.
2070 1866 2284 1932 Philipp.
2304 1867 2394 1914 11.

575 1945 663 1993 sed
681 1957 728 1993 te
749 1946 908 2010 ipsum
929 1953 1017 1992 tuo
1035 1959 1170 1992 more
1189 1961 1344 2010 remp.
1370 1945 1601 1994 defensu-
1758 1947 1810 1995 6.
1864 1945 1945 1996 Al.
1978 1955 2093 2011 post
2126 1961 2227 1996 non
2266 1942 2389 2002 erit,
2429 1941 2618 1991 addunt
2648 1955 2713 1988 ex

579 2041 688 2072 rum
702 2045 748 2074 -.
769 2025 986 2072 Mun—
1002 2023 1094 2072 Ed.
1113 2023 1398 2084 Catamiti,
1423 2023 1601 2073 senaci-
1687 2025 1895 2090 epistola
1929 2024 2175 2089 sequenti,
2221 2045 2248 2066 αι
2264 2034 2317 2072 at
2358 2022 2415 2071 in
2455 2021 2649 2071 Asiam·
2664 2053 2676 2065 -
2690 2053 2702 2066 ·

575 2103 813 2152 consulto.
841 2105 875 2151 J
879 2136 894 2150 .
909 2105 977 2151 V.
1006 2104 1064 2151 1..
1689 2113 1889 2154 acturus
1909 2125 1951 2154 n.
1973 2106 2028 2154 J.
2047 2107 2113 2154 V.
2144 2105 2201 2151 L.

573 2257 1496 2280 mmmmm—mmmm
1503 2259 1863 2280 mmmm
2243 2253 2703 2279 mmmmm

1141 2428 1749 2511 EPISTOLA
1822 2430 2185 2513 XXIII.

576 2596 664 2651 De
691 2588 974 2651 Trebonii
1007 2604 1195 2651 morte
1221 2605 1282 2651 et
1310 2592 1611 2671 provincia
1638 2591 1859 2653 scribit.
1902 2598 1995 2653 De
2024 2590 2286 2653 Antonio
2318 2592 2591 2652 consulit.
2632 2594 2722 2651 De

659 2686 831 2749 rebus
859 2708 894 2745 a
923 2689 1128 2749 Cassio
1155 2690 1328 2769 gestis
1363 2690 1506 2769 quid
1534 2691 1662 2749 fieri
1689 2690 1831 2750 velit
1848 2732 1867 2763 ,
1896 2690 2168 2749 ostendit.
2200 2691 2513 2751 Orationes
2548 2688 2717 2749 Cice-

655 2784 819 2843 ronis
845 2783 1073 2856 laudat,
1107 2798 1165 2843 et
1189 2786 1498 2863 pecuniam
1521 2788 2106 2869 supplementumque
2130 2787 2406 2869 postulat.
2429 2785 2721 2869 (Dyrrha-

655 2880 804 2956 chii,
837 2900 990 2940 anno
1021 2886 1097 2941 U.
1131 2884 1196 2941 C.
1234 2902 1346 2955 710
1368 2926 1385 2953 ,
1425 2902 1621 2942 mense
1648 2885 1863 2963 aprili.)

1183 3042 1521 3107 BRUTUS
1564 3044 1983 3111 CICERONI
2028 3046 2093 3111 S.

677 3169 986 3236 erznss
1029 3178 1189 3236 tuas
1232 3164 1438 3237 valde
1495 3181 1834 3266 exspecto
1858 3223 1877 3256 ,
1933 3192 2113 3265 quas
2168 3170 2515 3266 scripsisti
2560 3182 2727 3268 post

581 3276 878 3348 nuntios
901 3288 1319 3347 nostrarum
1347 3300 1596 3348 rerum
1615 3332 1635 3366 ‚
1666 3291 1738 3349 et
1758 3275 1849 3349 de
1877 3292 2115 3349 morte
2142 3276 2487 3349 Trebonii
2521 3304 2539 3348 ε
2576 3303 2729 3348 non

587 3388 784 3459 enim
820 3384 1116 3477 dubito,
1159 3389 1336 3485 quin
1373 3386 1553 3457 mihi
1586 3388 1968 3459 consilium
2004 3404 2211 3477 tuum
2246 3389 2578 3488 explices.
2612 3393 2730 3459 In-

585 3496 808 3592 digno
853 3496 1124 3569 scelere
1165 3511 1239 3568 et
1273 3497 1500 3569 civem
1554 3499 1915 3597 optimum
1970 3500 2339 3573 amisimus
2360 3554 2379 3587 ‚
2434 3514 2509 3572 et
2544 3524 2717 3597 pro-

580 3607 834 3676 vinciae
875 3608 1328 3705 possessione
1366 3606 1651 3707 depulsi
1690 3634 1986 3682 sumus:
2049 3634 2269 3709 quam
2316 3612 2733 3713 recuperari

586 3712 790 3787 facile
821 3732 973 3805 .est;
1011 3742 1252 3815 neque
1282 3718 1527 3790 minus
1572 3734 1787 3819 turpe
1814 3735 1945 3793 aut
1983 3718 2417 3818 flagitiosum
2458 3722 2631 3808 erit,
2672 3723 2727 3791 si

582 3840 822 3921 potest
845 3838 866 3871 ¹
893 3880 913 3914 ,
942 3853 1102 3935 ‘non
1138 3830 1572 3927 recuperari.
1614 3835 2020 3903 Antonius²
2053 3830 2292 3902 adhuc
2326 3844 2435 3901 est
2478 3828 2729 3901 nobis-

657 3987 770 4039 nsi
777 4000 965 4053 potest,
983 4008 1084 4041 non
1097 3994 1606 4057 recuperato-nino
1694 3996 1853 4045 dicere
1884 4011 1899 4045 ε
1942 3995 2047 4045 Etsi
2084 4007 2398 4061 recuperetur
2432 3996 2581 4054 Asia,
2620 4008 2723 4041 non
2764 4000 2777 4017 ⁸

583 4068 646 4127 si,
677 4079 727 4117 et
757 4084 892 4129 non,
929 4070 1156 4135 Sigonius
1183 4072 1365 4133 edidit,
1386 4086 1504 4139 pose
1528 4090 1601 4122 re-
1692 4076 1853 4125 minus
1892 4086 2053 4125 tanen
2088 4077 2237 4125 fuerit
2274 4074 2544 4126 Dolabella
2587 4072 2721 4135 flagi-

577 4147 817 4211 cupeaewi.
881 4150 948 4197 Ut
1001 4148 1097 4199 hoe
1151 4152 1329 4200 Bruma
1379 4154 1604 4203 videntur
1692 4154 1828 4201 tium.
1849 4154 2057 4213 Verum,
2082 4154 2281 4213 ambo,
2306 4170 2397 4205 our
2417 4152 2497 4201 inti
2514 4151 2722 4200 brevita-
