3019 4681
697 387 1229 458 EPISTOLAE
1277 389 1474 460 CIC.
1528 387 1657 456 ET
1706 387 2073 472 BRUTI,
2110 379 2235 455 -15.
2387 384 2525 457 681

407 537 519 584 co.
564 509 900 582 Praeclara
949 507 1070 579 illa
1119 508 1414 606 quidem
1463 510 1752 606 ingenia
1774 563 1794 598 ,
1850 533 2010 608 quae
2076 508 2301 606 gloria
2346 509 2531 580 invi·

407 635 692 707 tantur3
727 619 854 691 sed
879 632 1172 690 senatus
1203 622 1418 690 etiam
1449 621 1768 717 sapienS,
1796 621 1921 716 qui
1944 673 1965 706 ‚
1995 642 2141 716 qua
2167 641 2537 717 quemque

407 755 488 802 re
525 743 768 828 putat,
813 727 1034 800 modo
1073 728 1418 819 honesta,
1468 730 1556 801 ad
1589 727 2109 828 rempublicam
2144 727 2535 824 juvandam

409 862 625 936 posse
672 837 975 926 adduci,
1027 837 1460 913 hac‘utitur.
1496 843 1587 911 At
1630 843 1705 909 in
1756 837 2031 939 Lepido
2065 837 2537 934 reprehendi-

413 973 619 1020 mur:
665 949 784 1020 cui
846 973 1078 1047 quum
1133 963 1440 1048 statuam
1465 944 1529 994 ¹⁸
1570 951 1645 1018 in
1682 949 1953 1021 Rostris
2008 949 2539 1032 statuissemuS‚

415 1059 634 1130 iidem
679 1058 874 1130 illam
913 1060 1324 1132 evertimus.
1364 1063 1517 1131 Nos
1556 1058 1761 1129 illum
1803 1057 2085 1130 honore
2134 1055 2539 1128 studuimus

411 1195 452 1240 a
507 1166 755 1242 furore
811 1192 1174 1240 revocare.
1231 1171 1424 1242 Vicit
1475 1171 1788 1243 amentia
1846 1170 2183 1242 levissimi
2229 1167 2543 1238 hominis

411 1293 732 1351 nostram
771 1278 1252 1377 prudentiam.
1290 1284 1442 1352 Nec
1476 1295 1719 1352 tamen
1752 1295 2029 1352 tantum
2066 1281 2141 1350 in
2170 1275 2547 1350 statuenda
2589 1289 2595 1293 '

412 1389 668 1488 Lepidi
703 1403 940 1460 statua
973 1385 1242 1460 factum
1279 1403 1388 1459 est
1419 1390 1630 1478 mali,
1667 1407 2019 1486 quantum
2056 1390 2131 1458 in
2162 1383 2546 1460 evertenda

411 1497 616 1570 boni

509 1609 691 1680 Satis
741 1607 970 1681 multa
1021 1607 1112 1680 de
1156 1607 1615 1680 honoribus:
1662 1634 1862 1680 nunc
1914 1607 2005 1690 de
2057 1631 2275 1705 poena
2317 1628 2545 1702 pauca

411 1735 583 1792 sunt
634 1718 954 1792 dicenda.
997 1719 1328 1792 Intellexi
1376 1722 1571 1791 enim
1618 1744 1709 1790 ex
1761 1721 1903 1790 tuis
1940 1741 2123 1814 saepe
2160 1714 2381 1786 literis
2404 1767 2423 1802 ,
2474 1728 2545 1783 te

412 1831 488 1900 in
532 1831 612 1900 iis
633 1883 654 1916 ‚
707 1853 894 1926 quos
943 1827 1140 1902 bello
1195 1827 1557 1917 devicisti,
1608 1828 2061 1900 clementiam
2112 1841 2313 1897 tuam
2360 1821 2543 1894 velle

413 1939 710 2013 laudari.
758 1942 1108 2012 Existimo
1155 1939 1490 2039 equidem
1536 1939 1715 2010 nihil
1752 1963 1794 2010 a
1834 1953 1945 2026 te,
1984 1939 2117 2008 nisi
2156 1937 2540 2033 sapienter.

413 2048 550 2120 Sed
580 2047 866 2120 sceleris
897 2073 1188 2147 poenam
1219 2051 1763 2148 praetermittere
1804 2048 1924 2146 (id
1956 2048 2145 2119 enim
2175 2061 2318 2134 est,
2346 2043 2546 2143 quod

413 2172 716 2229 vocatur
755 2158 1228 2256 ignoscere),
1273 2161 1484 2231 etiam
1526 2160 1587 2232 si
1620 2162 1691 2230 in
1732 2160 1989 2230 ceteris
2032 2155 2253 2228 rebus
2285 2153 2547 2226 tolera·
2592 2173 2603 2184 ⁶

412 2265 562 2338 bile
591 2283 698 2339 est
717 2321 737 2355 ‚
766 2269 842 2338 in
875 2267 1016 2340 hoc
1045 2267 1240 2340 bello
1267 2271 1757 2369 perniciosum
1793 2283 1995 2369 puto,
2029 2267 2325 2339 Nullum
2352 2266 2548 2336 enim

417 2376 692 2449 bellum
734 2378 940 2451 civile
975 2377 1117 2449 fuit
1163 2381 1236 2449 in
1277 2395 1525 2453 nostra
1565 2379 1937 2477 republica
1976 2378 2349 2465 omnium,
2387 2399 2551 2473 quae

415 2488 764 2559 memoria
799 2512 960 2560 mea
1004 2488 1343 2578 fuerunt,
1387 2492 1464 2561 in
1518 2514 1667 2587 quo
1712 2489 1907 2561 bello
1942 2512 2091 2559 non
2114 2543 2135 2575 ,
2182 2502 2553 2558 utracum-

412 2621 558 2695 que
619 2623 786 2696 pars
839 2600 1124 2673 vicisset
1147 2656 1168 2689 ,
1224 2615 1467 2673 tamen
1523 2601 1761 2701 aliqua
1812 2598 2041 2671 forma
2086 2612 2273 2671 esset
2309 2595 2552 2669 futura

412 2709 850 2809 reipublicae.
888 2716 1044 2783 Hoc
1087 2709 1282 2783 bello
1317 2712 1627 2783 victores
1660 2735 1877 2809 quam
1908 2707 2425 2807 rempublicam
2464 2707 2553 2776 si-

411 2840 576 2891 mus
602 2817 958 2906 habituri,
993 2846 1142 2891 non
1177 2820 1382 2893 facile
1413 2821 1869 2905 affirmarim;
1900 2821 2103 2891 victis
2130 2834 2325 2890 certe
2354 2815 2553 2887 nulla

411 2948 760 3021 umquam
821 2930 976 2999 erit.
1037 2930 1202 2999 Dixi
1270 2932 1494 3026 igitur
1545 2926 1937 3002 sententias
1986 2930 2063 2999 in
2118 2928 2552 3009 Antonium,

341 3086 348 3095 .
414 3031 563 3104 dixi
587 3036 662 3105 iu
695 3033 1050 3131 Lepidum
1083 3060 1364 3109 severas
1397 3064 1413 3107 ε
1451 3062 1695 3135 neque
1722 3052 1865 3109 tam
1898 3036 2289 3107 ulciscendi
2316 3056 2552 3117 causa,

415 3167 634 3241 quam
678 3156 762 3213 ut
796 3156 868 3215 et
905 3146 982 3215 in
1020 3168 1333 3241 praesens
1369 3146 1749 3217 sceleratos
1780 3148 1967 3217 cives
2002 3146 2259 3214 timore
2296 3141 2390 3212 ab
2422 3145 2552 3210 im-

417 3250 810 3352 pugnanda
848 3255 1074 3352 patria
1114 3253 1591 3343 deterrerem3
1633 3268 1705 3326 et
1754 3257 1828 3326 in
1864 3268 2278 3353 posterum,
2324 3251 2549 3323 docu-

419 3378 744 3437 mentum
797 3378 1182 3437 statuerem
1207 3418 1228 3453 ‚
1284 3389 1380 3437 ne
1428 3367 1593 3463 quis
1650 3364 1866 3436 talem
1920 3364 2307 3434 amentiam
2338 3359 2556 3431 vellet

415 3477 698 3547 imitari.
737 3480 1198 3575 Quamquam
1237 3474 1386 3547 haec
1423 3477 1721 3573 quidem
1754 3475 2109 3547 sententia
2146 3498 2299 3544 non
2328 3470 2555 3567 magis

417 3611 577 3659 mea
619 3584 798 3676 fuit,
842 3612 1064 3684 quam
1114 3588 1468 3657 omnium.
1524 3591 1607 3659 In
1658 3612 1805 3685 qua
1852 3583 2137 3655 videtur
2176 3581 2359 3652 illud
2396 3604 2553 3653 esse

493 3809 822 3859 18.Staeuam.
843 3810 922 3861 Cf.
943 3810 1226 3877 Philipp.v,
1252 3814 1330 3861 15.
1349 3814 1446 3861 En.
1538 3828 1740 3877 eamque
1773 3828 1943 3861 vocem
1971 3812 2191 3877 apprime
2216 3809 2416 3858 latinam
2452 3826 2555 3859 esso

427 3914 496 3925 --
557 3888 926 3939 Documentum.
987 3892 1200 3943 Grates-o
1245 3908 1300 3940 en
1348 3908 1451 3941 vox
1538 3892 1745 3941 adstruit
1784 3890 2009 3956 pluribus
2058 3888 2325 3954 exemplis,
2374 3889 2555 3953 quibus

419 3982 644 4035 suspecta
665 3970 1447 4038 ennumqunmucribapotiun,
1540 3968 1867 4019 desen-ibendie
1924 3970 2247 4036 supersedeo,
2310 3968 2447 4034 quod
2498 3969 2553 4014 in

419 4062 567 4112 qnam
607 4065 634 4098 a
664 4049 850 4099 Tullio.
869 4050 1210 4117 Suspicionem
1241 4053 1450 4101 removit
1538 4050 1763 4100 omnibu·
1776 4086 1791 4110 ,
1808 4066 1919 4114 que
1946 4051 2132 4099 Lexica
2162 4049 2408 4108 clinnum,
2438 4062 2553 4111 pu-

419 4129 468 4177 J.
513 4128 568 4176 F.
621 4131 934 4191 Gronovius,
983 4130 1190 4181 otum.
1233 4132 1320 4191 w,
1365 4148 1446 4192 n,
1539 4131 1627 4179 sim
1655 4142 1931 4181 occurrant.
1950 4133 2097 4181 Ouv.
