3019 4681
566 380 1126 461 'EPISTOLAE
1175 388 1314 457 AD
1361 387 1872 469 ATTIGUM‚
1914 388 2150 476 VIII,
2192 388 2263 459 6.
2422 416 2501 489 ¹7

369 535 508 610 ego
543 511 635 586 ad
682 526 754 583 te
795 508 1028 608 pridie
1078 511 1413 581 miseram
1433 518 1486 579 ².
1530 508 1647 579 Dii
1688 508 2169 601 immortaleS,
2222 514 2351 611 qui
2392 540 2511 587 me

369 621 632 693 horror
668 617 1020 720 perfudit!
1078 643 1298 717 quam
1353 644 1515 690 sum
1574 617 1955 708 sollicituS‚
1994 620 2341 717 quidnam
2401 624 2512 697 fu-

369 746 616 803 turum
657 731 787 805 sit!
835 738 990 803 Hoc
1043 744 1286 807 tamen
1332 753 1589 831 spem,
1649 753 1991 826 magnum
2042 756 2307 804 nomen
2376 738 2512 807 im-

370 846 718 940 peratoris
757 841 912 913 fore
929 896 949 931 ,
985 864 1342 937 magnum,
1363 844 1439 909 in
1471 840 1788 911 adventu
1823 854 2197 914 terrorem.
2236 848 2461 943 Spero
2478 844 2507 893 ³

371 956 621 1042 etiam,
666 955 1012 1051 quoniam
1052 949 1290 1021 adhuc
1331 949 1513 1020 nihil
1559 949 1772 1020 nobis
1809 948 2087 1038 obfuit,
2124 953 2307 1025 nihil
2346 982 2505 1027 mu-

367 1078 554 1135 tasse
591 1091 609 1133 :
654 1088 790 1136 nec
821 1064 1134 1159 tegentia
1155 1058 1186 1115 ⁴
1211 1060 1352 1131 hoc
1375 1112 1394 1147 ,
1439 1059 1643 1157 quod
1676 1083 1906 1156 quum
1925 1057 2209 1133 fortiter
2237 1077 2308 1136 et
2344 1064 2507 1137 dili-

369 1188 664 1269 genter,
698 1189 856 1245 tum
889 1174 1103 1243 etiam
1141 1169 1458 1243 hercule.
1487 1168 1711 1240 Modo
1748 1171 1943 1240 enim
1970 1170 2253 1261 audivi,
2288 1200 2509 1272 quar-

365 1299 612 1357 tanam
639 1308 684 1354 a
721 1299 792 1355 te
819 1282 1248 1354 discessisse.
1284 1284 1589 1368 Moriar,
1624 1281 1683 1351 si
1722 1282 1945 1377 magis
1982 1282 2371 1379 gauderem
2393 1341 2413 1375 ‚
2449 1288 2510 1359 si

371 1394 444 1466 id
487 1394 664 1466 mihi
715 1388 1106 1465 accidisset.
1149 1391 1340 1461 Piliae
1377 1389 1527 1479 dic,
1578 1415 1731 1462 non
1770 1416 1923 1463 esse
1958 1418 2253 1490 aequum
2272 1392 2325 1484 ⁵,
2356 1421 2514 1467 eam
2568 1390 2573 1393 ’

369 1506 647 1577 diutius
682 1501 954 1575 habere
977 1556 997 1591 ,
1055 1524 1193 1572 nec
1229 1500 1304 1571 id
1357 1522 1512 1571 esse
1552 1514 1803 1571 vestrae
1844 1502 2270 1575 concordiae.
2311 1508 2519 1577 Tiro-

370 1642 540 1688 nem
610 1628 944 1686 nostrum
1005 1610 1098 1683 ab
1153 1607 1420 1682 altera⁶
1469 1610 1803 1682 relictum
1854 1611 2088 1683 audi0.
2145 1616 2284 1686 Sed
2346 1642 2515 1689 eum

372 1726 582 1799 video
619 1727 696 1796 in
727 1736 1101 1822 sumptum
1129 1720 1222 1793 ab
1259 1721 1413 1793 aliis
1439 1735 1875 1793 mutuatum.
1914 1728 2065 1821 Ego
2097 1742 2340 1799 autem
2380 1732 2545 1801 Cu-·

369 1838 556 1909 rium
595 1851 928 1907 nostrum
947 1887 967 1922 ,
1003 1832 1062 1905 si
1091 1829 1270 1929 quid
1303 1855 1490 1929 opus
1534 1846 1716 1904 esset
1734 1886 1753 1919 ,
1790 1856 2137 1929 rogaram.
2178 1835 2370 1906 Malo
2405 1842 2517 1909 Ti-

370 1949 570 2017 ronis
599 1942 1112 2018 verecundiam
1139 1944 1216 2012 in
1246 1940 1460 2039 culpa
1487 1965 1643 2014 esse
1664 1996 1685 2031 ,
1719 1966 1939 2039 quam
1961 1941 2516 2020 illiberalitatem

373 2057 572 2129 Curii
592 2067 647 2127 ⁷.

445 2238 495 2272 α.
526 2222 773 2271 mser-am.
795 2224 1012 2270 Fortasse
1039 2236 1129 2285 per
1152 2215 1385 2270 Pollicem
1475 2220 1751 2270 faciendum
1774 2222 2073 2273 decrevisse:
2096 2224 2183 2288 qui
2202 2240 2371 2275 semus
2389 2226 2511 2276 mihi

372 2318 583 2353 servum.
603 2304 696 2352 En.
1477 2300 1623 2351 valde
1640 2302 1895 2368 probatur.
1912 2304 2012 2354 En.

441 2385 490 2432 3.
518 2382 679 2431 Verba
702 2381 833 2442 hae,
855 2383 1102 2446 «Spero...
1126 2380 1393 2441 hercule»,
1562 2384 1611 2432 5.
1653 2383 1767 2431 Non
1813 2399 1915 2432 esse
1961 2400 2175 2449 aequum.
2212 2388 2366 2435 Joeus
2398 2398 2509 2438 est:

373 2463 542 2511 mutila
565 2478 678 2511 une
699 2473 748 2510 et
767 2472 1001 2526 corrupta
1021 2472 1152 2510 sunt.
1174 2459 1398 2525 Nequid-
1486 2465 1625 2526 quui
1664 2463 1809 2510 fuerit
1847 2462 1945 2512 hoe
1980 2463 2033 2510 in
2072 2463 2207 2512 Piliae
2244 2481 2415 2525 manu,
2455 2478 2513 2515 ut

371 2559 520 2607 quam
544 2557 596 2590 se
623 2553 851 2606 torquent
877 2542 971 2590 viri
999 2540 1150 2590 docti.
1177 2542 1298 2589 LV.
1333 2543 1392 2590 1..
1483 2551 1765 2605 quartanam
1786 2542 1893 2605 ipsa
1920 2554 2084 2606 posset
2100 2543 2333 2605 abjicere.
2362 2545 2509 2595 ΜΔΙ.

445 2631 492 2679 4.
519 2623 623 2669 Nec
643 2620 876 2684 tegentia.
903 2623 1064 2669 Luem
1091 2620 1172 2668 hic
1203 2621 1392 2669 misera-
1552 2621 1603 2669 6.
1625 2620 1813 2670 Altera.
1828 2621 1946 2668 Son.
1968 2631 2218 2684 quartum.
2238 2623 2330 2672 En.

372 2701 553 2762 biliter,
579 2699 740 2764 inquit
755 2699 1006 2747 Victorius
1021 2735 1038 2759 ,
1075 2701 1205 2748 lacer
1237 2709 1288 2748 et
1315 2697 1394 2747 di·
1558 2699 1808 2760 7.Malo..
1824 2698 2001 2746 ,Cur-ii.
2021 2698 2171 2763 Quod
2184 2701 2303 2747 Tiro
2319 2701 2383 2749 ab
2402 2701 2509 2750 alii·

373 2780 541 2828 vulsus
560 2789 647 2826 est.
663 2777 802 2826 Velle
837 2795 902 2826 ex
929 2779 1225 2839 conjecturis
1255 2778 1394 2826 illum
1481 2788 1732 2825 mutuatus
1760 2787 1863 2835 οδες
1906 2777 2105 2826 sortasse
2139 2779 2243 2839 ejus
2270 2795 2505 2829 verocun-

375 2861 648 2916 restituere,
677 2872 808 2905 men
839 2867 934 2916 est,
975 2858 1173 2906 Gravio
1197 2857 1363 2918 judice
1376 2891 1392 2918 ,
1482 2855 1563 2904 di·
1590 2855 1771 2904 accidit
1785 2891 1803 2918 ‚
1832 2865 1889 2902 nt
1914 2855 2116 2904 Curium
2142 2857 2384 2922 appellare
2408 2875 2505 2909 no-

373 2939 595 2988 stultitia.
627 2941 774 2987 Ouv.
804 2963 876 2976 --
905 2938 957 2985 J.
979 2939 1042 2985 V.
1069 2939 1124 2985 1..
1145 2937 1262 2984 hine
1290 2946 1395 2983 tan·
1480 2935 1659 2984 luerit:
1700 2944 1829 2982 certe
1849 2935 1903 2982 id
1924 2933 2106 2998 malim,
2132 2951 2278 3000 quam
2302 2938 2505 2987 Curium

375 3031 478 3068 mm
503 3018 636 3068 elicit
663 3032 678 3068 ε
701 3033 810 3067 non
825 3031 904 3064 no
927 3016 1062 3080 piget
1087 3013 1210 3064 nihil
1235 3013 1397 3064 adhue
1483 3015 1531 3062 ei
1544 3015 1733 3080 petenti
1752 3029 1970 3078 negasse.
2000 3015 2095 3064 En.

375 3197 830 3218 mm
833 3191 1753 3216 mmmm
1756 3191 2489 3216 mmmmm

1013 3367 1604 3448 EPISTOLA
1667 3361 1868 3444 VII.

375 3537 625 3591 Veretur
666 3551 739 3589 ne
774 3529 1084 3606 Pompeius
1115 3525 1435 3587 Domitium
1473 3523 1729 3598 deserat,
1776 3524 2015 3604 ejusque
2048 3525 2412 3588 timiditatem
2435 3543 2497 3590 et

456 3628 720 3687 inertiam
769 3625 1052 3704 deplorat.
1110 3621 1203 3700 (In
1255 3622 1564 3682 Formiano
1584 3665 1603 3696 ,
1651 3642 1804 3682 anno
1849 3627 1925 3684 U.
1972 3626 2035 3682 C.
2087 3631 2200 3697 704
2220 3667 2239 3696 ‚
2310 3646 2505 3686 mense

456 3721 797 3802 februario.)

1047 3837 1358 3904 CICERO
1401 3836 1713 3904 ATHCO
1758 3837 1823 3901 S.

473 3973 696 4039 Unum
741 3967 955 4037 etiam
990 3977 1211 4034 restat
1243 3965 1474 4036 amico
1514 3975 1763 4032 nostro
1786 3962 1877 4034 ad
1900 3986 2116 4034 omne
2150 3964 2501 4057 dedecuS,

379 4091 463 4146 ut
498 4079 824 4148 Domitio
866 4098 1017 4144 non
1060 4071 1462 4147 subveniat.
1521 4078 1614 4147 At
1672 4097 1889 4146 nemo
1940 4073 2267 4160 dubitat,
2334 4083 2513 4174 quin

613 4208 734 4274 ῙῙῙ.
802 4220 898 4268 Cic.
917 4236 1038 4287 pars
1072 4229 1259 4287 quarta.
2236 4231 2275 4272 2
