3019 4681
464 386 608 462 386
1105 396 1205 464 Μ.
1257 398 1335 465 Τ.
1391 398 1972 469 CICERONIS

453 582 2583 615 mmmmmmmmmmmmmmmmmmm

1100 717 1714 843 EPISTOLA
1782 765 1934 843 lx.

446 922 713 982 Breviter
742 923 995 1001 primum
1041 920 1115 979 de
1159 920 1524 996 domesticis,
1567 921 1780 982 deinde
1811 924 1885 982 de
1927 924 2180 1004 publicis
2213 927 2409 989 rebus,
2440 931 2602 1009 (Pu-

907 1018 1105 1091 teoliS,
1131 1038 1286 1077 anno
1314 1022 1390 1080 U.
1415 1024 1481 1079 C.
1531 1039 1672 1097 709,
1708 1040 1904 1081 mense
1926 1022 2150 1103 aprili.)

1112 1186 1441 1253 CICERO
1474 1190 1801 1255 ATTICO
1845 1191 1910 1256 S.

516 1368 649 1461 ⁸1)ss
699 1360 1113 1461 republica¹
1172 1359 1399 1431 multa
1440 1340 1881 1457 cognovi'ex
1915 1364 2060 1435 tuis
2107 1363 2335 1436 literis
2357 1420 2376 1453 ‚
2413 1392 2596 1465 quas

444 1473 741 1571 quidem
802 1472 1258 1569 multijuges²
1317 1472 1564 1569 accepi
1621 1496 1772 1542 uno
1816 1486 2151 1572 tempore
2192 1499 2235 1545 a
2270 1478 2590 1549 Vestorii

441 1584 723 1656 liberto,
788 1582 899 1654 Ad
949 1607 1031 1655 ea
1086 1595 1327 1653 autem
1350 1635 1370 1669 ,
1420 1605 1583 1678 quae
1635 1584 1984 1679 requiris»,
2040 1583 2245 1656 brevi
2287 1611 2592 1685 respon·

440 1694 657 1768 debo.
705 1696 1026 1766 Primum
1071 1692 1544 1763 vehementer
1599 1716 1714 1763 me
1763 1688 2159 1766 Cluviana³
2198 1695 2580 1769 delectant.

436 1804 579 1876 Sed
632 1802 831 1902 quod
889 1790 1148 1900 qnaeris
1170 1856 1190 1888 ‚
1248 1801 1431 1899 quid
1488 1803 1936 1874 arcessierim
1988 1804 2481 1905 Chrysippum
2509 1810 2584 1897 ⁴3

435 1908 771 1987 tabernae'
823 1913 1002 1984 mihi
1080 1912 1241 1985 duae
1320 1928 1753 1984 corruerunt
1777 1967 1798 2001 ‚
1864 1915 2314 2013 reliquaeque
2373 1920 2588 1991 rimas

436 2039 683 2123 agunt.
726 2031 979 2122 Itaque
1018 2049 1168 2095 non
1214 2022 1451 2094 solum
1488 2023 1871 2119 inquilini,
1907 2025 2033 2096 sed
2080 2030 2326 2099 mures
2367 2030 2585 2101 etiam

435 2138 927 2232 migraverunt
953 2129 1002 2204 ⁵.
1063 2140 1267 2205 Hanc
1308 2135 1531 2205 ceteri
1582 2134 2055 2207 calamitatem
2101 2152 2405 2227 vocant3
2443 2164 2578 2238 ego

430 2270 525 2317 ne
586 2243 1131 2317 incommodum
1182 2242 1501 2343 quidem.
1554 2246 1618 2313 Ο
1678 2248 2047 2333 SocrateS‚
2105 2260 2179 2319 et
2227 2250 2570 2322 Socratici

428 2354 606 2427 viri!
650 2379 1053 2453 numquam
1098 2353 1307 2426 vobis
1360 2358 1660 2452 gratiam
1711 2354 2042 2428 referam.
2100 2359 2222 2430 Dii
2270 2362 2573 2433 immor-

432 2465 649 2553 taleS,
681 2489 903 2563 quam
950 2465 1128 2536 mihi
1168 2466 1299 2536 ista
1339 2490 1475 2563 pro
1506 2463 1770 2536 nihilo!
1813 2464 1951 2538 Sed
1997 2481 2239 2541 tamen
2275 2493 2357 2541 ea
2393 2473 2576 2542 ratio

430 2575 831 2648 aedificandi
891 2577 1141 2663 initur,
1193 2575 1606 2647 consiliario
1646 2575 1945 2672 quidem
1989 2587 2062 2648 et
2096 2593 2392 2650 auctore
2433 2585 2579 2652 Ve-

352 2761 364 2774 ,
426 2687 695 2774 storin,
733 2699 817 2756 ut
874 2685 1017 2756 hoc
1076 2685 1423 2757 damnum
1478 2701 1972 2783 quaestuosum
2023 2689 2138 2758 sit.
2187 2689 2321 2760 Hic
2361 2689 2577 2763 turba

427 2820 689 2894 magna
737 2809 891 2883 est,
938 2799 1222 2893 eritque
1250 2851 1268 2884 ‚
1311 2810 1395 2865 ut
1442 2794 1699 2878 audin,
1742 2796 1996 2892 major.
2053 2799 2223 2868 Duo
2277 2799 2574 2896 quidem

428 2907 638 3005 quasi
674 2907 1029 3004 designati
1071 2905 1424 2978 consules,
1476 2908 1541 2975 Ο
1586 2903 1686 2975 dii
1725 2902 1944 2977 boni!
1988 2909 2164 2978 vivit
2213 2913 2576 3004 tyranniS,

423 3032 776 3115 tyrannus
842 3016 1103 3088 occidit
1155 3014 1213 3086 1ἱ
1248 3015 1405 3111 ejus
1459 3013 1872 3086 interfecti⁶
1939 3030 2178 3087 morte
2227 3017 2571 3108 laetamur,

423 3136 634 3226 cujus
692 3128 878 3200 facta
941 3122 1438 3200 defendimus!
1504 3131 1762 3222 Itaque
1830 3149 2049 3222 quam
2124 3151 2369 3199 severe
2435 3155 2571 3202 nos

422 3244 523 3310 M.
554 3241 847 3313 Curtius
869 3249 896 3295 ⁷
926 3253 1249 3325 accusat,
1278 3250 1361 3307 ut
1391 3233 1662 3335 pudeat
1685 3234 1965 3306 vivere:
1995 3260 2237 3333 neque
2269 3236 2570 3333 injuria3

422 3374 592 3422 narn
630 3351 819 3422 mori
850 3349 1107 3420 millies
1134 3347 1465 3446 praestitit
1488 3401 1508 3435 ‚
1539 3369 1758 3443 quam
1794 3344 1949 3417 haec
1976 3347 2168 3444 pati,
2201 3371 2364 3445 quae
2391 3350 2569 3420 mihi

495 3554 538 3587 1.
568 3505 685 3587 Hoec
717 3537 821 3586 dno
842 3535 989 3584 verbs
1013 3535 1255 3600 superiori
1284 3533 1441 3582 adha-
1599 3531 1651 3580 6.
1693 3531 1734 3580 E
1773 3532 2094 3581 Ciceroniana
2139 3533 2294 3581 forms
2347 3535 2578 3585 debebat·

417 3629 523 3666 rent
552 3618 771 3681 epistolae
800 3617 854 3665 in
874 3626 997 3664 vett.
1022 3613 1136 3664 edd.
1157 3617 1191 3664 J
1193 3651 1206 3664 .
1220 3615 1287 3662 V.
1310 3615 1365 3662 L.
1525 3627 1644 3667 esse,
1669 3613 1846 3671 «cuius
1864 3611 2110 3660 interfecti
2128 3623 2286 3660 morte
2315 3613 2554 3674 letamur,

488 3712 538 3745 α.
574 3696 870 3762 Μιιὶτϋειςοε.
899 3697 1013 3744 Hoc
1040 3705 1143 3754 est,
1166 3694 1347 3759 plures.
1527 3691 1632 3750 ejus
1671 3687 1797 3737 sacta
1825 3687 2128 3738 defendimus
2149 3691 2204 3738 Ξ·
2223 3693 2388 3754 Atque
2412 3693 2560 3741 etiam

486 3774 534 3822 3.
567 3773 824 3824 Cluviana.
838 3777 885 3824 A
908 3773 1085 3822 Cluvio
1108 3773 1276 3821 relicta
1291 3808 1309 3837 ‚
1326 3789 1438 3838 qua
1526 3769 1835 3818 concinnitas
1853 3769 2091 3834 postulat,
2119 3795 2146 3814 α
2163 3773 2269 3834 ejus
2297 3773 2402 3821 vivi
2430 3775 2560 3823 ἰωὴ

413 3865 552 3902 erant
576 3855 627 3901 in
654 3855 940 3902 Puteohno.
962 3853 1127 3902 Coun.
1527 3849 1856 3899 defendimus!
1875 3873 1902 3893 a·
1933 3853 2054 3900 liaec
2091 3853 2285 3901 Ernest.
2323 3854 2411 3902 sed
2441 3854 2563 3903 nihil

484 3943 535 3991 4.
568 3931 894 3996 Chrysippum.
920 3931 1273 3981 Architectum.
1526 3927 1628 3975 tale
1658 3929 1802 3978 MSS·
1827 3930 1861 3977 J
1867 3966 1878 3977 .
1899 3932 1963 3979 V.
1981 3931 2041 3980 1..

482 4014 534 4063 5.
566 4013 734 4061 Mures
759 4011 909 4058 etiam
937 4010 1285 4074 migraverunt.
1320 4011 1437 4076 Opi·
1602 4023 1650 4069 7.
1677 4009 1747 4055 Μ.
1781 4007 1996 4058 Curtius.
2021 4011 2098 4060 De
2117 4025 2220 4073 quo
2235 4025 2407 4075 supra,
2436 4011 2562 4071 111,

408 4089 497 4138 nio
540 4101 679 4138 vetus
724 4105 835 4153 (με
887 4089 1169 4138 etiamnunc
1222 4090 1431 4139 obtinet.
1525 4094 1616 4148 ⁴9.
1636 4088 1685 4133 1⁸
1709 4089 1914 4136 Cesti-is
1933 4089 2271 4138 interfectores
2286 4091 2560 4151 accumbat,

408 4170 537 4218 Plin.
558 4171 681 4242 vni
700 4203 717 4230 ‚
751 4169 836 4216 28.
862 4169 954 4216 En.
1522 4181 1706 4232 eosque
1727 4203 1742 4230 ‚
1772 4169 1858 4231 qui
1882 4169 1943 4217 iis
1969 4169 2320 4220 finianum».
