3019 4681
483 441 622 538 708
787 433 1327 508 EPISTOLAE
1375 431 1571 505 mc.
1624 431 1747 505 ΕΤ
1796 423 2300 521 BRUT1,25.

475 566 666 636 inter
729 559 1176 634 Dolabellam
1207 614 1228 648 ,
1281 571 1353 630 et
1411 559 1742 656 quemvis
1799 558 2279 629 Antoniorum
2340 561 2609 631 trium?

474 694 790 770 quorum
836 671 896 742 si
941 671 1060 742 cui
1103 671 1505 768 parcimus,
1564 665 1726 738 duri
1776 665 2043 738 fuimus
2086 669 2161 737 in
2206 666 2603 740 Dolabella.

473 787 638 854 Haec
673 796 758 852 ut
788 781 889 851 ita
914 779 1214 851 sentiret
1242 792 1534 849 senatus
1564 776 2027 877 populusque
2058 797 2439 866 romaum,
2475 780 2607 851 etsi

471 917 589 964 res
619 894 772 990 ipsa
799 888 1138 988 cogebat,
1174 903 1414 960 tamen
1452 888 1765 958 maxima
1791 912 1882 959 ex
1917 902 2121 987 parte
2152 903 2404 959 nostro
2436 913 2607 960 con-

472 1001 631 1074 silio
667 1014 889 1097 atque
927 998 1351 1070 auctoritate
1392 995 1792 1095 perfectum
1835 1011 1964 1068 est.
2011 999 2119 1068 Tu
2156 999 2215 1068 si
2257 998 2447 1069 hanc
2490 1020 2602 1070 ra-

475 1112 746 1182 tionem
785 1133 936 1180 non
973 1105 1275 1204 proba5‚
1308 1121 1506 1177 tuam
1548 1108 1975 1178 sententiam
2007 1105 2424 1194 defendam,
2454 1133 2603 1180 non

471 1219 881 1316 relinquam
925 1241 1182 1287 meam.
1227 1218 1484 1312 Neque
1528 1214 1960 1287 dissolutum
2010 1241 2053 1287 a
2090 1231 2164 1289 te
2204 1216 2601 1316 quidquam

473 1327 804 1400 homines
841 1339 1293 1425 exspectant,
1330 1349 1572 1423 neque
1612 1325 1926 1399 crudele.
1967 1325 2199 1424 Hujus
2233 1329 2339 1399 rei
2370 1327 2604 1400 mode·

472 1440 658 1508 ratio
694 1435 918 1508 facilis
954 1450 1096 1522 est,
1135 1448 1223 1505 ut
1261 1435 1338 1505 in
1374 1433 1597 1507 duces
1640 1435 2031 1509 vehemens
2067 1439 2198 1521 sis,
2232 1439 2307 1509 in
2346 1439 2606 1511 milites

473 1545 807 1618 liberalis.
861 1546 1288 1618 Ciceronem
1334 1567 1579 1617 meum
1598 1601 1617 1634 ,
1664 1547 1763 1618 mi
1815 1551 2035 1620 Brute
2054 1603 2075 1636 ,
2122 1549 2338 1620 velim
2381 1573 2601 1647 quam

474 1657 870 1756 plurimum
909 1670 1149 1728 tecum
1189 1654 1476 1727 habeas.
1526 1655 1845 1728 Virtutis⁸
1869 1657 2315 1757 disciplinam
2348 1659 2599 1729 melio-

477 1791 633 1838 rem
685 1768 1003 1865 reperiet
1041 1766 1313 1838 nullam
1335 1818 1355 1852 ‚
1395 1789 1613 1862 quam
1649 1768 2340 1866 contemplationem
2382 1783 2600 1866 atque

479 1877 958 1950 imitationem
991 1878 1120 1947 tui.
1149 1899 1278 1946 xm
1313 1873 1599 1947 kalend.
1630 1877 1816 1947 maii.
