3019 4681
566 377 703 472 578
1200 378 1297 446 Μ.
1346 377 1425 445 Τ.
1480 376 2050 448 elcERoms

659 506 735 571 Α.
770 497 840 569 d.
880 523 1009 568 vm
1044 495 1137 568 id.
1176 507 1237 540 ¹⁰
1286 494 1465 568 febr.
1508 497 1686 567 Milo
1731 493 1962 567 affuit.
2019 498 2220 568 Dixit
2263 499 2688 598 PompeiuS,

560 611 709 680 sive
744 607 977 678 voluit
1018 634 1033 676 ε
1080 630 1283 690 nam,
1321 621 1405 676 ut
1448 609 1762 676 surrexit
1788 659 1808 693 ,
1861 629 2100 704 operae
2143 606 2508 680 Clodianae
2551 612 2690 682 cla-

557 743 835 791 morem
878 717 1363 802 sustulerunt3
1405 714 1628 812 idque
1669 716 1734 786 ei
1768 731 2122 814 perpetua
2153 719 2484 790 oratione
2515 744 2690 792 con-

556 833 755 928 tigit,
791 855 940 901 non
986 827 1223 913 modo
1247 842 1329 897 ut
1370 826 1919 914 acclamatione,
1953 825 2084 898 sed
2115 841 2201 899 ut
2243 831 2572 900 convicio
2619 844 2693 901 et

556 939 952 1010 maledictis
1001 936 1497 1035 impediretur.
1537 937 1686 1026 Qui
1719 951 1807 1007 ut
1837 939 2200 1034 peroravit
2231 938 2442 1033 (nam
2483 941 2559 1010 in
2603 965 2694 1012 eo

556 1073 731 1122 sane
765 1045 973 1118 fortis
1010 1044 1153 1117 fuit
1209 1073 1227 1115 ε
1286 1071 1439 1118 non
1508 1061 1620 1118 est
1669 1046 2097 1137 deterritus;
2158 1048 2340 1121 dixit
2381 1052 2691 1136 ·omnia;

554 1175 773 1255 atque
808 1155 1174 1228 interdum
1211 1158 1425 1227 etiam
1454 1153 1774 1245 silentio,
1813 1182 1983 1229 cum
2020 1161 2446 1232 auctoritate
2485 1183 2693 1257 pere-

554 1269 884 1366 gerat¹¹):
918 1266 1043 1338 sed
1076 1279 1161 1337 ut
1196 1267 1594 1365 peroravit,
1629 1271 1943 1338 surrexit
1973 1267 2294 1342 Clodius.
2323 1273 2408 1340 Ei
2449 1284 2696 1342 tantus

556 1377 827 1448 clamor
863 1401 904 1446 a
936 1379 1213 1447 nostris
1240 1375 1661 1474 (placuerat
1687 1380 1880 1449 enim
1917 1377 2188 1451 referre
2223 1379 2574 1477 gratiam)
2613 1395 2696 1452 ut

555 1511 797 1584 neque
835 1500 1116 1572 mente,
1163 1509 1406 1583 neque
1452 1481 1734 1585 lingua,
1780 1511 2022 1586 neque
2073 1513 2202 1560 ore
2243 1491 2691 1562 consisteret.

554 1603 651 1670 Ea
682 1623 795 1668 res
822 1611 976 1669 acta
1010 1611 1153 1684 est,
1190 1621 1419 1694 quum
1455 1601 1541 1668 H.
1579 1621 1652 1666 v1
1685 1599 1804 1667 vix
1837 1600 2226 1696 Pompeius
2253 1616 2688 1696 perorasset,

554 1733 787 1806 usque
806 1707 895 1778 ad
920 1711 1008 1778 H.
1029 1732 1159 1778 vm
1178 1762 1199 1796 ,
1232 1731 1465 1805 quum
1484 1709 1727 1778 omnia
1758 1710 2132 1782 maledicta
2151 1765 2172 1797 ‚
2198 1735 2446 1783 versus
2477 1713 2692 1782 etiam

553 1819 1079 1891 obscoenissimi
1131 1821 1207 1887 in
1268 1816 1606 1888 Clodium
1655 1832 1728 1889 et
1781 1819 2106 1890 Clodiam
2137 1830 2200 1862 ¹²
2256 1820 2687 1892 dicerentur.

552 1928 682 2000 Ille
720 1925 971 1999 furens
1008 1941 1081 1998 et
1119 1928 1501 2025 exsanguis
1534 1928 2025 2026 interrogabat
2053 1954 2252 2019 suoS‚
2275 1932 2354 2002 in
2379 1929 2690 2003 clamore

554 2043 746 2137 ipse,
775 2044 940 2136 quis
970 2052 1194 2125 esset,
1230 2039 1360 2135 qui
1396 2036 1690 2136 plebem
1720 2033 1906 2112 faine
1943 2039 2333 2112 necaret13.
2369 2045 2692 2140 Respon-

555 2148 826 2221 debant
860 2173 1098 2248 operae
1118 2199 1138 2236 ‚
1186 2150 1592 2245 Pompeius.
1623 2148 2127 2222 Alexandriam
2151 2155 2210 2250 {⁴
2239 2154 2344 2222 ire
2367 2167 2689 2250 cuperet.

552 2257 1152 2358 Respondebam,
1189 2260 1595 2356 Pompeius.
1631 2262 1870 2351 Quem
1906 2261 2013 2331 ire
2045 2261 2336 2332 vellent.
2363 2265 2690 2361 Respon-

555 2369 861 2455 debant,
908 2373 1263 2441 Crassum.
1310 2373 1378 2439 Is
1433 2367 1677 2440 aderat
1719 2383 1916 2455 tum,
1963 2368 2216 2441 Miloni
2253 2371 2500 2443 animo
2545 2396 2691 2441 non

1675 2558 1916 2608 collocata
1941 2560 2098 2609 fuerat
2112 2595 2127 2619 ‚
2169 2560 2294 2609 male
2315 2558 2587 2610 audiebant
2605 2562 2696 2609 im-

1671 2638 1924 2703 pudicitiae
1950 2640 2176 2697 nomine,
2202 2651 2259 2689 ut
2283 2640 2428 2687 etiam
2465 2657 2579 2688 cum
2603 2640 2696 2689 fra·

636 2574 713 2609 10.
736 2558 838 2608 Alii
856 2596 871 2621 ‚
898 2576 993 2606 «xv
1020 2557 1131 2606 id.»
1159 2558 1351 2608 JJVJ..

632 2658 652 2689 ι
671 2657 714 2688 1.
751 2644 1027 2705 Per-egerat.
1086 2640 1259 2688 Petrus
1312 2639 1583 2699 Daumius,

560 2734 707 2786 quem
737 2722 885 2771 habet
916 2720 1073 2769 Gallia
1105 2720 1423 2768 clarissimum
1442 2720 1581 2783 inge-

558 2802 689 2865 genii
715 2801 1050 2865 doctrinaeque
1085 2799 1251 2847 lumen
1269 2833 1284 2858 ,
1302 2814 1452 2863 quum
1479 2800 1581 2845 Ve-

557 2881 701 2929 netiis
734 2880 797 2928 ad
832 2895 945 2927 eum
979 2895 1106 2944 aaepe
1131 2877 1333 2927 honoria
1358 2894 1499 2927 causa
1527 2877 1579 2924 in

556 2960 685 3008 aedes
722 2960 920 3023 Georgii
952 2956 1121 3017 Silvae,
1157 2957 1422 3005 Vaut-ensis
1460 2956 1576 3021 Epi-

556 3040 692 3104 scopi
709 3072 724 3095 ,
752 3038 1145 3087 adolescentulus
1170 3038 1456 3085 ventitarein
1472 3070 1488 3094 ,
1523 3037 1576 3083 in

554 3134 773 3168 sermone
824 3118 950 3165 dixit
966 3150 983 3176 ‚
1038 3117 1215 3165 rectius
1260 3115 1357 3181 legi
1395 3130 1538 3179 poue
1556 3150 1573 3175 ‚

552 3215 739 3263 semper
759 3208 943 3264 egerat.
974 3194 1121 3259 Quod
1148 3194 1277 3243 idem
1300 3194 1421 3241 mihi
1444 3207 1574 3258 quo·

554 3299 650 3348 que
697 3297 827 3331 nunc
862 3280 1071 3329 videtur.
1122 3280 1184 3328 Et
1234 3279 1418 3342 optime
1463 3278 1575 3327 duae

555 3362 821 3419 dictiones,
869 3358 1113 3407 interdum
1161 3373 1366 3423 semper,
1424 3357 1576 3407 altera

556 3457 667 3489 eum
708 3441 855 3489 altera
892 3448 1129 3503 congruet
1166 3452 1180 3487 :
1220 3448 1275 3485 ut
1315 3437 1577 3501 Pompeius

554 3521 750 3568 silentio
778 3534 879 3567 non
910 3533 1023 3566 aane
1047 3512 1238 3581 semper
1260 3516 1413 3580 egerit
1437 3550 1453 3575 ‚
1490 3515 1579 3565 aed

555 3600 798 3647 interdum
814 3615 835 3655 ‚·
872 3614 981 3647 cum
1002 3598 1288 3645 auctoritate
1316 3610 1433 3641 vero
1453 3610 1578 3643 sem-

541 3694 647 3743 per.
673 3680 811 3726 Hanc
838 3678 965 3725 enim
1001 3691 1259 3741 operarum
1286 3673 1448 3723 Clodii
1474 3673 1576 3722 cla-

550 3772 659 3805 mor
684 3758 868 3821 eripere
890 3771 1156 3819 numquam
1182 3754 1362 3819 potuit.
1394 3754 1536 3801 Mn«.

626 3850 707 3882 xa.
746 3833 985 3883 Clodiam.
1018 3834 1073 3882 Ρ.
1114 3832 1281 3884 Clodii
1315 3848 1574 3895 sororem,

548 3929 653 3961 eam
680 3913 741 3961 de
782 3913 970 3971 tribus,
1016 3923 1073 3961 nt
1110 3913 1325 3978 opinor,
1364 3928 1474 3975 qua
1508 3913 1574 3974 Q.

548 3992 740 4041 Metelli
779 3991 957 4043 celeri·
994 4006 1121 4041 uxor
1156 4002 1273 4039 erat.
1315 3990 1443 4037 Nam
1482 3991 1573 4039 etsi

549 4072 747 4134 reliqnae
774 4072 889 4117 item
912 4070 1045 4127 duae,
1070 4084 1189 4127 una,
1216 4084 1325 4135 quae
1346 4071 1409 4134 Q.
1436 4071 1572 4117 Mar·

546 4148 627 4195 cio
676 4147 833 4210 Regi,
894 4136 1065 4204 altera,
1105 4163 1213 4210 qua.-
1255 4150 1308 4197 1..
1363 4148 1569 4197 Lucullo

1672 2729 1746 2765 tre
1773 2718 1952 2767 Clodio
1989 2736 2090 2767 rem
2115 2718 2340 2767 habuisse
2377 2718 2693 2770 dicerentur:

1671 2798 1776 2846 haec
1801 2810 1963 2849 tamen
2002 2798 2194 2848 Metelli
2217 2814 2360 2858 uxor,
2389 2814 2536 2863 quam
2563 2800 2696 2862 Qua-

1669 2878 1982 2925 drantariam
2023 2894 2126 2927 ease
2165 2879 2459 2944 appellatam
2501 2879 2694 2929 Plutar-

1667 2956 1788 3005 chus
1832 2958 1982 3006 tradit
1999 2992 2015 3017 ‚
2047 2958 2258 3029 ‘infamia
2305 2958 2593 3023 praeatabat.
2635 2962 2696 3008 Et

1665 3036 1792 3085 hanc
1825 3034 2066 3101 significat
2097 3038 2274 3088 Cicero
2308 3036 2440 3086 libro
2468 3038 2532 3086 ad
2563 3040 2694 3087 Atti-

1664 3133 1778 3167 cum
1820 3119 1869 3166 11
1887 3154 1903 3179 ,
1925 3134 2076 3183 quum
2102 3118 2378 3183 appellabat
2419 3112 2666 3169 Βοῶπιδα
2681 3136 2695 3152 ·

1662 3209 1712 3247 et
1728 3200 1781 3245 in
1802 3199 2024 3249 oratione
2049 3198 2112 3247 de
2140 3198 2470 3261 Haruspicum
2491 3212 2698 3261 reapon-

1663 3278 1748 3341 ais,
1765 3294 1916 3342 quum
1941 3278 2042 3328 ait:
2063 3301 2088 3321 α
2106 3278 2184 3325 Ne
2205 3277 2259 3326 id
2284 3277 2484 3340 quidem
2513 3277 2691 3335 sentia,

1667 3360 1982 3405 conniventes
2035 3356 2147 3405 illos
2198 3354 2375 3405 oculos
2427 3354 2574 3403 abavi
2617 3356 2694 3404 tni

1665 3437 1818 3501 magis
1875 3436 2118 3503 optandos
2181 3436 2328 3484 fuisse
2345 3468 2362 3489 ,
2411 3451 2562 3499 qnam
2603 3435 2695 3483 hoa

1665 3514 1919 3580 flagrantes
1945 3517 2128 3565 sororia
2147 3518 2171 3565 ἓ
2188 3538 2210 3559 ι
2257 3518 2316 3563 In
2343 3531 2397 3562 ea
2436 3530 2560 3563 vero
2602 3530 2694 3580 pm

1663 3594 1814 3645 Caelio
1834 3633 1850 3658 ‚
1871 3595 1988 3643 ntis
2013 3606 2178 3661 aperta
2206 3593 2491 3659 suspicione
2513 3596 2694 3661 eat-pit,

1664 3674 1802 3739 quasi
1835 3690 2078 3723 venenum
2120 3674 2323 3723 Metello
2363 3674 2567 3740 conjugi
2610 3674 2693 3721 de-

1663 3753 1831 3805 dis-et.
1863 3756 2016 3803 Inan-

1743 3834 1823 3883 13.
1859 3835 2028 3883 Fame.
2072 3833 2226 3897 Quasi
2267 3834 2560 3897 Pompeius,
2609 3832 2692 3897 qni

1663 3913 1733 3959 rei
1753 3912 2078 3961 frumentariae
2102 3924 2330 3978 praeeaaet
2351 3947 2368 3972 ,
2394 3914 2689 3961 frumentun

1659 3992 2024 4057 comprimeret.

1737 4078 1816 4127 τά.
1833 4069 2220 4119 Alexandriam.
2242 4070 2558 4121 lte-timendi
2575 4072 2688 4119 Pto·

1657 4147 1812 4197 letnaei
1838 4165 1999 4200 cansa.
2023 4150 2168 4198 Mu«.
