3019 4681
506 377 646 475 706
792 379 1327 449 EPISTOLAE
1373 379 1574 448 cic,
1628 376 1750 446 ΕΤ
1799 378 2153 465 BRUTI,
2200 370 2316 450 25.

499 508 750 598 ltaque
805 523 916 572 res
967 501 1040 570 in
1093 521 1260 569 eum
1309 499 1555 570 locum
1604 513 1899 572 venerat
1918 553 1937 578 ,
1992 512 2078 570 ut
2101 553 2121 587 ,
2177 503 2313 572 nisi
2370 507 2629 578 Caesari

499 613 893 684 Octaviano
949 608 1130 682 deus
1188 607 1484 707 quidam
1538 607 1727 678 illam
1786 623 2102 680 mentem
2146 608 2498 703 dedisset,
2549 618 2625 686 in

497 735 924 820 potestatem
966 718 1434 818 perditissimi
1469 717 1786 790 hominis
1824 731 1897 789 et
1932 719 2326 817 turpissimi
2355 726 2454 792 Μ.
2485 728 2627 796 An·

493 833 676 903 tonii
707 830 1143 902 veniendum
1180 825 1448 900 fuerit:
1490 845 1813 925 quocum
1862 827 2059 901 vides
2105 830 2248 902 hoc
2298 847 2624 933 tempore

491 944 650 1039 ipso
713 939 914 1038 quod
965 941 1057 1011 sit
1075 991 1095 1027 ‚
1148 951 1656 1035 quantumque
1707 951 2091 1010 certamen.
2152 939 2235 1012 Id
2292 941 2623 1040 profecto

491 1052 775 1123 nullum
824 1063 1012 1122 esset
1032 1102 1053 1135 ,
1111 1049 1250 1120 nisi
1300 1061 1456 1119 tum
1503 1062 1969 1120 conservatus
2014 1063 2203 1124 esset
2238 1054 2615 1128 Antonius.

489 1161 629 1234 Sed
669 1161 823 1231 haec
867 1161 1148 1230 omitto.
1184 1163 1325 1229 Res
1360 1157 1552 1228 enim
1596 1181 1638 1228 a
1672 1171 1744 1229 te
1786 1173 1984 1256 gesta
2023 1161 2511 1234 memorabilis
2544 1179 2619 1235 et

487 1297 694 1370 paene
718 1270 1010 1342 eaelestis
1035 1265 1317 1364 repellit
1341 1286 1595 1339 omnes
1620 1264 2225 1366 reprehensiones
2242 1267 2309 1356 ³3
2337 1272 2615 1371 quippe

486 1407 646 1480 quae
677 1405 771 1452 ne
808 1377 1021 1450 laude
1055 1377 1352 1476 quidem
1387 1377 1554 1448 satis
1588 1375 1853 1450 idonea
1880 1376 2073 1451 affici
2108 1385 2353 1478 possit.
2380 1383 2615 1454 Exsti-

485 1492 630 1562 tisti
665 1513 903 1588 nuper
935 1487 1146 1558 vultu
1177 1511 1464 1576 sever03
1503 1488 1903 1559 exercitum
1922 1541 1943 1577 ‚
1975 1491 2257 1587 copias,
2294 1489 2615 1590 legiones

481 1602 778 1673 idoneas
815 1621 944 1695 per
975 1611 1046 1668 te
1076 1595 1276 1668 brevi
1308 1611 1637 1695 tempore
1674 1600 2127 1695 comparasti.
2162 1601 2281 1670 Dii
2310 1602 2613 1672 immor-

480 1707 688 1782 tales!
741 1709 869 1806 qui
915 1707 1035 1777 ille
1078 1706 1419 1793 nuntius,
1463 1729 1629 1803 quae
1678 1706 1816 1777 illae
1870 1705 2129 1796 literae,
2175 1733 2336 1806 quae
2374 1710 2613 1784 laetitia

479 1837 770 1896 senatus
792 1872 812 1906 ,
858 1842 1018 1915 quae
1063 1817 1388 1890 alacritas
1439 1819 1745 1890 civitatis
1804 1815 1993 1890 erat!
2039 1817 2218 1888 nihil
2264 1842 2612 1918 umquam

477 1928 624 2004 vidi
661 1947 804 2002 tam
843 1933 1166 2000 omnium
1209 1928 1684 2001 consensione
1720 1927 2112 2000 laudatum.
2146 1932 2318 2000 Erat
2349 1953 2605 2028 exspe-

473 2042 692 2118 ctatio
740 2039 1205 2135 reliquiarum
1258 2039 1553 2110 Antonii
1572 2041 1645 2126 ⁴3
1697 2062 1919 2135 quem
1971 2040 2332 2136 equitatu,
2380 2036 2610 2139 legio-

407 2145 412 2152 ’
477 2150 844 2245 nibusque
879 2171 1138 2245 magna
1162 2171 1248 2218 ex
1277 2162 1483 2245 parte
1511 2148 1881 2245 spoliaras.
1906 2151 2007 2220 Ea
2029 2173 2327 2247 quoque
2354 2149 2611 2222 hahuit

478 2263 750 2332 exitum
797 2255 1215 2355 optabilem.
1260 2261 1442 2330 Nam
1497 2272 1636 2328 tuae
1680 2258 1945 2349 literae,
1990 2284 2153 2357 quae
2188 2263 2501 2332 recitatae
2530 2263 2607 2332 in

475 2386 731 2444 senatu
784 2384 954 2440 sunt
976 2423 997 2456 ,
1059 2383 1133 2441 et
1189 2370 1645 2467 imperatoris
1706 2371 2087 2443 consilium
2114 2427 2135 2462 ‚
2184 2387 2255 2443 et
2296 2373 2608 2445 militum

473 2484 814 2553 virtutem
853 2494 927 2552 et
960 2478 1392 2551 industriam
1432 2494 1724 2565 tuorum
1749 2534 1769 2568 ,
1808 2483 1887 2551 in
1920 2478 2192 2578 quibus
2239 2484 2608 2555 Ciceronis

473 2595 656 2679 mei,
693 2589 1080 2663 declarant.
1127 2589 1347 2681 Quod
1391 2591 1452 2662 si
1493 2591 1636 2662 tuis
1685 2590 2070 2687 placuisset
2102 2590 2193 2661 de
2230 2589 2344 2661 his
2382 2590 2608 2663 literis

470 2700 743 2786 referri,
763 2714 835 2771 et
874 2699 1018 2769 nisi
1051 2699 1126 2769 in
1169 2714 1462 2796 tempus
1497 2696 2238 2787 turbulentissimum,
2275 2713 2442 2797 post
2477 2700 2608 2772 dis·

472 2834 754 2883 cessum
795 2812 1037 2880 Pansae
1077 2808 1426 2897 consulis,
1475 2806 1897 2878 incidissent
1920 2862 1939 2895 ‚
2020 2808 2256 2879 honos
2306 2834 2605 2908 quoque

465 2921 704 3016 justus
745 2932 819 2991 et
861 2915 1151 2989 debitus
1185 2915 1325 2987 diis
1361 2915 1894 2989 immortalibus
1932 2916 2264 2990 decretus
2298 2936 2503 2993 esset.

565 3034 748 3101 Ecce
786 3025 920 3099 tibi
949 3024 1125 3098 idib.
1156 3027 1361 3124 april.
1395 3025 1685 3098 advolat
1727 3050 1938 3099 mane
1983 3028 2172 3100 celer
2207 3030 2441 3102 Pilus:
2476 3034 2605 3129 qui

469 3138 613 3211 vir!
673 3139 774 3212 dii
825 3136 1046 3225 boni,
1104 3160 1322 3234 quam
1373 3136 1640 3235 gravis!
1691 3162 1912 3235 quam
1954 3138 2326 3212 constans!
2381 3166 2601 3239 quam

470 3248 830 3321 bonarum
877 3248 954 3317 in
998 3246 1378 3345 republica
1422 3247 1769 3345 partium!
1823 3251 1956 3320 Hic
2004 3248 2343 3347 epistolas
2392 3250 2602 3329 affert

471 3361 683 3444 duas,
732 3382 950 3430 unam
1001 3372 1134 3429 tuo
1182 3362 1523 3445 nomine,
1558 3358 1855 3431 alteram
1893 3360 2212 3431 Antonii.
2266 3363 2407 3430 Dat
2441 3366 2601 3433 Ser·

468 3471 637 3542 vilio
681 3468 980 3541 tribuno
1019 3467 1292 3567 plebis;
1334 3468 1455 3540 ille
1492 3464 1915 3542 cornut0⁵:
1954 3470 2349 3540 recitantur
2378 3473 2456 3540 in
2488 3494 2599 3542 se-

470 3598 667 3654 natu.
705 3588 1077 3653 Auromus
1107 3604 1396 3653 rnocoS.
1427 3584 1687 3678 Magna
1718 3579 2099 3652 admiratio
2120 3573 2177 3667 ⁶,
2210 3594 2297 3652 ut
2328 3580 2387 3651 si
2414 3596 2603 3655 esset

536 3817 584 3865 3.
631 3816 837 3879 Repemt
875 3831 1044 3865 omnes
1080 3814 1484 3881 reprehensiones.
1648 3815 1699 3865 5.
1729 3814 1958 3864 Commo.
1986 3814 2191 3863 Pretori
2218 3814 2428 3866 urbano.
2448 3818 2599 3865 Intn.

463 3898 549 3946 Est
575 3894 702 3943 enim
733 3904 890 3953 tanta,
938 3907 993 3943 nt
1029 3894 1153 3943 nihil
1187 3894 1334 3943 nobis
1371 3910 1398 3943 a
1439 3906 1489 3941 te
1646 3890 1699 3941 6.
1728 3892 2023 3942 admiratio.
2044 3890 2172 3941 Nam
2192 3894 2233 3941 si
2259 3895 2526 3959 proconsul
2540 3896 2597 3945 C.

465 3986 632 4043 postea
677 3973 1052 4039 pr'aetermissum
1070 4009 1086 4031 ‚
1133 3974 1280 4021 liceat
1327 3990 1490 4037 repre·
1578 3972 1850 4032 Antonium
1866 3988 1954 4020 cur
1974 3970 2206 4020 adversus
2222 3987 2335 4021 eum
2357 3974 2596 4039 pugnavit

457 4054 863 4102 henderefiMnt.
1578 4054 1793 4101 Brutus?
1829 4053 1906 4100 sin
1945 4060 2077 4100 recte
2118 4054 2322 4111 Brutus,
2362 4070 2451 4101 cur
2474 4070 2594 4119 pro-

529 4139 578 4195 4.
604 4132 820 4182 Antonii.
841 4130 900 4180 C.
933 4132 1155 4179 Antonii.
1181 4132 1330 4179 Ῑυιιι.
1580 4131 1749 4179 consul
1767 4132 2011 4181 Antonius
2032 4134 2269 4183 vocetur?
2292 4134 2441 4183 lom.
