3019 4681
566 373 1082 443 EPISTOLAE
1129 374 1266 443 AD
1309 373 1804 459 ATTICUM,
1842 371 1985 460 IX,
2031 370 2095 443 3.
2300 370 2395 469 59

305 494 524 580 velles,
555 509 1128 593 persequuturus
1177 510 1332 568 erat
1361 499 1677 568 Cnaeum.
1720 495 2089 568 Transisse
2106 497 2141 546 ⁴
2202 497 2399 566 enim

304 606 420 701 jam
439 604 726 703 putabat
747 659 767 694 ,
807 607 1228 702 conjectura
1252 620 1769 704 tempestatum
1812 630 1897 676 ac
1920 604 2221 677 dierum.
2248 610 2402 702 Ego

310 728 524 786 nautas
549 739 718 788 eum
738 711 768 758 ⁵
801 741 958 787 non
994 715 1342 814 putabam
1373 715 1793 792 habiturum
1846 742 1861 785 :
1908 716 2029 787 ille
2072 714 2397 789 confide-

311 822 444 910 bat,
481 839 548 896 et
579 850 667 896 eo
707 829 969 922 magis,
1010 827 1216 923 quod
1253 826 1500 898 audita
1537 826 1993 899 naviculariis
2042 822 2405 898 hominis⁶

310 932 648 1007 liberalitas
672 951 884 1007 esset.
913 933 1057 1008 Sed
1085 949 1238 1009 tota
1261 961 1378 1010 res
1398 936 1831 1011 Brundisina
1850 935 1997 1032 jam
2018 933 2405 1036 quomodo

309 1042 532 1117 habent
557 1071 631 1118 se
649 1099 672 1136 ‚
716 1045 990 1118 diutius
1023 1050 1304 1120 nescire
1335 1071 1488 1118 non
1516 1069 1839 1145 possum.

371 1265 412 1312 4.
439 1258 684 1308 masiae.
705 1259 1016 1323 Pompeium.
1379 1259 1566 1328 quen&
1588 1261 1671 1310 aui
1694 1260 1956 1325 Pompdus
1980 1258 2228 1308 adimeret.
2246 1259 2408 1308 (ἔπειτ

373 1337 416 1385 5.
449 1337 577 1387 Eum.
617 1337 858 1386 (ἔπειτα)
902 1350 918 1388 .·.
961 1349 1020 1386 ut
1067 1337 1294 1404 persequi
1379 1338 1513 1388 idem
1540 1351 1771 1400 testatur,
1800 1339 1860 1388 de
1892 1339 2017 1390 Bell.
2047 1339 2191 1390 Civili
2222 1337 2317 1388 lib.
2350 1341 2409 1400 1,

308 1425 463 1478 penset·
499 1413 673 1465 Naum
705 1415 943 1483 putabam
981 1433 1010 1466 a
1054 1417 1292 1483 Pompeio
1380 1435 1493 1484 cap.
1522 1435 1608 1483 ²9·
1630 1421 1723 1469 En.

309 1491 540 1554 abductae,
571 1505 628 1544 ut
643 1495 830 1549 cesari
851 1495 1131 1546 faculatem
1157 1498 1291 1546 inne·
1449 1497 1505 1548 6.
1528 1497 1997 1550 [lambacensi-is.
2014 1499 2111 1546 En.

1473 1721 2021 1742 mmm
2028 1719 2402 1742 mmmm

924 1940 1540 2024 EPISTOLA
1604 1945 1745 2026 IV.

312 2131 494 2192 Scribit
523 2153 584 2193 se
616 2133 728 2194 sibi
773 2134 1042 2212 politicas
1083 2095 1363 2214 quasdam
1399 2137 1591 2198 theses
1618 2139 1960 2219 sumpsisse,
2006 2139 2080 2198 de
2112 2139 2324 2218 quibus
2354 2139 2413 2198 in

375 2245 660 2310 utramque
699 2245 932 2311 partem
987 2229 1328 2294 disserendo
1379 2237 1635 2296 animum
1688 2257 2005 2317 parumper
2046 2257 2081 2296 a
2132 2237 2413 2296 molestiis

377 2327 624 2391 abdunt.
663 2329 970 2411 (Formiis,
999 2350 1154 2390 anno
1177 2333 1254 2391 U.
1282 2335 1346 2393 C.
1375 2344 1488 2409 ⁹70ae
1505 2380 1524 2411 ,
1555 2349 1749 2395 mente
1776 2335 2033 2414 martio.)

944 2556 1258 2621 CICERO
1303 2555 1627 2622 ATTICO
1679 2554 1745 2619 S.

395 2742 536 2809 Eoo
593 2742 731 2809 etsi
796 2736 1070 2812 tamdiu
1124 2738 1504 2836 requiesco
1536 2792 1558 2826 ‚
1614 2735 1965 2836 quamdiu
2018 2750 2143 2809 aut
2201 2734 2293 2807 ad
2346 2750 2418 2807 te

323 2846 560 2935 scribo,
589 2863 716 2919 aut
749 2863 912 2919 tuas
938 2849 1180 2920 literas
1208 2848 1412 2945 lego:
1444 2862 1687 2919 tamen
1721 2860 1795 2917 et
1822 2848 2191 2944 ipse'egeo
2215 2869 2423 2943 argu-

322 2974 534 3031 mento
570 2958 1077 3057 epistolarum3
1115 2972 1188 3029 et
1229 2956 1362 3028 tibi
1410 2957 1603 3029 idem
1647 2955 1969 3029 accidere
2005 2970 2203 3028 certo
2253 2956 2421 3026 scio.

325 3069 473 3158 Quae
521 3075 714 3143 enim
771 3068 1014 3141 soluto
1075 3070 1319 3142 animo
1379 3066 1820 3143 familiariter
1866 3066 2087 3139 scribi
2147 3066 2425 3151 solent,

329 3180 746 3277 temporibus
789 3179 902 3251 his
937 3179 1461 3269 excluduntur3
1496 3202 1660 3277 quae
1678 3192 1920 3248 autem
1953 3188 2124 3246 sunt
2158 3174 2425 3243 horum

329 3300 746 3387 temporum,
789 3314 872 3361 ea
905 3290 1054 3385 jam
1097 3290 1589 3363 contrivimus.
1647 3285 1789 3359 Sed
1842 3301 2125 3372 tamen,
2172 3308 2266 3355 ne
2308 3308 2425 3355 me

333 3410 526 3472 totum
561 3398 974 3498 aegritudini
1001 3400 1297 3488 dedam,
1335 3398 1605 3497 sumpsi
1640 3396 1821 3469 mihi
1858 3393 2207 3493 quasdam
2241 3408 2427 3465 tam-

333 3518 513 3591 quam
553 3512 776 3595 θέσεις,
817 3530 976 3603 quae
1019 3520 1092 3577 et
1130 3504 1436 3603 politicae
1473 3518 1686 3591 sunt,
1732 3516 1805 3573 et
1840 3516 2253 3599 temporum
2294 3498 2429 3569 ho·

333 3627 504 3703 mm3
543 3632 628 3689 ut
671 3632 750 3689 et
795 3616 1154 3689 abducam
1203 3618 1529 3695 animum
1575 3613 1667 3686 ab
1710 3613 2069 3711 querelis,
2113 3626 2185 3683 et
2222 3613 2299 3681 in
2340 3637 2431 3682 eo

336 3714 498 3813 ipso,
529 3726 620 3801 de
655 3752 816 3826 quo
852 3730 1125 3825 agitur,
1159 3750 1513 3813 exercear.
1554 3729 1666 3795 Eae
1700 3738 1873 3797 sunt
1898 3721 2353 3818 hujusmodi:

422 3875 489 3941 Εἰ
527 3884 808 3971 μενετέον
847 3884 910 3948 ἐν
966 3890 1048 3973 τῇ
1093 3871 1356 3975 πατρίδι
1402 3880 1888 3971 τυραννουμένῃ
1934 3876 2432 3970 Τυραννουμένης

341 3964 612 4069 δ’ἓῑῖνΐῆῇ
669 3988 722 4055 εἰ
763 3988 954 4056 παντὶ
997 3988 1201 4081 τρόπῳ
1245 3976 1603 4080 τυραννίδος
1643 3983 1979 4053 κατάλυσιν
2029 4006 2436 4079 πραγρζατευ-

343 4084 484 4173 τίον,
523 4088 626 4181 κᾷν
663 4099 864 4190 μέλλῃ
910 4086 1014 4163 διὰ
1059 4104 1245 4163 τοῦτο
1287 4089 1422 4185 περὶ
1470 4100 1592 4159 τῶν
1631 4096 1787 4160 ὅλων
1822 4098 1859 4165 ἠ
1906 4090 2085 4166 πόλις
2130 4078 2437 4155 κινδυνεύ-

2678 4224 2883 4637 Δ
