3019 4681
646 354 1189 425 EPIs‘roLAE
1236 356 1374 425 AD
1423 359 1930 448 AT'rlcUM,
1968 362 2134 449 xv,
2195 384 2300 431 ιι.
2410 362 2550 447 445

426 476 567 549 Sed
589 492 661 548 et
696 480 979 549 Cassius
1010 476 1191 547 mihi
1226 476 1612 551 videbatur
1641 484 1876 555 iturus
1916 482 2228 579 (etenim
2269 485 2566 559 Servilia

424 584 901 683 pollicebatur
934 610 1013 657 se
1053 600 1463 659 curaturam
1480 642 1499 675 ‚
1533 605 1616 662 ut
1649 591 1766 663 illa
1798 590 2144 664 frumenti
2171 598 2448 665 curatio
2474 594 2566 666 de

424 697 1049 769 senatusconsulto
1086 696 1554 794 tolleretur);
1597 717 1670 773 et
1695 719 1944 775 noster
1967 714 2028 747 ¹²
2067 705 2212 775 cito
2240 703 2564 799 dejectus

424 822 532 879 est
566 806 657 880 de
674 808 800 879 illo
825 808 1023 879 inani
1051 832 1383 881 sermone
1423 812 1658 884 :velle
1697 815 1890 883 enim
1927 837 2002 885 se
2038 812 2330 885 dixerat.
2365 818 2565 886 Con-

424 918 657 988 stituit
680 918 933 1015 igitur,
966 933 1051 989 ut
1078 916 1269 1007 ludi,
1292 918 1590 993 absente
1626 948 1702 994 se
1730 976 1748 1009 ,
1775 921 2032 994 fierent
2063 948 2200 995 suo
2238 928 2562 995 nomine.

421 1024 785 1099 Proficisci
844 1042 1088 1119 autem
1140 1028 1313 1099 mihi
1364 1032 1439 1101 in
1500 1034 1740 1104 Asiam
1781 1032 2163 1106 videbatur
2209 1032 2302 1105 ab
2345 1036 2563 1106 Antio

420 1136 623 1208 velle.
658 1140 768 1209 Ne
812 1136 1082 1227 multa3
1124 1138 1304 1210 nihil
1345 1165 1462 1213 me
1497 1145 1574 1212 in
1601 1143 1728 1214 illo
1755 1145 2011 1216 itinere
2039 1198 2058 1233 ‚
2095 1158 2355 1243 praeter
2380 1169 2561 1216 con·-

422 1250 792 1343 scientiam
816 1303 836 1336 ,
879 1246 1276 1321 delectavit.
1318 1254 1484 1323 Non
1525 1256 1719 1323 enim
1749 1250 1890 1325 fuit
1917 1252 2516 1326 committendum
2540 1307 2561 1343 ,

423 1369 506 1425 ut
542 1354 663 1428 ille
700 1381 789 1428 ex
831 1356 1037 1429 ltalia
1075 1358 1314 1454 priuS,
1362 1385 1585 1457 quam
1628 1387 1669 1434 a
1717 1388 1836 1434 me
1886 1378 2288 1436 conventus
2339 1378 2560 1451 esset,

421 1463 840 1539 discederet.
885 1472 1040 1539 Hoc
1067 1464 1365 1565 dempto
1391 1492 1699 1543 munere
1732 1475 2000 1545 amoris
2037 1487 2258 1570 atque
2297 1470 2518 1545 officii
2544 1526 2565 1560 ,

423 1574 885 1675 sequebatur,
918 1592 1002 1649 ut
1028 1602 1315 1650 mecum
1355 1582 1509 1677 ipse
1541 1608 1557 1651 ε

658 1728 705 1791 fi
730 1733 865 1809 δῶρ’
890 1734 1004 1801 ὁδός
1020 1730 1065 1769 ¹³
1088 1758 1164 1793 σοι
1196 1740 1245 1794 τί
1270 1734 1484 1794 δῦναι-αι
1512 1746 1593 1794 νῦν
1609 1775 1626 1804 ,
1657 1745 1926 1812 θιοπρόπις

421 1876 722 1944 Prorsus
766 1871 1195 1945 dissolutum
1234 1871 1512 1946 offendi
1539 1876 1944 1973 navigium,
1985 1866 2107 1946 'vel
2145 1876 2389 1972 potius
2417 1875 2558 1945 dis-

362 1974 373 1985 “
420 1984 753 2080 sipatum.
815 1984 1011 2055 Nihil
1054 1984 1395 2073 consilio,
1442 1984 1629 2055 nihil
1685 1986 2002 2073 ratione,
2051 1983 2231 2054 nihil
2279 1983 2555 2056 ordine.

418 2095 671 2189 Itaque
707 2094 835 2165 etsi
866 2118 959 2165 ne
992 2108 1200 2165 antea
1233 2093 1531 2191 quidem
1565 2092 1923 2183 dubitavi,
1964 2107 2207 2166 tamen
2235 2118 2434 2166 nunc
2465 2119 2552 2166 eo

421 2202 698 2291 minus,
746 2204 1026 2275 evolare
1070 2204 1278 2294 hinc3
1323 2203 1544 2303 idque
1582 2228 1804 2303 quam
1841 2206 2189 2303 primum,
2231 2204 2360 2276 ubi

656 2379 777 2436 Nec
805 2373 1219 2454 Pelopidarum
1234 2378 1281 2422 ¹⁴
1315 2377 1497 2448 facta,
1525 2393 1716 2452 neque
1744 2375 1956 2434 famam
1982 2373 2237 2433 audiam.

420 2535 558 2610 Sed
594 2538 779 2610 heus
818 2553 927 2626 tu,
959 2564 1053 2612 ne
1096 2538 1284 2611 forte
1332 2540 1426 2610 sis
1473 2541 1762 2610 nescius
1790 2593 1812 2625 ‚
1856 2536 2231 2611 Dolabella
2270 2563 2388 2612 me
2424 2538 2560 2612 sibi

420 2647 679 2745 legavit
704 2673 761 2720 a.
802 2647 871 2721 d.
910 2673 980 2718 tv
1023 2674 1253 2726 nonas
1278 2645 1361 2720 ¹⁵.
1414 2649 1499 2720 Id
1538 2648 1719 2720 mihi
1753 2648 1912 2720 heri
1947 2650 2230 2748 vesperi
2266 2651 2554 2722 nuntia-

420 2773 575 2828 tum
612 2773 753 2831 est:
788 2760 1046 2831 Votiva
1074 2784 1168 2832 ne
1208 2758 1340 2832 tibi
1372 2759 1671 2858 quidem
1704 2759 2057 2859 placebat.
2097 2763 2382 2832 Etenim
2407 2775 2560 2832 erat

420 2865 813 2938 absurdum
834 2922 855 2955 ‚
883 2893 1081 2966 qum,
1130 2872 1190 2940 si
1225 2872 1541 2944 stetisset
1575 2869 1983 2968 respublica
2007 2867 2071 2914 ¹⁶
2091 2924 2111 2954 ‚
2161 2873 2554 2958 vovissem,

420 3063 655 3115 volentes.
682 3067 848 3117 Coun.
870 3093 939 3104 —
960 3070 1089 3117 Puto
1109 3053 1437 3134 supplendum
1609 3071 1686 3118 15.
1705 3071 1806 3119 Alii
1844 3069 1964 3121 add.
1989 3069 2140 3134 april.
2161 3067 2310 3118 Male.
2335 3071 2385 3119 J.
2403 3070 2471 3118 V.
2496 3071 2557 3120 1..

422 3159 513 3193 me.
550 3147 618 3193 Ut
648 3161 699 3194 ee
726 3145 857 3194 die-t
886 3147 1060 3196 Cicero
1093 3164 1208 3197 enm
1236 3147 1438 3197 muliere
1524 3177 1596 3187 —
1623 3149 1787 3214 April.
1823 3153 1896 3199 Ut
1928 3149 2090 3197 minus
2125 3148 2368 3197 sincerum
2400 3157 2560 3195 sustu·

421 3225 717 3274 contendere
740 3223 953 3276 noluisse
969 3259 986 3288 ,
1002 3237 1053 3276 et
1069 3243 1120 3275 ee
1138 3227 1435 3276 cohibuisse.
1523 3228 1663 3278 lei-im
1687 3228 1914 3277 libenter.
1949 3229 2118 3276 Nonas
2157 3226 2332 3290 apriles
2367 3226 2554 3274 futuras

420 3303 649 3352 Mam.
1526 3307 1702 3357 Cicero
1740 3317 2103 3372 exspectaturus
2145 3320 2246 3353 non
2291 3313 2422 3368 erat,
2461 3307 2550 3368 qui

498 3397 583 3430 η.
617 3384 815 3432 Noster.
836 3384 1032 3434 Brutus.
1050 3383 1200 3432 Inani
1213 3399 1445 3432 sermone.
1535 3387 1697 3436 statim
1729 3397 1928 3452 cuperet
1954 3385 2195 3450 navigare.
2231 3383 2457 3432 Msusr.
2486 3409 2558 3422 --

422 3463 587 3525 Quum
614 3461 765 3523 dixit,
794 3479 845 3511 ee
864 3465 1069 3512 Romam
1096 3465 1295 3512 iturum.
1318 3463 1451 3510 Velle
1536 3467 1600 3513 Bt
1625 3467 1750 3514 hanc
1773 3481 1942 3514 vocem
1965 3463 2218 3511 delendam
2241 3475 2403 3511 censet
2428 3463 2557 3512 Cor·-

422 3541 553 3590 em‘m
593 3559 645 3589 se
688 3542 904 3592 dixerat.
946 3543 1029 3591 Uti
1067 3543 1281 3592 Asiatica
1306 3557 1447 3590 eura-
1538 3545 1700 3594 udus.
1737 3547 1910 3609 Neque
1954 3544 2084 3591 enim
2128 3543 2300 3592 Cicero
2341 3557 2555 3594 mensem

426 3621 565 3669 tione
584 3621 832 3672 frumenti.
856 3623 1001 3671 Mu«.
1535 3623 1820 3671 nominabat
1868 3637 2057 3687 semper
2092 3635 2106 3670 ε
2151 3637 2296 3686 quem
2330 3621 2558 3688 supplere

496 3703 576 3750 13.
607 3691 649 3750 fi
674 3695 809 3771 δεῦρ’
830 3695 955 3760 ὁδός.
988 3723 1013 3745 α
1032 3705 1131 3752 Iter
1151 3701 1250 3750 hoe
1275 3719 1441 3751 susce-
1535 3717 1684 3766 quum
1708 3701 1888 3750 vellent
1913 3701 2127 3763 librarii,
2161 3700 2370 3765 turpiter
2390 3717 2441 3749 ee
2464 3701 2554 3750 de·

418 3790 555 3844 ptum
578 3815 593 3839 ,
620 3782 701 3830 cni
718 3781 811 3830 tibi
834 3783 949 3830 usui
964 3797 1095 3830 nunc
1116 3791 1213 3840 est,
1232 3797 1342 3846 nge,
1362 3781 1445 3830 die
1535 3781 1727 3830 derunt.
1749 3780 1878 3830 Vide
1905 3795 2074 3846 supra,
2102 3795 2179 3844 ep.
2211 3779 2264 3828 δι
2293 3779 2448 3828 Omv.

420 3871 475 3907 tu
492 3893 509 3916 ,
538 3860 622 3924 qui
649 3861 900 3909 oraculum
920 3860 1135 3910 consulis
1151 3883 1193 3908 n.
1219 3861 1445 3910 Semi-ius
1609 3862 1691 3909 ιδ.
1737 3863 1861 3926 Quae
1875 3895 1890 3920 ,
1935 3860 1982 3908 si
2023 3859 2228 3907 stetisset
2275 3858 2558 3923 respublica.

417 3951 579 4001 poetae
598 3939 764 3988 nescio
783 3941 940 4002 eujus.
1535 3943 1666 3989 Vota
1688 3955 1784 4003 pro
1811 3940 1964 3988 salute
1991 3938 2270 4003 reipublice
2293 3938 2435 3986 etiam
2459 3941 2564 4002 pri-

500 4028 579 4074 14.
606 4021 711 4068 Nec
738 4019 1109 4086 Pelopidarum.
1141 4021 1297 4084 Supra
1312 4055 1327 4078 ‚
1357 4020 1443 4070 lib.
1536 4019 1637 4067 vati
1655 4019 1980 4084 suscipiebant
1995 4051 2010 4076 ,
2029 4027 2086 4066 ut
2100 4019 2272 4067 Cicero
2289 4018 2371 4065 hie
2392 4018 2560 4071 scribit

421 4097 559 4155 xlv,
583 4099 725 4160 epist.
758 4115 838 4146 η.
1539 4108 1655 4146 vota
1679 4115 1704 4146 n
1734 4113 1784 4147 ee
1811 4099 1935 4148 faeta
1969 4096 2061 4144 snb
2091 4095 2184 4144 hae
2213 4097 2442 4158 formula,
2472 4117 2497 4136 οι
2520 4097 2562 4143 si
