3019 4681
646 338 1169 407 EP1sToLAE
1220 338 1359 405 AD
1406 340 1906 426 ΑΤΤῙΟΗΜ,
1940 340 2148 425 xlv,
2199 360 2302 431 η.
2401 312 2550 432 ‘407

432 522 1251 543 mfflmmmmmm
1262 522 1349 541 m
1356 521 2371 544 mfflssssmmmmmwm
2379 522 2554 543 dmm

1014 673 1594 754 EPISTOLA
1659 675 1959 753 XVII.

425 842 755 921 Respondet
780 842 958 902 Attici
978 843 1161 901 literis
1188 863 1221 903 a
1246 842 1548 901 Demetrio
1577 844 1847 921 acceptis.
1877 829 1970 919 (I'n
1996 843 2381 921 Pompeiano,
2408 862 2560 901 anno

1093 944 1169 999 U.
1196 943 1259 999 C.
1289 960 1405 1016 709
1424 983 1442 1012 ‚
1472 960 1670 999 mense
1695 940 1890 1011 maio.)

1100 1107 1412 1175 CICERO
1456 1108 1778 1173 ATTICO
1824 1108 1889 1173 S.

518 1238 597 1304 Iu
660 1213 1181 1330 Pompeianum
1216 1236 1383 1305 veni
1436 1258 1479 1302 v
1525 1258 1754 1305 nonas
1809 1235 1971 1304 mai.
2029 1256 2260 1330 quum
2299 1232 2566 1329 pridie,

421 1356 505 1413 ut
539 1357 747 1413 antea
781 1342 873 1413 ad
910 1359 981 1413 te
1012 1344 1302 1440 scripsi,
1355 1342 1604 1415 Piliam
1645 1346 1724 1415 in
1778 1346 2107 1414 Cumano
2143 1340 2560 1413 collocavis-

423 1476 595 1523 sem.
635 1449 742 1523 lbi
780 1452 959 1523 mihi
998 1454 1319 1523 coenanti
1353 1453 1573 1524 literae
1610 1468 1750 1525 tuae
1787 1466 1958 1525 sunt
1987 1450 2322 1537 redditae,
2383 1478 2564 1548 quas

423 1560 725 1634 dederas
755 1562 1124 1634 Demetrio
1176 1562 1443 1634 liberto
1486 1562 1671 1660 prid.
1719 1561 1858 1633 kal.
1906 1566 1982 1632 in
2022 1559 2292 1658 quibus
2339 1562 2565 1631 multa

423 1673 824 1768 sapienter,
870 1670 999 1742 sed
1038 1684 1278 1743 tamen
1315 1672 1481 1743 talia
1503 1726 1524 1760 ,
1558 1670 2178 1768 quemadmodum
2205 1685 2358 1741 tute
2390 1674 2562 1741 scri-

422 1780 684 1869 bebas,
720 1796 805 1851 ut
855 1806 1073 1857 omne
1119 1781 1500 1855 consilium
1547 1786 1624 1853 in
1665 1781 1956 1853 fortuna
2002 1782 2318 1879 positum
2364 1780 2563 1851 vide-

420 1906 648 1963 retur.
691 1897 947 1988 Itaque
982 1892 1095 1963 his
1128 1892 1219 1963 de
1255 1891 1473 1963 rebus
1511 1918 1600 1965 ex
1641 1908 2002 1990 tempore,
2048 1906 2122 1962 et
2158 1914 2424 1963 coram.
2455 1894 2566 1961 De

423 2002 807 2073 Buthrotio
848 2004 1174 2099 negotio,
1214 2004 1491 2072 utinam
1529 2002 1828 2099 quidem
1863 2002 2258 2073 Antonium
2294 2023 2564 2071 conve-

423 2113 617 2182 niam
651 2108 667 2181 l
707 2111 1017 2180 multum
1056 2108 1386 2209 profecto
1424 2109 1816 2209 proficiam.
1860 2109 1997 2182 Sed
2035 2134 2184 2179 non
2213 2108 2566 2184 arbitran-

422 2234 545 2291 tur
576 2245 747 2291 eum
782 2246 823 2290 a
846 2224 1092 2317 Capua
1130 2219 1679 2292 declinaturum.
1707 2226 1873 2313 Quo
1916 2218 2248 2319 quidem,
2283 2224 2562 2309 metum

422 2355 515 2402 ne
554 2355 817 2430 magno
846 2330 1261 2428 reipublicae
1289 2331 1483 2403 malo
1518 2334 1814 2405 venerit.
1846 2329 2063 2423 Quod
2096 2328 2284 2401 idem
2309 2335 2387 2402 L.
2410 2334 2564 2402 Cae-

419 2442 559 2512 sari
578 2453 597 2484 ¹
631 2439 1039 2528 videbatur,
1058 2465 1277 2538 quein
1300 2441 1535 2538 pridie
1558 2441 1862 2540 Neapoli
1887 2439 2230 2512 affectum
2252 2442 2560 2536 graviter

421 2550 761 2624 videram.
802 2548 1295 2640 Quamobrem
1320 2553 1453 2623 ista
1482 2551 1694 2627 nobis
1719 2553 1810 2623 ad
1835 2551 1970 2625 kal.
1989 2551 2148 2646 jun.
2190 2549 2562 2628 tractanda

424 2673 496 2730 et
530 2659 967 2758 perficienda
996 2675 1186 2734 sunt.
1224 2662 1363 2734 Sed
1402 2662 1774 2734 hactenuS.
1811 2665 1898 2752 Q.
1931 2658 2124 2732 filius
2156 2659 2246 2732 ad
2281 2673 2558 2757 patrem

422 2769 915 2845 acerbissimas
940 2770 1181 2843 literas
1204 2774 1437 2859 misit;
1484 2797 1646 2870 quoe
1677 2789 1846 2846 sunt
1875 2775 1941 2844 ei
1962 2769 2255 2842 redditae
2276 2824 2296 2858 ,
2327 2794 2558 2866 quum

424 2884 863 2958 venissemus
935 2882 1007 2954 iu
1063 2885 1586 2978 Pompeianum
1651 2911 1666 2954 ε
1730 2907 2040 2980 quarum
2097 2896 2337 2955 tamen
2401 2894 2560 2952 erat

423 3006 677 3089 caput,
723 2991 1157 3087 Aquilliam²
1199 3017 1578 3066 novercam
1617 3019 1768 3064 non
1813 3017 1970 3066 esse
2019 2992 2355 3063 laturum.
2417 2989 2560 3062 Sed

423 3101 565 3173 hoc
598 3100 969 3174 tolerabile
1005 3099 1307 3180 fortasse
1346 3129 1363 3174 z
1404 3101 1584 3174 illud
1620 3103 1839 3174 vero?
1877 3127 1954 3174 se
2000 3098 2092 3171 ab
2129 3105 2403 3172 Caesare
2438 3097 2560 3168 ha-

420 3211 661 3285 buisse
704 3211 983 3300 omnia,
1022 3210 1121 3282 nil
1172 3236 1211 3282 a
1258 3228 1495 3309 patre,
1545 3212 1824 3310 reliqua
1868 3233 2154 3311 sperare
2197 3207 2291 3280 ab
2333 3213 2560 3280 Anto-

422 3321 565 3391 nio.
602 3323 666 3390 Ο
710 3316 1077 3414 perditum
1124 3315 1532 3390 hominem!
1571 3318 1701 3390 sed
1751 3325 1998 3414 μελήσει
2025 3313 2078 3388 ³.
2108 3313 2216 3390 Ad
2251 3320 2556 3386 Brutum

423 3440 783 3508 nostrum,
817 3425 908 3496 ad
928 3427 1287 3515 Cassium,
1320 3427 1409 3498 ad
1438 3427 1884 3502 Dolabellam
1916 3426 2254 3528 epistolas
2282 3426 2554 3524 scripsi.

420 3541 685 3608 Earum
722 3533 1049 3633 exempla
1088 3535 1217 3608 tibi
1262 3538 1455 3625 misi,
1493 3564 1644 3609 non
1685 3553 1766 3610 ut
1805 3536 2322 3618 deliberarem,
2395 3535 2556 3606 red-

422 3643 771 3717 dendaene
804 3660 1045 3715 essent
1080 3646 1337 3742 (plane
1372 3651 1565 3718 enim
1596 3647 1848 3743 judico
1879 3671 2032 3718 esse
2070 3643 2555 3740 reddendas),

500 3830 543 3863 r.
582 3817 635 3860 L.
667 3813 863 3861 Caesan'.
888 3811 991 3874 Qui
1018 3827 1119 3861 eos.
1148 3813 1305 3860 suerat
1330 3829 1443 3861 enm
1532 3815 1782 3864 audiverat
1815 3817 1877 3877 Q.
1918 3823 2102 3878 patrem
2137 3825 2360 3860 uxorem.
2381 3812 2562 3862 ducet-o

421 3895 478 3944 C.
510 3893 681 3956 Figulo
706 3907 820 3940 ann.
842 3893 909 3940 U.
936 3892 994 3939 (2.
1020 3893 1143 3954 689.
1174 3892 1291 3952 Eius
1308 3909 1445 3942 soro-
1534 3889 1672 3943 velle.
1701 3893 1817 3941 vid.
1837 3909 1917 3958 ep.
1943 3892 2004 3942 13
2021 3929 2037 3954 ,
2060 3908 2195 3957 supr.
2221 3892 2316 3940 En.

422 3973 491 4020 ris
510 3970 639 4020 flliu-
666 3983 769 4020 erot
792 3973 863 4020 M.
889 3971 1151 4021 Antonius.
1180 3974 1299 4023 Seu.
1478 3981 1491 3996 ⁶
1605 3975 1654 4022 3.
1693 3969 1916 4026 Μιλήσιε..
1955 3973 2066 4038 Ῐμο
2098 3971 2276 4021 viderit
2290 4007 2306 4034 ,
2333 3972 2438 4038 ipae
2469 3987 2558 4018 eo·

496 4067 546 4100 2.
590 4052 855 4117 Aquiliam.
897 4053 1056 4114 Quam
1089 4052 1213 4102 &lto
1250 4069 1443 4106 rumore
1534 4055 1671 4117 gitet.
