3019 4681
1124 342 1804 419 FRAGMENTA.
2391 372 2516 447 7¹¹

498 464 717 539 NON.
748 462 1125 561 Consequi.
1156 468 1432 537 Honor.
1453 471 1638 537 Tum
1679 490 1911 565 quum
1950 491 2034 545 ea
2053 519 2075 556 ,
2115 491 2276 567 quae
2311 494 2390 543 es
2437 469 2528 542 ab

398 588 658 645 senatu
696 595 983 651 summo
1018 596 1187 648 cum
1230 574 1514 652 honore
1549 566 2066 677 consequutus.

495 687 715 756 NON.
752 683 1180 781 Improbum.
1214 686 1463 769 Debes
1492 686 1730 761 odisse
1757 687 2292 787 improbitatem
2329 691 2392 787 ej
2401 714 2485 761 us
2510 745 2530 777 ‚

400 793 572 892 quia
598 791 1301 892 impudentissimum
1338 821 1612 875 nomen
1645 796 2010 897 delegerit.

492 906 708 977 NON.
768 908 1005 975 Tueri.
1061 909 1161 976 Ut
1204 907 1456 995 sciret,
1498 908 1772 1008 majore
1807 930 1980 979 cura
2013 907 2284 983 tuenda
2331 932 2484 981 esse
2517 964 2538 994 ‚

394 1037 559 1116 quae
599 1028 804 1123 parta
846 1029 1038 1087 sunt.

391 1168 649 1233 epimelas,
670 1180 787 1235 post
804 1180 991 1235 punam
1016 1171 1117 1221 fene
1134 1170 1409 1225 rhandieo
1495 1172 1724 1232 civilibnq
1750 1173 2020 1241 implicato.
2047 1174 2212 1240 Qum
2233 1182 2393 1223 autem
2413 1177 2522 1225 ea-

390 1248 561 1313 praelio
612 1249 867 1299 victoriam
878 1283 898 1310 ‚
944 1252 1149 1317 scripta·
1195 1268 1299 1301 σιω
1343 1251 1408 1299 nd
1495 1253 1592 1301 sari
1612 1268 1752 1301 euru·
1768 1253 1948 1303 Bulbus
1971 1252 2146 1313 fuerit,
2166 1252 2275 1301 alie
2297 1252 2517 1317 epistola

390 1330 625 1379 Canum
646 1330 933 1381 diet-torem
959 1330 1247 1379 crediderim
1266 1364 1283 1392 ,
1305 1332 1408 1381 (Σω-
1496 1332 1677 1396 ρυιίιιι
1697 1331 1918 1396 apiculis
1943 1330 2006 1379 ad
2035 1331 2258 1382 Atticum
2283 1330 2514 1380 admixta

390 1424 496 1457 ure
526 1408 637 1475 ipso
676 1408 838 1458 adhue
874 1419 1012 1461 ntra
1050 1408 1241 1458 Italiam
1265 1408 1407 1457 benis
1493 1410 1736 1460 indicant.
1765 1413 1943 1463 Smer.

912 1575 1039 1645 AD
1089 1573 1499 1643 EUMDEM
1519 1625 1539 1657 ‚
1579 1596 1666 1643 Ex
1706 1596 1838 1645 Lm.
1886 1576 1976 1643 ΙΙ.

476 1745 693 1817 NON.
730 1750 1027 1825 Locare.
1070 1744 1203 1817 Vel
1246 1742 1451 1843 quod
1485 1743 1750 1816 locatio
1787 1698 1924 1816 ista
1956 1746 2292 1844 pretiosa.

480 1856 702 1927 NON.
764 1860 1057 1927 Putat-e.
1113 1853 1335 1950 Quod
1384 1856 1746 1953 sapientes
1794 1854 2160 1945 hominm,
2211 1879 2295 1927 ac
2335 1856 2516 1928 honi

380 1977 766 2147 puffils.
822 2074 948 2147 lib.
986 2080 1049 2147 1.
1088 2078 1344 2175 Neque
1377 2098 1514 2173 pro
1551 2088 1766 2145 cauto
1808 2098 1894 2146 ae
1922 2070 2269 2172 diligente
2305 2098 2380 2146 se
2411 2100 2517 2147 ca-

378 2188 544 2258 stris
576 2188 956 2259 continuit.
1115 2246 1122 2255 .

474 2298 702 2370 NON.
773 2300 1340 2371 Monumentum.
1405 2294 1548 2368 Sed
1605 2320 1779 2398 ego,
1834 2318 1996 2395 quae
2049 2298 2510 2368 monumenti

373 2406 558 2478 ratio
597 2409 690 2478 sit
709 2459 729 2495 ‚
768 2409 1069 2480 nomine
1104 2409 1266 2507 ipso
1303 2406 1718 2480 admoneor.
1756 2406 1864 2480 Ad
1899 2408 2320 2480 memoriam
2355 2432 2505 2480 ma—

372 2516 483 2614 gis
544 2532 867 2616 spectare
918 2517 1137 2592 debet
1198 2519 1636 2617 posteritatis
1653 2573 1674 2607 ,
1724 2541 1946 2617 quam
2002 2515 2093 2589 ad
2141 2519 2510 2616 praesentis

370 2629 720 2726 temporis
763 2632 1083 2726 gratiam.

891 2820 1022 2888 AD
1062 2785 1503 2905 EUMDEM.
1547 2841 1638 2887 ιι
1672 2841 1806 2887 m.
1851 2821 1980 2888 111.

462 2996 692 3068 NON.
737 2999 1131 3066 Dc'mz’nere.
1164 2998 1345 3086 Quae
1372 2997 1433 3066 si
1464 2993 1781 3084 videres,
1811 3020 1968 3066 non
2004 2995 2132 3067 de¹
2181 2997 2498 3068 exercitu

367 3102 753 3182 retinendo
783 3103 1007 3194 tueri,
1038 3103 1165 3176 sed
1202 3129 1290 3176 eo
1317 3103 1620 3192 tradite,
1665 3119 1793 3176 aut
1819 3103 2133 3178 dimisse.

462 3217 683 3287 NON.
730 3219 1145 3289 contemno.
1190 3215 1421 3287 Amici
1449 3213 1786 3316 nonnulli
1823 3237 1866 3284 a
1899 3227 1972 3285 te
2011 3214 2380 3285 contemni
2413 3237 2496 3284 ac

366 3319 678 3422 despici,
714 3348 797 3397 ac
834 3346 969 3422 pro
1003 3323 1231 3396 nihilo
1272 3323 1525 3397 haberi
1571 3336 1898 3396 senatum
1935 3320 2180 3396 velint.

440 3489 486 3523 ι.
510 3475 600 3525 De.
627 3475 893 3526 lambiunt
916 3476 1149 3538 conjicit,
1176 3487 1241 3524 ee.

775 3663 904 3731 AD
954 3662 1392 3755 EUMDEM,
1432 3687 1522 3731 1-:x
1567 3685 1698 3732 mn.
1739 3684 2059 3734 fflcnn‘ro.

455 3837 675 3907 NON.
708 3840 1003 3906 Levat-e.
1041 3841 1193 3907 Jam
1231 3833 1780 3934 amplitudinem
1809 3834 2258 3932 gloriamque
2292 3849 2486 3906 tuam

362 3963 624 4040 magno
661 3943 838 4014 mihi
879 3959 1308 4017 ornamento
1344 3945 1500 4018 iore
1539 3947 1901 4034 existim0‚
1926 3943 2126 4043 quod
2156 3969 2272 4017 me
2299 3946 2488 4017 levas

362 4077 553 4124 cura.
