3019 4681
474 367 619 465 694
788 366 1302 474 EPISTOLAE
1351 368 1539 438 CIC.
1590 369 1715 436 ET
1762 369 2133 452 BRUTI,
2185 388 2290 464 17.

471 491 590 562 cio
632 488 920 586 largiter
969 517 986 559 :
1037 513 1280 586 neque
1327 489 1519 562 enim
1588 491 1957 587 impetrari
2008 504 2250 588 potest
2281 545 2303 579 ‚
2360 496 2537 588 quin
2582 547 2601 578 ,

473 599 687 698 quale
729 599 1057 698 quidque
1087 599 1416 672 videatur
1447 601 1552 690 ei,
1586 601 1801 672 talem
1836 603 2145 699 quisque
2182 601 2273 673 de
2300 601 2427 672 illo
2451 605 2605 700 opi—-

471 713 766 782 nionem
803 710 1084 782 habeat.

565 823 844 893 Vellem
907 822 1084 893 mihi
1141 822 1539 921 scripsisses
1566 875 1585 909 ‚
1638 847 1798 918 quae
1858 820 2311 892 conditiones
2364 837 2600 892 essent

467 935 714 1004 Atticae
727 940 794 976 ²⁰
831 949 1093 1004 nostrae
1131 957 1149 1001 t
1187 937 1582 1030 potuissem
1606 933 1875 1030 aliquid
1902 931 2038 1002 tibi
2067 931 2157 1003 de
2186 955 2349 1004 meo
2386 955 2597 1002 sensu

469 1042 942 1141 perscribere.
979 1043 1466 1115 Valitudinem
1518 1046 1782 1115 Porciae
1822 1067 1997 1115 meae
2036 1042 2174 1114 tibi
2222 1065 2411 1115 curae
2448 1065 2599 1113 esse

468 1177 624 1224 non
671 1155 917 1224 miror.
975 1155 1312 1251 Denique
1341 1207 1360 1242 ‚
1409 1153 1611 1251 quod
1655 1157 1839 1252 petis
1862 1208 1881 1244 ‚
1931 1154 2181 1225 faciam
2237 1153 2597 1239 libenter-3

466 1287 636 1333 nam
683 1265 898 1334 etiam
939 1288 1225 1336 sorores
1261 1289 1376 1336 me
1415 1279 1711 1362 rogant3
1766 1279 1841 1336 et
1886 1265 2261 1337 hominem
2280 1273 2339 1308 ²1
2376 1287 2598 1349 noi-0,

469 1385 543 1442 et
578 1371 754 1469 quid
789 1371 930 1444 sibi
963 1370 1295 1446 voluerit.
2590 1367 2593 1370 ⁴

540 1539 622 1572 no.
651 1522 848 1574 Acticoe.
881 1525 955 1573 De
973 1541 1070 1590 qua
1085 1561 1100 1587 ,
1123 1537 1182 1574 ut
1206 1527 1400 1592 opinor,
1421 1527 1476 1575 in
1571 1527 1633 1575 ab
1651 1527 1823 1576 Attico
1843 1537 1933 1575 eta
1954 1527 2091 1576 Bruti
2114 1525 2383 1585 sororibus,
2396 1539 2599 1590 quarum

465 1603 828 1652 nuti-iunoniam
908 1605 1190 1656 munands
1251 1605 1484 1672 quiddam
1575 1607 1723 1656 altera
1747 1621 1878 1655 uxor
1904 1607 1981 1654 Μ.
2004 1607 2207 1672 Lepidi,
2236 1606 2383 1656 altura
2404 1605 2465 1654 C.
2486 1606 2605 1654 Cas-

463 1684 658 1732 Atticm
683 1684 956 1748 scripserat.
1574 1687 1661 1744 sii,
1688 1685 2097 1736 commendatum.
2134 1690 2225 1736 11ae
2248 1686 2387 1736 Bruti
2408 1699 2601 1734 sorores

539 1778 569 1809 a
581 1779 600 1809 1
613 1796 625 1809 .
640 1763 912 1812 Hominem.
939 1761 1120 1812 Neu-,io
1143 1781 1288 1828 quem
1303 1799 1320 1824 ‚
1333 1763 1486 1813 literis
1576 1778 1695 1815 tnnc
1712 1767 1887 1814 Romae
1911 1778 2065 1824 erant,
2086 1767 2177 1816 En.

1031 2110 1651 2191 EPISTOLA
1705 2113 2046 2192 XVIII.

474 2281 564 2336 De
585 2277 876 2336 exercitus
902 2276 962 2332 in
981 2275 1212 2334 -Itaiiam
1239 2275 1569 2334 adducendi
1592 2278 1964 2349 necessitate-⁹,
1987 2276 2060 2334 de
2084 2276 2471 2335 sollicitudine
2500 2295 2603 2334 sua

549 2376 610 2433 in
651 2374 950 2433 retinendo
997 2374 1272 2448 oetavio,
1308 2394 1418 2453 pro
1464 2395 1584 2454 quo
1630 2376 2027 2455 spoponderat
2056 2396 2198 2455 pop.
2232 2394 2379 2434 rom.
2410 2376 2485 2435 de
2518 2377 2605 2433 rei

459 2514 468 2519 -
551 2471 903 2549 pecuniariae
943 2472 1282 2531 difficultate
1299 2514 1317 2543 ,
1343 2486 1404 2531 et
1435 2472 1511 2531 de
1534 2473 1743 2551 Lepidi
1770 2474 1916 2537 filiis.
1942 2476 2171 2551 (Romae
2195 2518 2213 2547 ‚
2240 2492 2395 2533 anno
2430 2478 2503 2533 U.
2537 2478 2602 2531 C.

553 2586 700 2641 710,
729 2586 924 2627 mense
949 2566 1238 2645 quintili.)

1145 2724 1455 2789 CICERO
1501 2726 1788 2789 BRUTO
1833 2727 1895 2790 S.

569 2864 795 2951 Quum
831 2885 1017 2959 saepe
1049 2876 1120 2931 te
1158 2861 1380 2932 literis
1409 2861 1741 2933 hortatus
1776 2886 2042 2950 essem,
2086 2878 2165 2935 ut
2206 2888 2425 2961 quam
2453 2868 2600 2963 pri-

471 2996 672 3044 mum
710 2970 1122 3070 reipublicae
1149 2971 1569 3045 subvenires
1589 3027 1608 3059 ‚
1643 2974 1719 3043 in
1752 2974 2177 3069 Italiamque
2204 2977 2600 3045 exercitum

467 3082 894 3171 adducereS,
926 3106 1165 3179 neque
1197 3082 1270 3152 id
1314 3080 1697 3153 arbitrarer
1726 3081 2055 3153 dubitare
2087 3097 2255 3154 tuos
2282 3091 2603 3155 ‘necessa-

465 3198 649 3280 rios3
697 3208 994 3290 rogatus
1033 3218 1196 3265 sum
1237 3218 1280 3265 a
1318 3192 1877 3290 prudentissima
1936 3209 2013 3265 et
2065 3192 2599 3290 diligentissima

466 3302 772 3391 femina,
813 3318 1041 3374 matre
1085 3318 1248 3391 tua,
1291 3304 1496 3398 cujus
1539 3328 1792 3376 omnes
1838 3328 2027 3375 curae
2058 3304 2147 3375 ad
2176 3320 2249 3376 te
2276 3302 2601 3375 referun-

467 3428 621 3503 tur,
659 3428 735 3485 et
773 3414 846 3483 in
878 3426 949 3485 te
983 3426 1545 3499 consumuntur,
1577 3426 1660 3484 ut
1694 3416 2016 3486 venirem
2052 3412 2141 3483 ad
2176 3438 2253 3485 se
2288 3437 2351 3484 a.
2382 3410 2456 3485 d.
2499 3438 2600 3485 nx

463 3522 602 3593 kal.
627 3537 805 3595 sext.
838 3523 1039 3619 quod
1071 3546 1242 3619 eg0,
1279 3538 1361 3593 ut
1404 3522 1662 3610 debui,-
1713 3524 1866 3594 sine
1912 3548 2115 3595 mora
2154 3522 2311 3595 feci.
2350 3526 2597 3614 Quum

464 3647 706 3702 autem
731 3634 1085 3704 venissem
1108 3688 1127 3721 ,
1171 3638 1388 3703 Casca
1417 3632 1697 3723 aderat,
1728 3646 1803 3705 et
1834 3633 2078 3705 Labeo
2098 3689 2116 3721 ‚
2150 3648 2224 3705 et
2251 3636 2595 3732 Scaptius.

463 3748 553 3815 At
587 3746 703 3817 illa
742 3747 1026 3835 retulit,
1061 3747 1568 3843 quaesivitque,
1602 3744 1948 3842 quidnam
1978 3746 2157 3818 mihi
2194 3747 2597 3820 videretur:

461 3879 1074 3928 arcesseremusne
1120 3871 1194 3927 te
1219 3912 1237 3945 ,
1292 3871 1511 3954 atque
1554 3853 1627 3925 id
1680 3855 1812 3927 tibi
1856 3857 2263 3927 conducere
2309 3871 2598 3954 putare-

461 3990 663 4053 mus,
702 3990 794 4037 an
845 3965 1125 4038 tardare
1171 3982 1246 4037 et
1294 3970 1725 4039 commorari
1780 3982 1851 4039 te
1908 3968 2164 4041 melius
2208 3982 2414 4039 esset.
2461 3970 2597 4037 Re-

460 4075 722 4174 spondi
757 4075 830 4147 id
851 4130 870 4165 ‚
902 4076 1102 4172 quod
1141 4078 1539 4149 sentiebam
1568 4134 1587 4169 ,
1622 4092 1693 4148 et
1736 4078 2101 4175 dignitati,
2135 4092 2207 4149 et
2236 4078 2593 4151 existima-
