3019 4681
641 380 1174 453 EPISTOLAE
1229 376 1929 465 ADATTIGUM,
1964 376 2193 463 VIII,
2241 398 2345 445 ια.
2475 376 2567 473 39

1447 608 1528 679 C.

1022 800 1306 873 Luceria,
1343 818 1498 858 anno
1526 802 1601 859 U.
1622 802 1689 857 C.
1714 805 1829 871 ⁴704
1846 840 1865 869 ,
1904 816 2102 857 mense
2131 797 2447 885 februario.

465 976 604 1042 CN.
643 974 1000 1047 MAGNUS
1035 972 1388 1039 PROCOS.
1430 972 1501 1037 L.
1536 971 1918 1037 DOMITIO
1954 970 2307 1039 PROCOS.
2343 974 2408 1040 S.
2441 976 2523 1041 D.

517 1142 822 1215 hunis
877 1136 1006 1213 abs
1053 1153 1127 1211 te
1175 1143 1274 1213 M.
1308 1138 1649 1212 Calenius
1684 1135 1774 1210 ad
1802 1160 1919 1210 me
1945 1137 2188 1212 attulit
2214 1164 2276 1213 a.
2307 1138 2377 1212 d.
2407 1164 2570 1215 11111

421 1248 560 1324 kal.
607 1264 812 1325 mart.
859 1249 937 1325 in
981 1247 1251 1347 quibus
1273 1248 1499 1321 literis
1524 1246 1813 1337 scribis,
1844 1245 1979 1319 tibi
2006 1252 2084 1320 in
2108 1251 2355 1325 animo
2383 1274 2571 1345 esse,

423 1359 808 1435 observare
845 1362 1240 1449 Caesarem3
1285 1374 1358 1433 et
1380 1413 1401 1449 ‚
1433 1360 1495 1431 si
1532 1357 1933 1435 secundum
1972 1384 2171 1433 mare
2201 1359 2293 1437 ad
2322 1387 2439 1436 me
2467 1364 2573 1443 ire

422 1474 763 1574 coepisset
785 1526 806 1563 ,
859 1468 1246 1545 confestim
1300 1473 1378 1541 in
1424 1470 1799 1543 Samnium
1842 1468 1933 1544 ad
1975 1493 2095 1542 me
2137 1484 2574 1560 venturum3

424 1584 531 1655 sin
571 1596 818 1658 autem
855 1580 976 1653 ille
1009 1582 1286 1653 circum
1319 1582 1513 1655 istaec
1546 1580 1707 1655 loca
1736 1596 2345 1669 commoraretur,
2374 1597 2447 1658 te
2477 1586 2577 1671 ei,

425 1694 487 1765 si
530 1693 836 1793 propius
876 1693 1328 1781 accessisset,
1370 1695 1707 1767 resistere
1750 1691 1953 1767 velle.
1998 1696 2098 1765 Te
2134 1694 2383 1768 animo
2420 1718 2577 1769 ma·-

425 1828 570 1905 gno
603 1817 680 1875 et
709 1800 880 1877 forti
915 1804 1124 1875 istam
1156 1825 1311 1874 rem
1339 1826 1554 1899 agere
1584 1802 1962 1877 existimo:
2000 1802 2129 1876 sed
2157 1800 2576 1901 diligentius

425 1912 641 1989 nobis
667 1927 775 1991 est
799 1912 1200 1987 videndum
1220 1965 1240 2000 ‚
1267 1937 1362 1985 ne
1391 1910 1712 1985 distracti
1738 1936 1950 2011 pares
1984 1936 2137 1987 esse
2166 1910 2575 1992 adversario

426 2048 578 2099 non
626 2027 1035 2125 possimus;
1082 2047 1314 2125 quum
1357 2020 1478 2095 ille
1526 2046 1821 2119 magnas
1868 2022 2113 2121 copias
2163 2021 2465 2113 habeat,
2504 2038 2578 2103 et

427 2136 736 2231 majores
765 2132 972 2209 brevi
1003 2130 1383 2207 habiturus
1421 2134 1536 2205 sit.
1578 2134 1746 2209 Non
1786 2135 2020 2218 enim,
2056 2156 2192 2230 pro
2231 2147 2357 2205 tua
2394 2158 2573 2233 pru·

428 2244 672 2323 dentia
693 2299 713 2332 ‚
777 2242 1002 2319 debes
1054 2242 1235 2317 illud
1291 2244 1531 2315 solum
1584 2241 2193 2333 animadvertere,
2252 2258 2439 2342 quot
2496 2248 2575 2323 in

429 2355 1176 2456 praesentiacohortes
1206 2369 1463 2431 contra
1498 2368 1573 2428 te
1610 2351 1877 2429 habeat
1907 2357 2163 2440 Caesar,
2190 2354 2317 2432 sed
2343 2378 2573 2451 quan·

429 2483 536 2540 tas
563 2465 761 2540 brevi
789 2480 1124 2568 tempore
1155 2468 1488 2566 equitum
1523 2481 1596 2537 et
1629 2464 1961 2564 peditum
2004 2466 2246 2564 copias
2284 2479 2578 2542 contra-

430 2592 681 2654 cturus
714 2578 826 2652 sit.
865 2580 1000 2651 Cui
1031 2578 1138 2652 rei
1163 2579 1581 2653 testimonio
1607 2591 1783 2648 sunt
1817 2575 2075 2663 literae,
2104 2599 2285 2672 quas
2319 2582 2575 2656 Busse-

428 2690 596 2761 nius
631 2687 724 2762 ad
757 2712 877 2764 me
917 2688 1150 2776 misit3
1178 2688 1252 2762 in
1283 2685 1555 2786 quibus
1578 2683 1861 2774 scribit,
1896 2683 1971 2756 id
2000 2685 2203 2783 quod
2242 2683 2335 2762 ab
2363 2697 2382 2730 ¹
2423 2687 2579 2766 aliis

429 2824 732 2900 quoque
773 2799 956 2876 mihi
1010 2796 1388 2886 scribitur,
1431 2795 1765 2898 praesidia
1808 2797 2205 2872 Curionem
2240 2851 2261 2886 ‚
2304 2822 2468 2893 quae
2500 2802 2579 2870 in

430 2909 767 2988 Umbris²
804 2923 880 2985 et
906 2909 1155 2982 Tuscis
1195 2923 1440 2997 erant,
1479 2906 1909 2986 contrahere
1932 2962 1955 2994 ‚
1998 2922 2071 2982 et
2098 2905 2189 2984 ad
2225 2912 2579 2988 Caesarem

431 3026 570 3098 iter
621 3019 875 3098 facere.
943 3023 1118 3114 Quae
1183 3022 1242 3092 si
1291 3023 1518 3118 copiae
1583 3023 1665 3093 in
1720 3043 1955 3092 unum
2009 3018 2253 3094 locum
2309 3017 2583 3098 fuerint

431 3145 724 3221 coactae,
767 3146 848 3202 ut
882 3155 1050 3230 pars
1087 3132 1444 3208 exercitus
1475 3129 1568 3208 ad
1600 3127 1861 3207 Albam
1888 3132 2246 3218 mittatur,
2286 3151 2453 3228 pars
2487 3129 2581 3210 ad

435 3260 505 3317 te
538 3243 871 3333 accedat3
927 3258 1013 3314 ut
1050 3251 1206 3315 nou
1244 3257 1558 3343 pugnet,
1600 3242 1729 3314 sed
1763 3243 1943 3314 locis
1995 3242 2141 3312 suis
2184 3256 2581 3338 repugnet,

433 3351 771 3426 haerebisz
811 3377 1060 3451 neque
1091 3352 1294 3427 solus
1334 3378 1499 3426 cum
1534 3357 1671 3426 ista
1708 3355 1917 3452 copia
1946 3365 2221 3423 tantam
2260 3351 2585 3424 multitu-

351 3517 358 3522 -
433 3463 681 3540 dinem
710 3469 1069 3536 sustinere
1101 3466 1410 3571 poteris,
1443 3479 1530 3536 ut
1564 3463 2085 3536 frumentatum
2130 3485 2267 3532 eaS.
2312 3463 2585 3559 Quam-

433 3573 692 3647 obrem
742 3589 816 3646 te
865 3599 1310 3673 magnopere
1351 3575 1647 3660 hortor,
1688 3590 1774 3646 ut
1807 3589 2029 3671 quam
2063 3572 2381 3670 primum
2416 3597 2585 3646 cum

435 3685 641 3756 omni
675 3685 885 3783 copia
934 3683 1080 3755 huc
1125 3685 1392 3756 venias.
1437 3685 1791 3758 Consules
1821 3683 2363 3755 constituerunt
2393 3682 2585 3756 idem

437 3792 689 3867 facere.

533 3911 688 4004 Ego
731 3905 1139 3979 Metuscilio
1192 3904 1282 3976 ad
1322 3921 1394 3978 te
1439 3903 1775 3976 mandata
1816 3900 2025 3993 dedi,
2050 3903 2585 4001 providendum

519 4157 563 4190 ι.
593 4141 738 4190 Aliis.
755 4142 905 4207 vulg.
935 4143 1046 4194 illis.
1073 4145 1204 4194 J.v.
1231 4145 1286 4192 1..
1632 4157 1685 4191 ι.
1716 4139 1920 4190 Umbris.
1938 4142 2069 4204 Alii,
2097 4142 2315 4191 Umbria.
2344 4145 2471 4192 J.v.
2494 4146 2551 4193 1..
