3019 4681
521 368 658 444 552
1157 376 1253 445 M.
1299 378 1378 445 T.
1431 376 1991 447 CICERONIS

518 497 660 567 tuis
685 550 706 579 ,
740 494 915 567 dum
944 496 1004 567 is
1029 493 1308 568 abesset
1331 552 1354 584 ,
1387 498 1733 571 molestus
1764 496 1947 569 mihi
1983 494 2139 566 fuit.
2170 492 2391 585 Quod
2411 509 2668 569 autem.

517 609 1128 704 exspectationem
1181 610 1334 679 tui²
1361 661 1380 696 ,
1421 631 2009 705 concursumque
2056 628 2223 677 eum
2248 660 2268 693 ,
2314 608 2438 701 qui
2503 621 2657 677 erat

515 712 835 802 futurus,
871 716 929 785 si
967 742 1110 787 una
1150 731 1392 787 tecum
1443 716 1862 815 decederet,
1910 740 2151 813 neque
2204 730 2419 787 antea
2466 717 2661 787 visus

515 838 737 910 esset,
773 826 1105 912 sustulit;
1151 824 1223 895 id
1254 826 1432 897 mihi
1461 852 1613 897 non
1642 826 2105 900 incommode
2134 828 2369 899 visum
2408 840 2521 897 est
2544 851 2659 898 ac-

513 933 790 1007 cidisse.
823 934 1226 1007 Exhaustus
1247 922 1442 1007 enim
1473 952 1583 1009 est
1598 962 1838 1011 sermo
1869 938 2286 1019 hominum,
2311 950 2387 1007 et
2408 936 2659 1008 multis

515 1044 787 1112 emissae
815 1042 963 1137 jam
1003 1041 1358 1137 ejusmodi
1393 1069 1645 1134 voceS,
1670 1036 1828 1116 Ᾰλλ’
1860 1032 2025 1115 αἰεί3·
2056 1070 2195 1115 τινα
2229 1054 2415 1137 φῶτα
2440 1048 2653 1141 μέγαν.

515 1154 693 1241 Quoe
734 1166 807 1223 te
851 1151 1148 1225 absente
1179 1152 1511 1231 confecta
1542 1178 1695 1226 esse
1742 1154 1961 1227 laetor.
2004 1154 2227 1247 Quod
2262 1168 2506 1225 autem
2544 1152 2657 1225 id-

518 1264 710 1333 circo
742 1286 783 1333 a
822 1274 892 1333 te
918 1266 1178 1335 missus
1209 1278 1356 1352 est,
1389 1262 1569 1335 mihi
1606 1279 1689 1337 ut
1718 1288 1795 1335 se
1830 1276 2212 1360 purgaret,
2252 1261 2329 1333 id
2364 1284 2659 1333 necesse

515 1374 814 1443 minime
853 1371 1014 1443 fuit.
1067 1375 1384 1445 Primum
1439 1376 1632 1446 enim
1685 1398 2088 1471 numquam
2123 1373 2244 1445 ille
2286 1371 2469 1443 mihi
2518 1368 2659 1443 fuit

517 1499 893 1581 suspectus
921 1510 937 1553 :
963 1508 1206 1581 neque
1227 1509 1362 1581 ego
1380 1538 1398 1571 ,
1427 1509 1588 1583 quae
1612 1483 1701 1561 ad
1732 1498 1805 1556 te
1826 1482 1920 1556 de
1942 1482 2069 1559 illo
2086 1484 2377 1580 scripsi,
2406 1480 2663 1579 scripsi

515 1616 680 1663 meo
711 1592 1026 1689 judici03
1093 1593 1221 1666 sed
1269 1619 1500 1691 quum
1548 1594 1735 1667 ratio
1780 1594 2121 1691 salusque
2154 1596 2488 1665 omnium
2526 1615 2663 1665 no·

515 1718 778 1793 strum,
816 1707 942 1802 qui
982 1704 1072 1775 ad
1113 1704 1639 1803 rempublicam
1688 1704 2093 1778 accedimus
2116 1758 2136 1791 ,
2169 1727 2323 1774 non
2356 1702 2661 1775 veritate

519 1813 752 1885 solum
770 1866 790 1901 ‚
821 1812 948 1889 sed
981 1816 1196 1893 etiam
1217 1812 1406 1886 fama
1427 1816 1783 1887 niteretur
1801 1868 1821 1903 ‚
1866 1838 2235 1887 sermones
2264 1811 2356 1885 ad
2384 1826 2457 1884 te
2488 1810 2661 1883 alio·

515 1948 680 1993 rum
719 1948 1005 2022 semper
1024 1976 1044 2011 ‚
1070 1949 1218 1994 non
1247 1948 1408 1996 mea
1439 1924 1709 2019 judicia
1744 1923 2148 2026 perscripsi.
2178 1924 2326 2013 Qui
2357 1920 2660 2017 quidem

518 2058 737 2131 quam
785 2033 1200 2131 frequentes
1243 2048 1486 2105 essent
1513 2088 1533 2121 ,
1602 2049 1677 2105 et
1728 2056 1949 2131 quam
2009 2054 2298 2129 graveS,
2340 2029 2663 2104 adventu

517 2167 652 2213 suo
689 2145 954 2213 Statius
993 2144 1146 2240 ipse
1189 2144 1550 2240 cognovit.
1589 2145 1877 2215 Etenim
1910 2140 2302 2213 intervenit
2330 2140 2659 2211 nonnul-

515 2252 752 2323 lorum
782 2254 1126 2351 querelis,
1164 2278 1322 2352 quae
1345 2253 1544 2352 apud
1570 2278 1687 2325 me
1710 2252 1801 2325 de
1827 2252 1951 2325 illo
1978 2257 2139 2352 ipso
2161 2248 2659 2339 habebantur3

514 2379 589 2434 et
624 2367 891 2436 sentire
925 2369 1201 2461 potuit,
1231 2387 1605 2436 sermones
1640 2365 2065 2461 iniquorum
2092 2367 2170 2433 in
2200 2385 2416 2434 suum
2439 2361 2669 2459 potis-³

517 2474 778 2544 simum
827 2498 1097 2545 nomen
1145 2497 1547 2571 erumpere.
1602 2473 1819 2568 Quod
1874 2487 2119 2544 autem
2167 2495 2286 2542 me
2342 2475 2658 2541 maxime

586 2693 636 2727 π.
680 2675 1108 2739 Exspectacionem
1145 2676 1234 2726 eui.
1283 2674 1541 2726 Schiitzius

518 2758 720 2807 omnino
760 2765 944 2820 pugnat
983 2753 1240 2820 legendum
1287 2754 1377 2805 sm‘.
1425 2757 1541 2806 Siue

519 2852 658 2884 cause
673 2871 690 2896 ,
713 2845 770 2883 ut
783 2835 996 2884 videtum
1023 2838 1072 2885 J.
1091 2839 1153 2882 V.
1173 2838 1231 2884 L.

589 2916 639 2964 3.
672 2901 786 2964 Ᾰλλ’
820 2911 930 2974 αἰεί.
957 2914 1055 2962 Sed
1078 2931 1267 2979 semper
1299 2913 1539 2968 bominem

517 2993 778 3059 quemdam
801 3009 1033 3056 magnum
1048 3028 1065 3050 ,
1093 3003 1189 3042 etc.
1210 2993 1410 3042 Homeri
1432 3010 1541 3042 ver-

513 3089 595 3121 ens
609 3071 750 3120 estin
769 3071 865 3119 Od.
885 3073 978 3130 lx,
992 3088 1115 3120 vers.
1139 3074 1169 3120 5
1182 3089 1198 3118 t
1211 3073 1258 3121 3.
1273 3073 1346 3119 De
1361 3071 1539 3136 Ulysse

517 3170 544 3201 ι
559 3149 863 3215 Polyphemo
881 3150 1255 3214 pronuntiatur:
1273 3165 1300 3198 a
1319 3165 1420 3216 quo
1440 3162 1537 3199 tam

517 3230 726 3298 pusillo,
755 3241 949 3293 tamque
983 3229 1229 3277 imbecillo
1257 3229 1459 3276 miretur
1485 3246 1537 3277 se

517 3327 620 3360 esse
656 3321 966 3360 excaecatum.
1015 3311 1161 3361 Nunc
1203 3325 1300 3372 qun
1345 3310 1539 3358 ratione

515 3390 776 3448 sententia,
798 3390 860 3438 de
882 3390 1058 3457 Ulysee
1077 3401 1128 3438 et
1147 3389 1452 3454 Polyphemo
1474 3389 1537 3438 ab

515 3470 733 3516 Homero
773 3469 959 3533 prolata
978 3503 992 3526 ,
1033 3468 1096 3516 ad
1133 3469 1372 3531 Quintum
1399 3478 1448 3515 et
1473 3467 1536 3515 ad

517 3548 722 3594 Statium
739 3547 1098 3596 accommodari
1122 3549 1300 3612 possit,
1331 3557 1387 3594 nt
1407 3558 1537 3595 certe

517 3627 704 3688 egregie
757 3638 918 3693 potest
939 3661 955 3684 ,
1013 3627 1390 3674 consideremus.
1446 3627 1539 3672 Per

515 3702 776 3750 triennium
792 3706 891 3765 jam
913 3707 1127 3767 Quintus
1151 3705 1312 3752 Asi-m
1333 3713 1534 3751 rexerat.

517 3779 704 3843 Scripta
731 3783 858 3829 enim
888 3795 960 3831 est
979 3785 1182 3848 epistola
1209 3785 1257 3830 in
1284 3783 1420 3830 exitu
1439 3783 1539 3831 fere

518 3859 636 3904 anni
652 3861 800 3910 tertii.
821 3865 1076 3911 Rationem
1105 3863 1208 3923 ejus
1233 3862 1543 3912 administra-

519 3936 668 3982 tionis
719 3938 840 3986 fama
879 3943 979 4001 jam
1025 3941 1285 4004 nuntiique
1335 3943 1542 3988 Romam

519 4014 846 4077 pertuleram
871 4019 1083 4082 setisque
1110 4029 1280 4067 notum
1311 4029 1409 4068 erat
1435 4035 1544 4068 om·

519 4091 660 4139 nibus
685 4094 738 4140 in
758 4094 906 4141 'rebus
930 4112 1040 4144 eum
1061 4098 1135 4144 uti
1165 4096 1372 4144 coneilio
1398 4099 1541 4148 statii

1628 2677 1818 2737 liberti,
1856 2677 1995 2742 quod
2028 2677 2204 2729 Cicero
2240 2677 2396 2728 modo
2430 2677 2657 2738 occulte,

1628 2757 1778 2804 modo
1812 2766 1977 2822 aperte
2018 2755 2353 2820 conqueritur.
2392 2759 2659 2821 Exspecta-

1626 2835 1745 2883 bant
1800 2836 1952 2900 igitur
2012 2835 2233 2883 homines
2286 2835 2454 2884 liberti
2510 2835 2657 2884 statii

1626 2913 1887 2964 adveutum
1936 2914 1991 2968 in
2046 2913 2219 2962 urbem
2270 2929 2387 2962 cum
2424 2915 2646 2977 Quinto,

1626 2993 1765 3057 quasi
1804 2987 1908 3045 τινὰ
1945 2995 2086 3059 φῶτᾳ
2108 2991 2291 3062 μέγαν;
2333 3010 2360 3041 ι
2400 3009 2503 3056 quo
2538 3009 2653 3058 pro-

1628 3072 1840 3120 vinciam
1857 3087 1960 3126 esse
1976 3071 2359 3120 administrum
2372 3105 2387 3131 ,
2406 3081 2653 3136 tamquam

1623 3166 1654 3199 a
1698 3149 2022 3216 proconsule,
2056 3149 2339 3200 audissent:
2377 3151 2465 3214 qui
2504 3167 2653 3216 quum

1626 3229 1833 3279 venisset
1855 3266 1871 3292 ,
1922 3229 2062 3294 quasi
2098 3229 2292 3295 decepti
2312 3263 2327 3288 ,
2378 3229 2553 3278 itidem
2598 3241 2655 3279 ut

1622 3309 1985 3374 Polyphemus,
2038 3308 2238 3368 iisdem,
2298 3308 2481 3373 quibus
2532 3307 2645 3368 ille,

1624 3387 1844 3444 versibus
1864 3403 2073 3436 errorem
2100 3404 2239 3436 nuum
2260 3399 2491 3452 poterant
2508 3387 2645 3437 indi·

1624 3483 1752 3516 care.
1823 3470 1947 3531 Quae
2010 3468 2161 3532 igitur
2220 3483 2365 3516 voces
2385 3501 2403 3526 2
2451 3469 2497 3522 si
2544 3483 2653 3521 cum

1625 3547 1813 3610 Quinto
1834 3545 2017 3595 Statius
2043 3545 2210 3593 urbem
2236 3557 2361 3594 esset
2382 3547 2649 3610 ingressus,

1624 3627 1862 3686 coniectae
1878 3625 2178 3686 fuissent‚eas
2193 3626 2245 3672 in
2258 3641 2411 3672 unum
2426 3625 2651 3683 Statium,

1625 3705 1821 3752 absente
1848 3704 2037 3765 Quinto
2053 3735 2070 3762 ‚
2108 3704 2303 3754 emissas
2330 3705 2511 3753 Cicero
2540 3719 2655 3768 gnu-

1627 3782 1735 3842 det;
1767 3781 1918 3846 idque
1948 3780 2165 3829 modeste
2202 3779 2477 3845 significat,
2506 3796 2651 3844 quum

1628 3861 1695 3912 ait
1713 3895 1729 3919 ‚
1758 3883 1783 3904 ιι
1803 3861 1855 3909 id
1882 3861 2002 3909 mihi
2027 3876 2131 3913 non
2157 3860 2472 3912 incommode
2498 3862 2651 3908 visum

1630 3951 1705 3988 eet
1728 3940 2035 3990 cecidissem:
2068 3955 2131 3987 ne
2150 3938 2423 3987 offenderet
2440 3939 2651 3986 animum

1630 4020 1803 4084 Quinti
1819 4019 1883 4068 ad
1908 4017 2207 4068 iracundiam
2228 4019 2489 4082 propensi,
2516 4030 2566 4067 et
2590 4017 2652 4066 de

1630 4099 1781 4147 Statio
1802 4098 1987 4163 optime
2006 4096 2351 4146 existimantis.
2374 4097 2527 4147 un.
