3019 4681
454 407 593 454 202
1094 385 1191 452 M.
1245 385 1323 450 Τ.
1375 384 1942 455 CICERONIS

451 503 837 601 faterisque
868 503 941 575 id
978 502 1135 578 fieri
1179 503 1329 599 jam
1363 529 1520 578 non
1562 530 1800 602 posse.
1835 508 1987 578 Nec
2023 507 2214 578 enim
2254 532 2336 579 ea
2375 524 2584 596 sunt,

450 639 611 714 quae
648 628 855 686 erant
890 629 1135 703 antea,
1179 638 1406 710 quum
1430 668 1451 702 ‚
1500 630 1584 686 ut
1625 615 1807 686 nihil
1851 615 2084 704 aliud,
2129 621 2430 690 comites
2471 643 2588 691 me

448 740 523 798 et
564 726 829 799 socios²
866 723 1133 796 habere
1180 724 1550 823 putabam.
1593 731 1866 798 Omnes
1905 729 2100 798 enim
2133 726 2423 800 Achaici
2461 727 2584 800 de·

449 851 859 933 precatores
874 832 929 924 ³,
968 836 1141 905 item
1184 839 1312 933 qui
1358 837 1439 906 in
1476 839 1676 923 Asia,
1713 836 1986 934 quibus
2014 861 2168 910 non
2199 852 2349 910 erat
2381 840 2586 936 igno-

448 963 607 1020 tum
629 947 685 1036 ⁴,
718 951 935 1022 etiam
962 945 1235 1045 quibus
1264 962 1416 1020 erat
1433 1003 1453 1036 ‚
1481 950 1560 1020 in
1588 947 1900 1021 Africam
1929 949 2274 1021 dicuntur
2299 951 2588 1047 naviga-

449 1063 619 1132 turi.
666 1064 773 1130 Ita
826 1074 1090 1158 praeter
1128 1060 1421 1132 Laelium
1444 1114 1467 1147 ‚
1521 1061 1883 1132 neminem
1928 1059 2163 1132 habeo
2205 1061 2432 1159 culpae
2470 1085 2588 1130 so-

454 1171 651 1242 cium
680 1197 697 1240 :
736 1171 869 1267 qui
906 1183 1149 1242 tamen
1186 1169 1328 1240 hoc
1356 1169 1656 1243 meliore
1685 1171 1764 1242 in
1799 1194 2012 1242 causa
2040 1185 2186 1256 est,
2217 1169 2416 1266 quod
2439 1169 2588 1264 jam

457 1294 569 1352 est
618 1293 955 1378 receptus
982 1276 1033 1350 ⁵.
1079 1284 1187 1352 De
1232 1303 1347 1352 me
1392 1294 1632 1352 autem
1659 1333 1680 1368 ,
1723 1304 1876 1351 nou
1925 1276 2226 1368 dubito,
2275 1280 2457 1376 quin
2498 1277 2590 1350 ad

454 1387 755 1463 Balbum
798 1403 874 1460 et
916 1387 1005 1462 ad
1055 1391 1381 1487 Oppium
1422 1390 1788 1487 scripserit
1821 1417 1838 1460 ε
1877 1413 1918 1460 a
1966 1387 2277 1486 quibus,
2319 1390 2377 1458 si
2411 1386 2590 1484 quid

460 1514 647 1574 esset
696 1498 963 1590 laetius,
1025 1501 1291 1572 certior
1348 1496 1578 1572 factus
1631 1523 1899 1587 essem3
1943 1514 2186 1589 tecum
2221 1499 2434 1570 etiam
2479 1522 2589 1569 es-

457 1625 637 1693 sent,
668 1610 1003 1709 loquuti:
1050 1608 1487 1708 quibuscum
1525 1624 1608 1683 tu
1647 1609 1740 1681 de
1785 1609 1930 1682 hoc
1961 1611 2124 1708 ipso
2171 1609 2592 1707 colloquare

454 1721 673 1792 velim
691 1776 713 1807 ,
740 1735 813 1792 et
840 1718 931 1791 ad
958 1743 1075 1792 me
1093 1773 1114 1808 ‚
1140 1718 1319 1817 quid
1352 1720 1487 1792 tibi
1514 1719 2028 1818 responderint
2047 1772 2066 1803 ‚
2092 1717 2362 1790 scribas
2391 1745 2408 1786 ε
2439 1741 2592 1788 non

456 1830 659 1930 quod
689 1829 783 1902 ab
812 1832 953 1901 isto
988 1830 1177 1902 salus
1206 1828 1373 1902 data
1415 1830 1819 1928 quidquam
1853 1828 2191 1901 habitura
2225 1831 2318 1900 sit
2359 1827 2592 1898 firmi-

458 1941 767 2030 tudinis;
804 1941 931 2014 sed
972 1953 1215 2012 tamen
1241 1939 1514 2039 aliquid
1548 1942 1825 2014 consuli
1861 1955 1936 2013 et
1956 1945 2272 2040 prospici
2301 1940 2589 2038 poterit.

460 2053 606 2123 Etsi
649 2054 980 2121 omnium
1016 2065 1489 2146 conspectum
1530 2050 1834 2139 horreo,
1877 2055 2268 2150 prasertim
2298 2050 2444 2122 hoc
2471 2074 2592 2146 ge-

460 2158 723 2247 nero⁶;
761 2175 1001 2230 tamen
1024 2213 1045 2246 ,
1089 2159 1163 2228 in
1201 2162 1419 2230 tantis
1460 2162 1663 2233 malis
1709 2162 1886 2259 quid
1916 2162 2114 2236 aliud
2141 2163 2359 2237 velim
2383 2217 2402 2250 ,
2442 2187 2596 2234 non

464 2273 775 2371 reperio.
805 2272 1125 2361 Quintus
1158 2275 1392 2369 pergit
1420 2281 1473 2356 ⁷,
1519 2286 1604 2343 ut
1637 2271 1726 2345 ad
1769 2298 1882 2345 me
1916 2289 1988 2347 et
2017 2278 2238 2345 Pansa
2268 2273 2594 2371 scripsit,

467 2398 543 2455 et
568 2383 882 2469 Hirtius;
916 2383 1123 2478 isque
1154 2384 1327 2452 item
1366 2379 1674 2453 Africam
1709 2398 1957 2480 petere
1997 2407 2162 2456 cum
2204 2384 2461 2454 ceteris
2486 2381 2594 2451 di·

472 2492 679 2567 citur.
708 2489 820 2562 Ad
850 2490 1252 2564 Minucium
1279 2494 1670 2564 Tarentum
1693 2486 1724 2537 ⁸
1775 2492 2084 2567 scribam
2103 2547 2123 2580 ‚
2165 2508 2324 2565 tuas
2357 2492 2598 2565 literas

472 2603 800 2673 mittams*
832 2626 848 2668 ε
880 2598 971 2671 ad
989 2615 1061 2672 te
1092 2599 1435 2690 scribam,
1465 2603 1825 2700 numquid
1855 2605 2101 2701 egerit.
2137 2606 2274 2673 H·S
2297 2628 2440 2672 xxx
2466 2626 2596 2700 po-

473 2713 693 2783 tuisse
721 2713 1042 2798 mirarer,
1088 2714 1221 2785 nisi
1265 2712 1494 2784 multa
1525 2712 1618 2785 de
1655 2712 2042 2785 Fufidianis
2082 2710 2376 2811 praediis,
2407 2716 2495 2783 Et
2521 2712 2594 2782 id

1652 2882 1698 2925 7.
1730 2864 1936 2929 Quintus
1949 2864 2128 2931 pergit.
2155 2866 2240 2913 Sc.
2269 2862 2524 2911 maledicta
2545 2861 2598 2909 iu

1577 2960 1655 2993 me
1681 2945 1918 2993 conferre.
1941 2944 2035 2991 En.

1651 3025 1700 3072 8.
1745 3026 2023 3073 stantem.
2063 3022 2145 3068 Sic
2169 3020 2402 3086 preclare
2435 3018 2599 3068 locum

547 2890 597 2921 a.
618 2870 820 2921 Comites
837 2882 885 2919 et
898 2872 1070 2921 sodes.
1098 2872 1288 2937 Nempe
1306 2872 1489 2920 reditus

472 2956 526 3003 in
551 2952 751 3001 Italiam.

544 3036 593 3083 3.
608 3032 818 3081 Achaici
826 3031 1175 3095 deprecatores.
1188 3029 1489 3095 Pompeiani,

468 3116 553 3181 qui
571 3116 625 3161 iu
642 3112 825 3161 Achaia
842 3122 997 3161 eruut.
1022 3112 1149 3159 Eut.

540 3202 591 3251 4.
607 3195 854 3257 Ignotum.
872 3190 1187 3254 Participium
1199 3188 1261 3236 ab
1277 3188 1489 3252 u'gnoseo.

470 3280 544 3327 Itu
586 3274 770 3325 alicubi
806 3270 940 3337 apud
980 3270 1233 3319 Casu-em.
1276 3266 1337 3315 1d
1379 3276 1451 3315 est
1474 3302 1491 3325 ,

470 3356 645 3421 purtim
673 3354 851 3421 quibus
883 3350 1019 3400 dedit
1048 3349 1269 3398 nondum
1299 3348 1491 3394 venhm

471 3436 647 3492 Caesar,
671 3435 845 3498 partim
869 3430 1046 3495 quibus
1063 3429 1162 3491 jam
1186 3426 1337 3475 dedit.
1365 3428 1417 3474 J.
1440 3430 1493 3473 Β.

472 3516 704 3563 Gnonov.
736 3539 808 3549 -
838 3513 901 3559 Et
930 3508 1024 3557 hoc
1056 3506 1231 3573 probat
1262 3506 1313 3552 J.
1333 3507 1397 3553 V.
1437 3506 1494 3550 L.

472 3592 775 3656 Mougultius
795 3602 957 3639 umen
978 3586 1207 3649 intelligit
1224 3584 1286 3631 de
1308 3583 1385 3631 his
1406 3584 1493 3646 qui

472 3687 575 3720 non
614 3680 859 3717 noverunt
898 3683 1059 3715 rerum
1095 3674 1272 3712 statum
1287 3697 1302 3721 ,
1343 3672 1392 3709 et
1432 3660 1493 3708 de

471 3751 551 3801 his
572 3748 657 3813 qui
678 3760 922 3797 noverum
944 3762 957 3797 ς
980 3760 1154 3809 nempe
1180 3744 1417 3794 caesarem
1438 3740 1491 3788 iu

470 3832 688 3897 AEgypto
713 3844 764 3875 se
788 3826 910 3873 male
934 3824 1111 3873 habere
1124 3858 1140 3881 ‚
1169 3832 1217 3871 et
1237 3822 1491 3885 Pompeis·

470 3923 645 3957 norum
664 3906 789 3953 vires
812 3905 863 3951 in
890 3905 1053 3953 Africa
1072 3916 1309 3952 erescere.
1334 3900 1429 3947 En.

542 3988 591 4035 5.
618 3988 869 4048 smptus.
890 3985 935 4031 A
957 3981 1254 4035 Casan-inuis.
1275 3980 1418 4029 uu.

540 4068 592 4116 6.
632 4066 740 4114 Hoc
761 4078 956 4128 genem.
984 4064 1037 4109 Ρ.
1073 4058 1309 4109 Cornelio
1336 4056 1491 4104 Dola-

470 4146 610 4195 bella.
636 4148 788 4195 lunt.

1579 3103 1790 3151 restituit
1814 3102 2096 3151 Gronovius
2111 3136 2126 3163 ,
2152 3116 2304 3165 quum
2330 3098 2448 3147 olim
2474 3110 2599 3147 esset

1569 3192 1848 3249 parentem,
1863 3179 2002 3229 nullo
2017 3194 2181 3229 seusu.
2201 3181 2296 3227 En.
2323 3204 2392 3215 -
2425 3176 2600 3227 Cicero

1577 3263 1776 3329 petebat
1797 3262 1892 3311 sibi
1915 3261 2172 3327 pecuniam
2190 3260 2348 3307 curari
2375 3274 2470 3323 qna
2494 3266 2601 3305 ute·

1579 3356 1714 3393 retur
1739 3342 2002 3391 Brundisii.
2029 3340 2168 3389 Illam
2188 3339 2384 3387 Atticus
2407 3336 2598 3385 curavit

1580 3440 1670 3488 per
1712 3422 1986 3471 Minucium
2025 3419 2347 3482 argentarium
2377 3416 2599 3465 Tarenti-

1581 3510 1700 3542 num
1717 3528 1733 3553 ‚
1769 3494 1857 3558 qui
1882 3493 1936 3539 in
1964 3492 2144 3539 vicinia
2171 3498 2290 3537 erut.
2319 3488 2496 3536 Gur.

1652 3590 1704 3637 9.
1731 3576 1861 3621 Tuas
1897 3571 2064 3619 liter-m
2088 3567 2294 3617 utinam.
2324 3566 2515 3630 Quibus
2539 3563 2602 3611 ad

1582 3668 1690 3701 eum
1719 3652 1919 3711 scribis,
1947 3661 1999 3698 ut
2039 3648 2158 3696 mihi
2201 3663 2353 3711 usque
2399 3644 2464 3694 sd
2489 3646 2600 3693 11-s

1580 3750 1686 3783 xxx
1702 3744 1854 3793 curet,
1871 3726 2172 3778 tantumdem
2187 3736 2237 3774 te
2251 3724 2474 3773 Minucio
2500 3720 2602 3769 filio

1578 3815 1753 3861 Romae
1769 3820 2153 3859 numeraturum.
2173 3803 2425 3854 Minucius
2445 3814 2606 3850 tamen

1581 3910 1662 3943 ιιι
1690 3890 1794 3939 sols
1829 3890 2046 3946 curavit,
2091 3896 2148 3933 ut
2180 3900 2240 3933 ex
2269 3882 2472 3947 epistole
2498 3897 2608 3945 quae

1580 3972 1804 4037 proxime
1851 3968 2099 4034 sequitur,
2139 3972 2358 4028 apparet.
2383 3963 2499 4011 Seu.
2535 3986 2606 3997 ——

1581 4051 1705 4100 Mox
1743 4052 1891 4097 «lt-s
1930 4062 2035 4095 xxx
2073 4043 2295 4109 posuisse
2335 4041 2602 4095 mirarer»,

1577 4146 1645 4179 se.
1667 4144 1730 4177 ex
1751 4124 2068 4193 proventibus
2083 4122 2204 4171 meis
2227 4120 2466 4186 redigeris.
2491 4120 2580 4167 En.
