3019 4681
494 355 586 439 24
855 323 860 328 ’
1053 402 1060 412 .
1127 355 1226 424 Μ.
1281 357 1356 426 Τ.
1411 356 1997 429 CICERONIS

488 551 1778 577 mmmmmmflB-ssmmmmmm
1785 555 2649 577 mmmmm-mmm

1147 741 1760 821 EPISTOLA
1812 743 1964 822 XI.

489 901 702 960 Tristia
729 901 804 961 de
831 922 955 982 rep.
981 904 1222 981 auguria
1245 885 1502 981 exponit.
1526 902 1684 978 Quid
1710 902 1785 962 ad
1808 923 1871 962 se
1886 906 2080 963 Caesar
2100 903 2413 981 scripserit,
2430 902 2641 962 refert.

569 999 964 1077 Epistolarum
991 1000 1255 1077 Pompeii
1279 998 1350 1057 ad
1384 1020 1446 1058 se
1467 1043 1484 1072 ,
1533 1019 1887 1078 suarumque
1922 998 1996 1057 ad
2028 1001 2189 1058 illum
2219 999 2647 1078 rescriptamm

572 1097 838 1174 exempla
867 1097 1042 1155 mittit
1069 1116 1084 1151 ε
1114 1097 1260 1174 petit
1279 1139 1296 1170 ,
1325 1110 1390 1156 ut
1417 1096 1530 1155 sibi
1556 1095 1849 1156 bonorum
1871 1117 2163 1156 sermones
2189 1095 2513 1176 perscribat
2530 1141 2549 1168 ,
2578 1099 2649 1154 bt

573 1191 858 1250 Demetrii
879 1193 1168 1270 Magnetis
1183 1191 1393 1251 librum
1417 1192 1492 1251 de
1515 1191 1829 1252 concordia
1851 1191 1962 1252 sibi
1978 1193 2182 1252 mittat.
2195 1197 2284 1265 (In
2302 1192 2648 1264 Formiano,

584 1306 738 1344 anno
761 1293 834 1347 U.
861 1293 923 1350 C.
948 1297 1089 1364 704,
1118 1309 1312 1348 mense
1335 1287 1675 1367 februario.)

1170 1481 1478 1546 CICERO
1524 1480 1843 1554 ATTICO
1889 1481 1952 1546 S.

588 1630 806 1716 Qnon
847 1649 965 1695 me
1020 1647 1283 1719 magno
1321 1623 1540 1693 animi
1586 1635 1790 1693 motu
1838 1621 2339 1720 perturbatum
2376 1636 2646 1719 putas;

495 1762 655 1808 sum
697 1733 1073 1831 equidem,
1111 1731 1238 1804 sed
1276 1757 1429 1802 non
1475 1745 1622 1802 tam
1679 1756 1983 1828 magno,
2039 1758 2258 1829 quam
2312 1732 2445 1804 tibi
2485 1730 2646 1804 for-

490 1861 674 1926 tasse
722 1844 998 1918 videor.
1047 1850 1364 1916 Levatur
1415 1844 1611 1915 enim
1672 1843 1911 1914 omnis
1968 1867 2179 1930 cura,
2233 1868 2463 1941 quum
2512 1858 2651 1916 aut

495 1958 858 2029 constitit¹
902 1954 1326 2041 consilium,
1375 1969 1501 2025 aut
1546 1951 1929 2049 cogitando
1980 1953 2161 2032 nihil
2219 1954 2647 2052 explicatur.

491 2066 907 2139 Lamentari
951 2079 1196 2136 autem
1233 2066 1420 2135 licet.
1461 2061 1651 2136 Illud
1686 2077 1927 2134 tamen
1974 2077 2167 2136 totos
2220 2063 2373 2136 dies
2392 2074 2444 2134 ².
2498 2064 2649 2136 Sed

405 2157 412 2168 ’
490 2201 786 2264 vereor,
827 2201 958 2260 ne,
977 2173 1160 2257 nihii
1197 2198 1424 2269 quum
1456 2169 1864 2270 proficiam,
1895 2175 2111 2244 etiam
2138 2173 2473 2246 dedecori
2506 2178 2651 2246 sim

494 2287 750 2359 studiis
793 2310 878 2357 ac
911 2285 1138 2357 literis
1167 2285 1465 2385 nostris.
1513 2286 1885 2357 Consumo
1926 2285 2149 2383 igitur
2200 2308 2419 2357 omne
2456 2298 2647 2355 tem-

487 2422 672 2501 Ριιε,
709 2396 1212 2481 considerans»,
1240 2407 1513 2491 quanta
1552 2394 1657 2471 vis
1692 2396 1784 2466 sit
1826 2395 2014 2467 illius
2051 2396 2217 2485 viri,
2252 2420 2473 2493 quem
2504 2420 2647 2467 no-

493 2509 658 2579 stris
705 2506 906 2578 libris
933 2506 1126 2576 satis
1157 2504 1575 2602 diligenter,
1614 2520 1707 2575 .ut
1756 2502 1888 2575 tibi
1930 2504 2227 2602 quidem
2271 2504 2647 2595 videmur,

495 2620 1002 2716 expressimus.
1041 2620 1371 2687 Tenesne
1404 2616 1665 2710 igitur,
1708 2614 2241 2689 moderatorem
2272 2616 2476 2685 illum
2501 2620 2647 2687 rei-

494 2729 806 2855 publicae
845 2753 994 2827 quo
1028 2725 1296 2798 referre
1331 2724 1636 2797 velimus
1670 2727 1965 2801 omnia?
2000 2750 2169 2796 nam
2202 2728 2303 2797 sic
2340 2728 2604 2823 quinto
2627 2781 2648 2816 ,

496 2856 579 2911 ut
614 2844 919 2937 opinor,
962 2839 1040 2907 in
1097 2836 1284 2917 libro
1322 2836 1647 2932 loquitur
1692 2820 1969 2933 Scipio,
2014 2866 2047 2900 α
2083 2833 2111 2878 ³
2143 2840 2241 2911 Ut
2278 2840 2471 2907 enim
2508 2862 2647 2933 gu·

497 2978 532 3013 α
566 2947 940 3019 bernatori
980 2970 1234 3019 cursus
1277 2945 1683 3034 secundm,
1734 2944 2020 3016 medico
2062 2946 2292 3034 saluS,
2328 2950 2643 3044 impera-

499 3088 533 3125 «
565 3060 710 3130 tori
747 3058 1042 3129 victoria
1060 3083 1083 3144 ;.
1133 3057 1234 3127 sic
1275 3055 1450 3126 huic
1495 3000 1933 3127 moderatori
1976 3054 2392 3154 reipublicae
2433 3056 2649 3129 beata

498 3200 532 3234 α
571 3172 838 3241 civium
882 3172 1028 3237 vita
1076 3167 1444 3265 proposita
1491 3181 1633 3253 est3
1678 3180 1762 3236 ut
1814 3164 2077 3263 opibus
2125 3165 2371 3265 firma,
2416 3170 2647 3266 copiis

495 3310 531 3346 «
565 3278 926 3379 locupleS,
969 3277 1206 3375 ‘gloria
1257 3276 1528 3373 ampla,
1577 3278 1845 3346 virtute
1902 3275 2207 3361 honesta
2247 3281 2358 3363 sit.
2413 3280 2647 3371 Hujus

502 3421 536 3456 α
573 3391 767 3459 enim
805 3392 1087 3488 operiS,
1142 3388 1434 3459 maximi
1485 3388 1677 3457 inter
1711 3385 2043 3459 homines
2090 3402 2309 3486 atque
2344 3390 2644 3487 optimi,

385 3534 396 3549 ·
501 3498 773 3570 «illum
831 3524 982 3570 esse
1029 3496 1508 3595 perfectorem
1558 3496 1807 3593 volo».
1861 3500 2017 3569 Hoc
2078 3502 2341 3570 Cnaeus
2396 3514 2646 3570 noster

580 3708 623 3741 1.
647 3688 883 3740 Constitit.
912 3693 1011 3739 Res
1039 3690 1304 3738 deliberata
1323 3700 1417 3739 est.
1501 3682 1509 3689 “
1614 3688 1703 3737 het
1729 3690 2011 3739 Gronovius
2032 3701 2191 3754 pater,
2206 3690 2644 3755 subvemrsquod

580 3788 630 3819 α.
654 3774 799 3819 Totos
815 3769 935 3817 dies.
965 3770 1252 3818 Lame-mari.
1279 3771 1398 3817 Post
1420 3768 1527 3815 hee
1614 3768 1815 3816 minime
1835 3766 2077 3833 displicet.
2102 3772 2356 3817 Postremo
2381 3769 2645 3835 legendnm

505 3852 606 3898 dno
632 3849 805 3907 verba,
836 3859 1005 3897 notam
1043 3850 1222 3912 quietis
1257 3848 1406 3912 vulgo
1441 3864 1530 3912 ap·
1616 3864 1719 3896 ease
1742 3848 1827 3902 sie,
1859 3864 1961 3896 non
1994 3848 2115 3911 eim,
2152 3848 2229 3896 vis
2254 3850 2359 3915 ipsa
2386 3849 2645 3899 sententia}

505 3930 717 3995 pingunt
737 3944 752 3975 ε
793 3944 940 3992 quam
965 3928 1088 3976 male
1103 3962 1120 3986 ,
1152 3944 1298 3976 nemo
1328 3944 1430 3977 non
1453 3929 1530 3975 vi·
1616 3926 1791 3990 arguit.
1816 3928 1969 3975 Omv.

505 4010 604 4058 det.
626 4006 815 4057 Deinde
845 4024 1016 4057 omues
1043 4019 1220 4073 praeter
1239 4007 1524 4056 Lambinnm
1692 4008 1743 4055 3.
1774 4008 2013 4071 Loquitur·
2024 4007 2335 4072 ScipioNide
2360 4009 2531 4073 fragm.
2552 4009 2641 4057 lib.

503 4088 786 4150 ediderunt,
810 4088 898 4136 sed
920 4104 1122 4143 ‘mn-or,-
1150 4088 1280 4135 unde
1300 4086 1528 4147 conjicie—
1616 4086 1677 4133 de
1705 4088 1833 4152 nep.
1850 4088 1917 4150 V,
1934 4088 1985 4135 6.
