3019 4681
438 349 579 425 356

432 527 1173 554 mmmmm-mm

1080 349 1177 417 M.
1229 349 1305 415 T.
1360 349 1926 420 CICERONIS

1640 529 1762 548 m
1767 525 2192 548 mmmm
2197 527 2287 547 m
2291 527 2384 548 m
2389 527 2571 548 mm

1076 691 1681 774 EPISTOLA
1757 695 1939 774 XL.

436 881 524 936 De
556 874 723 935 Bruti
746 871 821 932 ad
850 871 1111 932 Atticum
1142 869 1354 943 literis,
1376 883 1435 930 et
1458 871 1533 930 de
1560 875 1630 945 Q.
1671 871 1780 931 filii
1809 871 2086 936 adventu.
2113 873 2133 954 (
2149 877 2217 932 Iu
2240 877 2584 935 Tusculano

988 987 1143 1026 anuo
1170 972 1245 1027 U.
1276 971 1343 1026 C.
1378 969 1522 1041 708,
1547 989 1746 1028 meuse
1776 968 2020 1048 sextili.)

1117 1123 1436 1188 CICERO
1482 1123 1800 1190 A'Itho
1845 1124 1909 1188 S.

527 1277 795 1342 Inus
848 1268 1138 1336 nuntiat
1194 1269 1505 1353 Brutus,
1554 1264 1811 1335 illum¹
1861 1262 2287 1336 adbonos²
2339 1261 2590 1334 viros?

442 1369 840 1474 εὐαγγέλιαῧ.
888 1371 1031 1442 Sed
1066 1369 1194 1442 ubi
1232 1371 1450 1441 eos4?
1490 1371 1630 1441 nisi
1671 1368 1860 1442 forte
1899 1395 1976 1443 se
2011 1370 2407 1470 suspendit.
2453 1371 2585 1440 Hic

434 1498 679 1555 autem
713 1493 796 1551 ut
854 1475 1121 1549 fultum
1180 1473 1384 1548 est⁵P
1426 1477 1557 1549 ubi
1610 1477 1828 1574 igitur
1881 1475 2356 1574 φιλοτέχνημαὸ
2405 1474 2586 1547 illud

442 1607 653 1665 tuum
675 1645 695 1679 ‚
730 1586 935 1687 quod
954 1587 1100 1659 vidi
1127 1588 1205 1657 in
1232 1585 1695 1658 Parthenone
1716 1599 1770 1674 ⁷,
1801 1587 2100 1658 Ahalam
2131 1601 2203 1659 et
2236 1585 2585 1660 Brutum?

436 1703 578 1776 Sed
616 1699 794 1799 quid
827 1694 1139 1770 faciat⁸?
1170 1696 1348 1768 illud
1382 1699 1695 1796 optime,
1732 1727 1765 1763 <t
1792 1697 1930 1769 Sed
1971 1721 2062 1768 ne
2101 1699 2212 1768 iso
2252 1696 2589 1794 quidem,

439 1817 567 1913 qui
605 1813 937 1883 omnium
982 1807 1421 1906 flagitiorum
1460 1817 1827 1896 auctor¹⁰‚
1873 1806 2064 1880 bene
2109 1807 2198 1880 de
2247 1817 2502 1880 ndstro
2529 1837 2585 1877 n.

516 1990 563 2024 1.
584 1975 752 2022 Illum.
781 1975 1035 2022 Caesarem.
1061 1970 1203 2018 Mau.

516 2070 567 2103 η.
582 2053 731 2118 vulg.
756 2050 831 2098 ad
856 2049 1007 2097 bonos
1029 2047 1168 2096 viros
1192 2045 1467 2116 εὐαγγέλια.

444 2133 543 2182 Sed
572 2131 917 2195 interrogative
944 2127 1045 2178 hoo
1076 2127 1369 2194 capiendum
1393 2127 1469 2176 vi-

446 2213 601 2262 detur.
620 2211 653 2258 J
657 2247 671 2259 .
688 2213 756 2259 V.
784 2211 843 2260 L.

418 2323 432 2330 -
517 2293 567 2340 3.
586 2287 878 2359 Εὑαγγίλια.
904 2287 1033 2334 Vide
1053 2289 1101 2334 11
1122 2322 1137 2348 ‚
1167 2287 1196 2336 3
1222 2297 1272 2335 et
1304 2303 1387 2335 η.

521 2379 570 2427 4.
595 2370 691 2417 Ubi
716 2386 815 2417 eos.
842 2367 944 2416 Ubi
970 2368 1135 2415 bonos
1170 2368 1304 2415 viros
1329 2367 1468 2414 iuve-

446 2450 574 2507 niet‚
608 2449 707 2497 nisi
738 2448 864 2495 forte
892 2446 995 2511 ipse
1018 2462 1071 2494 se
1095 2445 1379 2511 suspendit,
1415 2455 1472 2495 ut

446 2546 532 2579 eos
554 2528 686 2592 apud
710 2527 893 2575 inferos
913 2526 1069 2573 visat?
1098 2542 1209 2594 nam
1228 2527 1332 2587 ejus
1361 2542 1469 2573 sce-

446 2609 548 2658 lere
576 2622 745 2655 omnes
770 2606 889 2653 boui
912 2605 1177 2668 perierunt.
1198 2606 1315 2652 Bos.

522 2682 572 2736 5.
612 2688 675 2733 Ue
686 2681 881 2751 fultum
903 2694 993 2732 ese.
1024 2682 1221 2732 Scilicet
1248 2685 1353 2744 ejus
1377 2682 1470 2731 im-

449 2766 641 2835 perium
656 2799 671 2824 ,
698 2763 877 2825 milite,
902 2763 1067 2811 amicis
1085 2796 1102 2823 ,
1120 2762 1325 2827 pecunia
1340 2798 1355 2823 ‚
1372 2774 1473 2811 etc.

447 2840 959 2896 Gaza—Lambinus
981 2842 1051 2889 sic
1077 2841 1336 2907 legendum
1356 2857 1475 2890 cou-

447 2916 583 2978 jieit,
618 2937 644 2957 «-
671 2924 726 2962 ut
759 2914 851 2961 fnit
890 2924 1023 2973 tum,
1057 2924 1129 2961 est
1158 2936 1199 2962 a.
1235 2912 1474 2962 Tuustall.

452 3012 509 3063 p.
533 3010 597 3043 aa
616 3028 635 3055 ‚
654 2992 953 3057 simplicius,
981 3014 1005 3035 ι
1024 3002 1079 3041 ut
1102 2992 1307 3041 stultum
1333 2992 1475 3041 es'tP»

424 3134 429 3141 ί
451 3074 589 3139 quod
616 3074 803 3121 Ernest.
824 3072 1029 3137 recepit.
1054 3072 1148 3119 Sed
1172 3073 1275 3136 ipae
1300 3072 1479 3121 fatetur

452 3154 656 3202 omuino
693 3152 819 3200 hauc
864 3150 1119 3215 epistolam
1153 3151 1319 3199 multis
1352 3152 1478 3201 locis
1512 3184 1522 3195 .

384 3246 395 3253 ·
451 3234 675 3282 vitiosam
693 3246 797 3279 esse
813 3266 832 3289 ,
862 3230 918 3279 in
943 3230 1121 3295 quibus
1146 3230 1319 3279 frustra
1340 3230 1479 3279 labo-

454 3325 607 3362 retur.
636 3312 755 3359 J.V.
780 3312 837 3358 L.

527 3392 578 3438 6.
601 3386 947 3457 Φιλοτέχνπμα.
976 3410 1000 3431 ι
1018 3387 1159 3453 Opus
1192 3389 1473 3453 ingeniose,

456 3486 743 3533 summoque
768 3468 937 3516 studio
980 3466 1277 3517 elaboratum
1296 3490 1323 3510 ι·
1340 3506 1357 3531 ,
1384 3486 1477 3518 cu·

448 3550 665 3613 jusmodi
686 3558 825 3598 eraut
848 3558 1019 3597 statue
1046 3548 1243 3609 Ahalae,
1270 3558 1321 3597 et
1337 3549 1479 3598 Bruti

455 3641 745 3679 assertorum
777 3628 1016 3677 libertatis
1045 3629 1219 3693 populi
1250 3631 1440 3678 romani
1458 3663 1475 3690 ,

454 3726 575 3775 quas
612 3706 1039 3759 Atticua.habebat
1072 3708 1123 3755 iu
1150 3710 1473 3759 Parthenone.

453 3789 587 3847 Ubi,
616 3788 776 3851 inquit
796 3824 811 3849 ,
838 3796 910 3835 est
936 3801 1064 3851 opus
1088 3786 1214 3837 illud
1241 3787 1473 3837 artificio-

449 3868 722 3933 sum‚quod
740 3868 843 3931 ipse
864 3865 965 3915 vidi
984 3868 1035 3914 in
1050 3866 1355 3917 Parthenone
1376 3880 1481 3933 tuo,

452 3936 605 4015 qutim
628 3950 809 3997 Brutus
828 3946 1007 3995 diceret
1033 3962 1084 3995 ae
1101 3949 1287 3997 moveri
1314 3960 1365 3997 et
1390 3966 1479 3999 α-

452 4026 591 4077 citari
616 4028 721 4089 ejus
739 4028 975 4092 adspectu
994 4029 1059 4078 ad
1080 4031 1379 4081 liberandam
1398 4044 1481 4098 ty-

450 4106 654 4157 rannide
672 4106 1041 4175 rempublicam,
1050 4111 1275 4175 exemplo
1288 4112 1479 4177 gentilia

1559 1970 1634 2018 sui
1657 1972 1713 2018 L.
1733 1971 1872 2020 Junii
1893 1969 2070 2030 Bruti,
2091 1979 2142 2018 et
2162 1970 2354 2020 Servilii
2381 1969 2592 2020 Ahala?

1561 2051 1682 2097 Bos.
1696 2075 1766 2084 —-
1780 2047 2017 2112 Intelligit
2039 2059 2237 2097 stemma
2259 2050 2400 2099 Bruti
2420 2049 2482 2099 ab
2504 2051 2592 2098 At-

1559 2129 1662 2177 tico
1691 2129 2048 2192 compositum,
2087 2129 2141 2177 in
2172 2145 2273 2194 quo
2309 2131 2384 2179 M.
2409 2130 2590 2178 Brutus

1561 2223 1590 2256 a
1610 2211 1666 2258 L.
1693 2207 1874 2268 Brute,
1901 2206 1988 2272 qui
2007 2207 2330 2272 Tarquinium
2361 2209 2557 2273 expulit
2571 2243 2590 2268 ,

1562 2299 1612 2336 et
1639 2285 1845 2334 Servilio
1868 2285 2022 2334 Ahala
2038 2323 2055 2351 ,
2081 2289 2166 2352 qui
2202 2288 2434 2353 Spurium
2471 2288 2591 2336 Με-

1561 2369 1682 2417 lium
1725 2366 1909 2415 occidit
1925 2404 1942 2431 ,
1998 2368 2334 2419 deducebatur
2381 2369 2522 2435 quasi
2561 2387 2590 2419 a

1563 2448 1756 2497 duobus
1767 2448 2104 2511 tyrannicidis.
2129 2450 2594 2500 Gnouton—Recte

1563 2528 1765 2589 conjicit
1811 2530 1860 2577 J.
1885 2528 1949 2575 V.
1987 2530 2044 2577 L.
2102 2544 2165 2577 ex
2205 2528 2304 2579 hoc
2341 2541 2590 2579 stemmate

1563 2605 1882 2670 explicandos
1913 2622 2138 2655 nummos
2171 2608 2409 2672 quosdam
2428 2608 2588 2657 adhuc

1561 2696 1840 2744 exstantes,
1869 2685 1924 2733 in
1950 2686 2126 2750 quibus
2165 2680 2322 2751 capita
2358 2689 2492 2736 Bruti
2535 2699 2586 2737 et

1564 2764 1732 2815 Ahalae
1745 2781 1857 2812 cum
1869 2782 2037 2813 eorum
2053 2766 2337 2814 nominibus
2350 2766 2591 2831 insculpta

1562 2855 1694 2893 suut.
1737 2844 1853 2893 vid.
1900 2844 2132 2893 'rhenum
2181 2845 2379 2895 Motell.
2421 2845 2589 2894 Famil.

1563 2924 1743 2985 Cluuia,
1771 2925 1823 2986 1,
1851 2936 1898 2972 1.
1935 2924 2029 2973 En.

1641 3020 1687 3065 7.
1707 3004 1768 3050 Ia
1799 3002 2125 3053 Parthenone.
2161 3003 2437 3053 Parthenon
2467 3003 2594 3053 dice·

1565 3081 1710 3131 batur
1733 3083 1968 3148 templum
1989 3085 2226 3133 Minerva
2242 3084 2296 3131 in
2315 3084 2592 3133 arceAthe-

1568 3178 1768 3220 uarum,
1809 3162 1869 3209 de
1905 3178 2008 3227 quo
2046 3163 2154 3211 vide
2181 3163 2384 3211 Meursii
2409 3164 2592 3213 Cecro-

1569 3242 1727 3305 piam,
1764 3256 1873 3305 cap.
1912 3250 1991 3298 ¹4·
2022 3242 2120 3290 Sed
2155 3242 2238 3290 hic
2274 3242 2406 3292 haud
2443 3242 2592 3291 dubie

1567 3331 1641 3369 est
1677 3336 1788 3385 pars
1821 3320 1998 3369 aedium
2035 3322 2212 3382 Attici,
2251 3334 2336 3372 aut
2373 3322 2590 3387 pretorii

1568 3398 1798 3460 alicujus,
1819 3400 1896 3449 vel
1930 3401 2058 3451 villae
2085 3403 2325 3452 lautioris.
2343 3406 2520 3453 Gaox.

1641 3480 1688 3529 8.
1723 3478 1823 3525 Sed
1855 3478 1979 3544 quid
1999 3477 2206 3543 faciat)
2239 3482 2392 3545 Quasi
2427 3482 2557 3531 dicat
2575 3516 2594 3545 ‚

1565 3559 1708 3609 nihil.
1735 3560 1909 3623 Neque
1933 3562 2064 3609 euim
2083 3562 2256 3625 possit.
2279 3562 2456 3626 Itaque
2479 3562 2594 3611 foro

1565 3636 1802 3688 utendum
1819 3648 1908 3697 est,
1921 3656 2076 3703 quum
2097 3652 2333 3705 nequeat,
2353 3640 2496 3705 quod
2515 3642 2596 3690 in·

1565 3719 1788 3767 stituerat
1805 3752 1822 3777 ,
1853 3718 2064 3769 efficere.
2095 3720 2190 3769 Hic
2217 3722 2422 3769 Brutum
2447 3734 2596 3769 excu-

1569 3809 1662 3847 sat.
1687 3800 1804 3847 Bos.

1639 3894 1690 3942 9.
1726 3876 1823 3925 Sed
1853 3894 1916 3932 ae
1950 3877 1991 3926 is
2025 3877 2240 3943 quidem.
2273 3878 2437 3929 Verba
2478 3890 2594 3928 suut

1567 3957 1725 4007 Attici
1759 3974 1822 4005 ex
1845 3958 1952 4019 ejus
1978 3958 2043 4007 ad
2073 3960 2360 4011 Ciceronem
2385 3960 2594 4025 epistola

1569 4036 1794 4101 repetita.
1815 4038 1932 4087 Bos.

1647 4130 1722 4164 10.
1755 4118 1950 4166 Auctor.
1987 4116 2178 4165 Hirtius
2214 4119 2408 4182 potius,
2445 4134 2592 4183 quam
