3019 4681
510 386 648 481 588
1153 390 1250 459 M.
1299 388 1376 457 T.
1431 388 1991 459 olcEnoms

506 508 802 581 hercule
839 533 986 580 non
1025 523 1135 591 est
1168 506 1382 580 idem.
1425 512 1608 582 Nam
1636 510 1828 609 apud
1856 508 2047 584 illam
2083 508 2641 608 perditissimam

505 634 722 716 atque
781 618 1102 690 infimam
1159 617 1400 690 faecem
1471 620 1762 718 populi,
1822 614 2198 717 promen-¹⁶
2252 619 2639 706 Milonem,

506 727 996 815 suboffendit3
1043 742 1117 799 et
1161 728 1342 800 boni
1384 730 1613 831 multa
1658 728 1751 801 ab
1797 753 1887 805 eo
1922 726 2643 814 desiderant‚-multa

505 839 1078 938 reprehendunt.
1120 840 1583 912 Marcellinus
1622 855 1863 913 autem
1904 839 2047 911 hoc
2081 865 2232 911 uno
2267 840 2449 913 mihi
2480 842 2641 937 qui-

506 950 674 1022 dem
719 975 871 1022 non
917 947 1293 1037 satisfacit,
1330 950 1532 1049 quod
1581 976 1747 1023 eum
1794 952 2003 1022 nimis
2048 974 2297 1049 aspere
2342 964 2635 1021 tractat:

505 1084 948 1156 quamquam
993 1058 1068 1131 id
1119 1076 1372 1131 senatu
1422 1086 1575 1132 non
1624 1063 1849 1133 invito
1895 1060 2099 1148 facit3
2143 1085 2297 1157 quo
2338 1086 2473 1157 ego
2517 1085 2637 1132 me

503 1166 848 1240 libentius
901 1194 942 1240 a
995 1171 1193 1240 curia
1247 1185 1320 1240 et
1367 1169 1458 1241 ab
1515 1173 1715 1243 omni
1764 1184 1967 1269 parte
2018 1167 2433 1267 reipublicae
2470 1168 2637 1244 sub-

505 1277 741 1349 traho.
783 1284 868 1349 ln
902 1278 1190 1373 judiciis
1224 1280 1272 1349 ii
1311 1305 1596 1368 sumus,
1637 1284 1765 1379 qui
1811 1279 2099 1353 fuimus.
2138 1284 2417 1351 Domus
2449 1280 2638 1351 cele-

502 1384 759 1457 bratur
812 1389 949 1476 ita,
1010 1403 1093 1459 ut
1133 1414 1361 1489 quum
1413 1392 2039 1463 maxime.·Unum
2078 1389 2333 1465 accidit
2372 1393 2641 1489 impru-

503 1496 747 1568 dentia
805 1497 1096 1570 Milonis
1156 1500 1666 1588 incommode,
1724 1501 1816 1573 de
1871 1505 1938 1572 S;
2000 1500 2365 1573 Coelio¹⁷z
2416 1526 2637 1597 quem

503 1630 746 1705 neque
781 1609 924 1681 hoc
966 1624 1296 1707 tempore
1321 1666 1340 1698 ‚
1385 1634 1629 1709 neque
1661 1609 1753 1682 ab
1796 1609 2173 1683 imbecillis
2206 1611 2639 1687 accusatori-

403 1766 414 1775 ·
503 1715 644 1787 hus
683 1719 856 1790 mihi
889 1720 1158 1817 placuit
1189 1722 1528 1791 accusari.
1566 1723 1651 1793 Ei
1684 1736 1827 1791 tres
1860 1722 2231 1792 sententiaa
2260 1719 2639 1789 teterrimae

507 1828 585 1897 in
652 1826 1042 1901 consilio¹⁸
1093 1828 1529 1906 defuerunt.
1591 1836 1846 1928 Itaque
1899 1831 2269 1903 hominem
2322 1829 2639 1927 populus

502 1955 794 2013 revocat
819 1951 906 2027 ¹9,
943 1956 1016 2012 et
1045 1939 1456 2013 retrahatur
1490 1965 1782 2013 necesse
1814 1956 1941 2011 est.
1976 1945 2140 2015 Non
2168 1940 2363 2011 enim
2398 1936 2641 2009 ferunt

503 2048 860 2121 homines,
902 2054 992 2121 Et
1023 2052 1192 2147 quia
1219 2105 1240 2137 ,
1278 2075 1508 2148 quum
1548 2050 1741 2148 apud
1785 2074 1952 2121 suos
1968 2058 2034 2093 ²0
2076 2047 2387 2134 diceret,
2435 2070 2637 2144 paene

502 2160 886 2233 damnatus
931 2176 1075 2244 est,
1117 2161 1368 2233 vident
1406 2161 1849 2245 damnatum.
1895 2165 1993 2230 Ea
2032 2160 2187 2256 ipsa
2218 2160 2290 2227 in
2324 2181 2404 2228 re
2430 2161 2637 2227 Pom·

500 2274 644 2370 peii
687 2270 996 2344 offensio
1052 2272 1268 2346 nobis
1320 2270 1620 2344 obstitit.
1674 2275 2098 2345 Senatorum
2140 2268 2334 2340 enim
2370 2276 2630 2337 urna²¹

503 2384 798 2479 copiose
827 2381 1167 2471 absolvit,
1195 2388 1526 2482 equitum
1560 2382 1965 2480 adaequavit
1984 2391 2075 2466 ²²,
2110 2377 2387 2451 tribuni
2410 2377 2637 2448 aerarii

506 2491 1111 2564 condemnarunt.
1163 2493 1304 2565 Sed
1362 2493 1504 2564 hoc
1558 2491 2097 2568 incommodum
2150 2491 2635 2572 consolantur,

505 2599 944 2697 quotidianae
999 2602 1497 2675 damnationes
1544 2603 2043 2686 inimicorum,
2088 2603 2163 2671 in
2206 2598 2472 2698 quibus
2522 2621 2637 2668 me

497 2707 932 2806 perlubente
995 2711 1280 2782 Servius
1342 2711 1585 2783 allisus
1640 2728 1789 2800 est,
1848 2713 2066 2783 ceteri
2122 2710 2633 2781 conciduntur.

499 2823 575 2890 C.
633 2823 813 2891 Cato
867 2822 1337 2894 concionatus
1394 2836 1537 2913 est,
1598 2823 1890 2894 comitia
1945 2819 2197 2892 haberi
2252 2845 2401 2891 non
2462 2819 2636 2890 situ·

573 3107 658 3158 16.
703 3111 910 3173 Propter
951 3109 1202 3160 Milonem.
1253 3111 1517 3160 Defensum
1613 3110 1771 3168 euim,
1786 3131 1813 3152 ‹-
1832 3108 2055 3174 Pompeii
2084 3107 2295 3157 offensio
2319 3105 2465 3156 nobis
2480 3102 2635 3154 obsti-

497 3199 670 3236 eontra
707 3187 873 3238 clodii
913 3191 1275 3240 accusationem
1307 3207 1408 3239 vm
1439 3191 1513 3239 id.
1612 3189 1675 3237 tit
1692 3210 1735 3237 n.
1764 3189 1984 3238 Manu-r.

495 3267 618 3318 febr.
640 3269 789 3317 Max.
1612 3297 1621 3304 ·
1688 3283 1772 3315 αι.
1806 3269 1955 3317 Urna.
1981 3269 2099 3316 Tres
2122 3277 2261 3314 erant
2292 3281 2458 3323 nme,
2486 3279 2637 3327 quum

575 3364 656 3409 ¹7·
686 3347 873 3397 Clodio.
901 3351 974 3396 Ita
994 3351 1184 3399 Manat.
1213 3360 1265 3399 et
1288 3349 1515 3398 anbin.
1618 3358 1715 3396 tres
1740 3348 1939 3397 ordines
1954 3381 1971 3408 ,
1992 3356 2239 3396 senatores
2254 3379 2285 3422 ⁹.
2299 3345 2485 3408 equites
2502 3376 2519 3401 ,
2546 3343 2637 3390 tri·

496 3426 829 3489 vetustiores,
852 3427 1012 3476 Coele'o.
1035 3431 1233 3478 Gruter.
1264 3429 1523 3478 Gloelio.—
1608 3428 1733 3477 huni
1760 3429 1915 3476 erarii
1942 3445 2003 3477 ex
2040 3444 2095 3476 ea
2123 3427 2230 3490 lege
2246 3461 2261 3484 ‚
2288 3442 2437 3489 qnam
2464 3425 2639 3474 tulerat

495 3507 733 3554 Gruterus
777 3506 1036 3570 legendum
1074 3520 1215 3574 putet
1261 3531 1288 3551 α
1312 3511 1362 3558 S.
1387 3509 1521 3558 Cloe-
1610 3510 1663 3556 in
1685 3519 1893 3574 praetura
1914 3511 1971 3556 L.
1992 3507 2220 3556 Aurelius
2243 3507 2388 3554 Cotta
2404 3540 2419 3562 ,
2444 3503 2637 3566 indie·—

497 3583 626 3640 lio-3
664 3585 842 3634 rectius
875 3603 995 3637 vero
1023 3587 1298 3648 Manutius,
1337 3589 1515 3636 «Sext.
1610 3597 1736 3637 rent.
1756 3590 1817 3636 Iu
1840 3605 1919 3638 eas
1944 3588 2205 3652 separatim
2232 3583 2638 3651 cujusque.ordi—

497 3660 741 3721 Clodio»,
767 3664 931 3714 collat.
955 3677 1082 3716 orat.
1111 3683 1206 3732 pro
1237 3670 1308 3716 M.
1336 3667 1521 3727 coelio,
1611 3667 1688 3716 nis
1708 3666 1897 3715 tabella
1919 3665 2327 3728 conjiciebantnr.
2346 3668 2496 3712 Ion.

499 3755 554 3787 en
594 3776 606 3789 .
635 3743 720 3790 32.
780 3778 795 3791 .
866 3779 880 3793 .
941 3782 953 3794 .
1759 3780 1772 3793 .
2070 3747 2080 3758 '
2098 3785 2111 3796 .
2232 3746 2245 3759 ⁴

469 3859 472 3866 .
556 3757 653 3870 Prss.
682 3743 986 3875 12:100151'20.
1010 3825 1264 3876 Jndioum.
1612 3764 1761 3890 ιτιιῗῖ,
1798 3744 2640 3891 τῖυζῖἷῖιᾟὲιῖἓῦἲῗῗῖῖωῗί

573 3913 654 3962 ¹9·
679 3901 906 3952 Rem-ae.
932 3907 1122 3953 Rursus
1137 3905 1486 3956 contundam.
1612 3907 1877 3955 solverent.
2478 3941 2511 3950 «-

569 3991 654 4026 no.
671 3979 830 4042 Apud
845 3997 973 4031 suos.
991 3983 1144 4046 Quod
1175 3985 1220 4032 ei
1239 3985 1430 4047 judices
1449 3986 1523 4032 fa·
1688 3987 1774 4034 23.
1802 3985 1916 4034 Non
1936 3984 2155 4032 siem-um.
2184 3983 2290 4032 Nec
2310 3983 2455 4042 sivit,
2482 3979 2639 4028 tribu·

501 4068 688 4107 vereat.
711 4059 920 4123 opinor,
957 4062 1073 4124 quia
1109 4079 1214 4111 non
1247 4065 1434 4130 optime
1471 4067 1525 4114 in
1612 4065 1737 4113 nitio
1776 4063 2116 4113 intercedendi
2146 4065 2269 4124 inre.
2316 4061 2469 4112 Nulla
2508 4060 2641 4108 enin

507 4134 790 4200 P‘’¹¹¹l’0111111
838 4149 994 4188 ment
1033 4141 1247 4193 animati.
1293 4147 1529 4208 Sequitur
1614 4145 1711 4194 hoe
1742 4159 1871 4193 anno
1896 4141 2064 4192 habita
2090 4141 2313 4200 comitis,
2336 4157 2397 4189 ne
2420 4155 2485 4190 ne
2508 4137 2643 4188 duo—
