3019 4681
586 339 724 436 ¹76
1232 339 1331 405 M.
1382 339 1459 404 T.
1506 338 2060 408 CICERONIS

574 458 865 547 scribis,
910 481 1127 528 nemo
1178 455 1357 527 mihi
1390 482 1740 554 umquam
1779 456 2004 545 dixit,
2051 483 2142 528 ex
2189 458 2364 532 dote
2399 486 2564 534 esse
2611 463 2748 535 de-

576 585 855 644 tracta:
904 591 1305 664 numquam
1355 572 1550 638 enim
1603 592 1836 640 essem
1871 593 2142 666 passus.
2193 568 2334 640 Sed
2381 571 2536 643 haec
2589 577 2744 642 mi-

576 686 773 752 nima
808 692 917 750 est
948 703 1037 749 ex
1068 679 1155 746 iis
1196 677 1512 772 injuriiS,
1547 701 1728 774 quas
1761 680 2044 775 accepi3
2081 677 2172 749 de
2197 680 2467 777 quibus
2511 681 2616 752 ad
2665 699 2744 754 te

576 791 827 863 dolore
866 802 940 859 et
970 787 1305 884 lacrymis
1333 786 1648 858 scribere
1678 786 2098 884 prohibeor.
2127 793 2231 858 Ex
2263 813 2348 860 ea
2379 793 2742 886 pecunia,

564 926 728 998 quae
764 898 1015 968 fuit.in
1060 899 1256 982 Asia,
1290 910 1571 992 partem
1609 894 1980 968 dimidiam
2017 896 2168 968 fere
2203 903 2428 996 exegi.
2457 905 2738 974 Tutius

570 1009 952 1082 videbatur
1005 1005 1162 1077 fore
1210 1006 1353 1096 ibi,
1402 1005 1530 1076 ubi
1577 1021 1722 1094 est,
1767 1033 1986 1104 quam
2026 1007 2222 1105 apud
2257 1008 2734 1106 publicanos.

570 1119 791 1212 Quod
818 1144 935 1190 me
960 1117 1305 1206 hortariS‚
1344 1132 1427 1187 ut
1458 1116 1673 1187 firmo
1705 1120 1836 1188 sim
1869 1120 2146 1188 animo:
2177 1119 2436 1191 vellem
2467 1147 2732 1218 posses

572 1228 845 1328 aliquid
888 1226 1143 1300 afferre
1166 1283 1183 1312 ‚
1222 1227 1704 1326 quamobrem
1747 1213 1824 1298 id
1865 1227 2098 1299 facere
2131 1253 2446 1326 possem.
2482 1233 2626 1304 Sed
2663 1239 2728 1304 si

571 1341 665 1412 ad
696 1353 967 1410 ceteras
1006 1339 1327 1410 miserias
1352 1339 1646 1410 accessit
1669 1339 1884 1408 etiam
1913 1337 1984 1408 id
2005 1392 2024 1424 ‚
2047 1339 2248 1435 quod
2277 1339 2450 1410 mihi
2485 1343 2726 1439 Chry-

572 1452 825 1546 sippus
874 1448 1055 1518 dixit
1104 1449 1339 1546 parari
1378 1447 1512 1542 (tu
1557 1447 1740 1518 nihil
1783 1447 2230 1546 significasti)
2269 1449 2404 1520 de7
2451 1452 2720 1542 domo;

570 1565 735 1658 quis
762 1585 873 1630 me
894 1561 1227 1630 miserior
1252 1584 1401 1630 uno
1420 1559 1570 1654 jam
1591 1556 1773 1633 fuit?
1794 1562 1944 1629 Oro
1965 1614 1984 1647 ‚
2009 1558 2314 1630 obsecro
2332 1616 2350 1646 ‚
2380 1563 2714 1660 ignosce:

571 1697 721 1744 non
761 1696 1059 1768 possum
1096 1667 1303 1769 plura
1344 1669 1684 1740 scribere.
1727 1672 2021 1759 Quanto
2065 1695 2375 1741 moerore
2425 1697 2714 1768 urgear,

570 1781 899 1880 profecto
938 1780 1178 1852 vides:
1226 1779 1429 1878 quod
1484 1780 1543 1851 si
1595 1779 1775 1850 mihi
1813 1803 2202 1851 commune
2241 1805 2411 1851 cum
2454 1789 2712 1854 ceteris

568 1907 788 1978 esset,
836 1895 964 1988 qui
1002 1891 1344 1962 videntur
1388 1894 1467 1962 in
1511 1890 1762 1962 eadem
1803 1916 2016 1962 causa
2053 1916 2239 1980 esse,
2279 1892 2520 1962 minor
2555 1919 2714 1963 mea

566 2005 781 2102 culpa
830 2003 1217 2088 videretur,
1254 2017 1328 2072 et
1381 2026 1470 2072 eo
1508 2001 1956 2073 tolerabilior
2003 2017 2210 2074 esset.
2263 2007 2478 2075 Nunc
2527 2004 2708 2074 nihil

566 2129 712 2197 est,
764 2111 964 2211 quod
1014 2113 1472 2200 consoletur3
1519 2116 1656 2184 nisi
1717 2111 1893 2210 quid
1945 2127 2029 2182 tu
2083 2113 2351 2200 efficiS‚
2397 2114 2710 2196 simodo

567 2224 783 2294 ctiam
824 2247 1023 2292 nunc
1058 2219 1249 2292 effici
1290 2238 1528 2318 potest
1549 2278 1568 2310 ‚
1605 2239 1687 2294 ut
1713 2248 1806 2294 ne
1835 2247 1980 2320 qua
2009 2217 2400 2321 singulariss
2439 2223 2710 2296 afficiar

564 2335 965 2406 calamitate
1003 2348 1077 2403 et
1107 2332 1390 2428 injuria.

662 2441 964 2512 Tardius
1020 2442 1109 2513 ad
1169 2458 1239 2514 te
1294 2443 1538 2515 remisi
1597 2442 2090 2535 tabellarium,
2145 2444 2340 2541 quod
2393 2458 2709 2543 potestas

564 2552 901 2623 mittendi
936 2578 1086 2622 non
1120 2551 1276 2624 fuit.
1318 2560 1376 2625 A
1418 2554 1562 2624 tuis
1583 2566 1635 2639 9,
1675 2569 1748 2625 et
1781 2579 2248 2625 nummorum
2295 2556 2542 2652 accepi
2581 2558 2709 2625 H·S

568 2688 730 2747 Lxx,
773 2677 845 2733 et
890 2665 1492 2736 vestimentorum
1554 2664 1752 2762 quod
1808 2688 1993 2761 opus
2047 2663 2201 2734 fuit.
2248 2663 2536 2754 Quibus
2579 2662 2710 2733 tibi

564 2771 953 2861 videbitur,
1000 2775 1213 2845 velim
1258 2777 1380 2846 des
1424 2776 1665 2847 literas
1705 2802 1869 2846 meo
1912 2777 2232 2847 nomine.
2275 2778 2483 2849 Nosti
2512 2798 2712 2846 meos

562 2883 968 2955 familiares,
1013 2886 1309 2981 Signum
1358 2888 1775 2981 requirent,
1821 2901 1949 2956 aut
1995 2908 2342 2956 manumt
2401 2884 2602 2957 dices
2625 2896 2708 2970 ¹⁰,

564 3020 681 3097 me
722 3009 1025 3093 propter
1070 2995 1514 3067 custodias¹1
1565 3020 1647 3067 ea
1679 2997 1961 3066 vitasse.

1679 3153 1852 3216 sippus
1871 3188 1884 3212 ‚
1905 3162 1962 3199 ut
1981 3151 2130 3199 domo
2147 3167 2234 3198 sun
2253 3150 2442 3208 Cicero,
2461 3166 2610 3213 quam
2631 3150 2710 3198 hn—

1679 3232 1822 3279 bebnt
1845 3232 1894 3278 in
1911 3233 2093 3280 Palatio
2105 3268 2118 3289 ,
2143 3233 2431 3296 privaretur,
2452 3240 2706 3295 proptere-

560 3150 813 3197 Dolabella
841 3148 935 3196 sibi
962 3150 1085 3197 solvi
1106 3167 1215 3197 cum
1235 3151 1445 3198 secunda
1472 3166 1592 3215 pen·-

559 3230 698 3276 sione
718 3228 1013 3293 postulabat.
1028 3232 1146 3276 Eam
1163 3245 1279 3276 vero
1292 3231 1460 3294 primae
1480 3245 1594 3294 pen-

560 3309 714 3357 sionis
749 3308 1139 3356 imminutionem
1166 3308 1340 3358 Cicero
1364 3326 1487 3372 aegre
1523 3309 1594 3356 fe·

560 3389 711 3437 rebat.
732 3388 853 3435 Ideo
879 3388 1004 3434 infra
1020 3388 1160 3452 epist.
1186 3397 1253 3443 24.
1283 3388 1343 3435 de
1362 3389 1451 3435 alia
1474 3402 1594 3452 qun-

504 3460 521 3471 '
562 3469 671 3515 dam
698 3468 996 3515 detractione
1014 3468 1219 3531 loquens
1234 3502 1248 3527 ,
1264 3470 1463 3529 «Quum
1478 3468 1593 3525 hoc,

558 3548 749 3611 inquit,
778 3560 878 3595 tam
920 3564 1125 3612 parvum
1150 3548 1211 3595 de
1250 3564 1397 3611 parva
1426 3564 1478 3595 re
1504 3547 1592 3595 de-

557 3630 780 3683 traxerit,
806 3628 1048 3692 perspicis
1074 3627 1195 3691 quid
1219 3626 1269 3674 in
1308 3628 1515 3674 maxima
1541 3642 1594 3675 re

558 3706 726 3755 fecerit
742 3728 781 3753 n.
803 3708 1085 3755 Booruo.-
1098 3704 1353 3755 Schiitzius
1368 3706 1595 3771 intelligit

559 3784 665 3833 haec
688 3800 755 3832 nx
782 3788 886 3834 11-s
902 3820 918 3847 ‚
946 3786 1161 3833 detracta
1181 3801 1206 3832 a
1228 3786 1451 3834 Terentia
1476 3786 1594 3832 vela

560 3864 827 3913 Philotimo
844 3900 858 3921 ‚
898 3866 1133 3913 insciente
1152 3866 1388 3922 Cicerone
1400 3901 1414 3925 ,
1432 3881 1583 3931 quum

557 3945 717 3993 Tullia
738 3942 1006 3992 Dolabellae
1029 3945 1363 3994 collocaretur.
1400 3948 1588 4009 Perpe-

558 4040 682 4073 ram.
708 4026 804 4071 En.

631 4116 677 4168 7.
694 4104 769 4149 De
794 4100 961 4150 domo.
984 4102 1041 4151 Id
1055 4104 1217 4166 parari
1228 4104 1419 4154 dixerat
1432 4104 1590 4168 chry·

1678 3310 1814 3375 quod
1833 3322 1956 3357 esset
1975 3328 2088 3358 cum
2113 3310 2368 3374 Pompeio.
2395 3312 2545 3357 Mn«.

1753 3392 1801 3436 8.
1831 3389 2094 3453 Singulari.
2121 3392 2231 3452 Qua
2261 3390 2408 3435 ceteri
2427 3389 2708 3453 Pompeiani

1683 3469 1848 3517 affecti
1869 3484 1970 3535 qon
1999 3480 2113 3516 sunt
2136 3484 2161 3516 a
2184 3468 2486 3517 Caesarianis.
2516 3470 2608 3515 Eo.

1755 3562 1806 3610 9.
1841 3546 1982 3594 Tuis:
2013 3550 2112 3609 Qui
2129 3564 2204 3595 rea
2233 3560 2339 3595 tuns
2361 3546 2412 3593 in
2437 3548 2596 3611 Epiro
2623 3562 2708 3595 en·

1683 3637 1806 3674 rant.
1820 3628 1948 3674 Nam
1959 3642 2020 3674 eo
2044 3628 2322 3682 transierat,
2341 3626 2404 3672 ud
2423 3628 2708 3691 Pompeium

1683 3708 1736 3753 in
1761 3706 1999 3754 Graeciam
2019 3705 2350 3769 proficiscens.
2377 3706 2524 3753 Min.

1761 3800 1842 3833 10.
1867 3785 1951 3832 Al.
1978 3785 2108 3833 dices
2127 3786 2198 3833 iis.
2220 3786 2345 3833 LV.
2371 3786 2425 3833 L.

1751 3882 1773 3912 r
1787 3881 1808 3911 r
1819 3900 1832 3912 .
1863 3866 2141 3914 Custodias.
2171 3867 2271 3912 Eos
2288 3899 2302 3922 ‚
2319 3863 2407 3926 qui
2425 3864 2480 3911 in
2497 3864 2708 3911 exercitu

1677 3945 1932 3993 observare
1959 3946 2120 3993 solent
2132 3980 2149 4006 ,
2175 3961 2237 3992 ne
2253 3946 2406 3991 litere
2417 3982 2432 4006 ,
2449 3956 2538 3993 aut
2555 3944 2705 3992 nuntii

1675 4026 1985 4088 imperatoris
2015 4026 2206 4088 injussu
2241 4040 2492 4089 quoquam
2517 4023 2704 4072 mittan·

1681 4116 1777 4154 tur.
1804 4105 1894 4152 En.
