3019 4681
485 396 622 493 692
797 395 1306 466 EPISTOLAE
1358 395 1545 465 cic.
1588 395 1709 464 ET
1757 397 2117 484 BRUTI,
2177 419 2282 492 17.

481 520 700 594 redeo
725 516 814 590 ad
837 521 1274 590 Ciceronem.
1303 515 1498 606 Quid
1526 517 1715 588 inter
1740 517 2226 589 Salvidienum
2250 529 2271 560 ¹
2288 527 2327 562 1‘
2343 531 2601 590 etcum

475 629 814 703 interest?
848 626 1042 719 Quid
1071 640 1310 697 autem
1336 625 1643 724 amplius
1674 625 1793 697 ille
1826 625 2297 700 decerneret?
2330 629 2598 717 Timet,

475 743 796 839 inquies,
835 742 1046 810 etiam
1093 761 1291 808 nunc
1326 737 1665 834 reliquias
1697 735 1870 808 belli
1912 737 2161 810 civilis.
2199 739 2601 836 Quisquam

475 877 645 949 ergo
682 853 780 922 ita
814 851 1022 920 timet
1058 847 1554 946 profligatum,
1597 862 1679 917 ut
1712 871 1949 944 neque
1983 849 2379 945 potentiam
2402 848 2599 943 'ejuS,

473 964 598 1060 qui
651 960 1045 1032 exercitum
1101 959 1446 1029 victorem
1498 955 1796 1045 habeat,
1839 980 2079 1054 neque
2124 960 2597 1030 temeritatem

470 1075 680 1170 pueri
714 1085 922 1168 putet
955 1067 1559 1141 extimescendam
1588 1069 1787 1140 esse?
1822 1094 1913 1140 an
1952 1068 2095 1140 hoc
2129 1073 2369 1168 ipsum
2406 1095 2489 1142 ea
2519 1095 2601 1141 re

472 1180 674 1268 facit,
723 1179 924 1277 quod
958 1179 1062 1250 illi
1107 1193 1406 1277 propter
1458 1178 2005 1277 amplitudinem
2030 1191 2091 1224 ¹²
2140 1173 2381 1252 omnia
2411 1180 2597 1275 jam,

471 1293 812 1387 ultroque
856 1287 1238 1360 deferenda
1287 1290 1547 1387 putat?
1587 1294 1652 1361 O
1694 1313 2026 1387 magnam
2079 1290 2450 1363 stultitiam
2507 1295 2597 1362 ti-

470 1401 724 1487 moris,
756 1398 830 1468 id
860 1401 1093 1494 ipsum
1119 1453 1138 1485 ,
1167 1399 1366 1495 quod
1405 1401 1750 1487 verearis,
1784 1402 1883 1470 ita
1913 1422 2200 1489 cavere,
2230 1416 2348 1488 ut,
2370 1417 2599 1499 quum

465 1512 688 1580 vitare
739 1506 1040 1579 fortasse
1099 1508 1420 1604 potueris
1443 1561 1462 1595 ,
1528 1509 1723 1579 ultro
1779 1533 2089 1581 arcessas
2130 1525 2205 1581 et
2240 1509 2595 1582 attrahas!

466 1621 788 1693 Nimium
823 1621 1165 1690 timemus
1199 1633 1546 1704 mortem,
1586 1634 1658 1689 et
1698 1619 2062 1710 exsilium,
2108 1635 2183 1692 et
2211 1636 2599 1719 pauperta-

466 1747 631 1802 tem.
671 1735 834 1800 Haec
869 1727 1206 1800 videntur
1239 1731 1571 1801 Ciceroni
1606 1730 1855 1801 ultima
1888 1753 2041 1802 esse
2080 1732 2157 1802 in
2196 1732 2399 1802 malis
2440 1759 2455 1801 :
2492 1747 2595 1820 et,

467 1839 644 1910 dum
683 1838 972 1926 habeat,
1007 1861 1048 1908 a
1085 1835 1352 1934 quibus
1381 1841 1720 1936 impetret
1760 1843 1919 1938 quae
1954 1841 2160 1929 velit,
2216 1855 2287 1912 et
2336 1866 2379 1913 a
2433 1847 2595 1939 qui-

461 1947 602 2018 bus
657 1946 934 2018 colatur
982 1971 1066 2016 ac
1129 1946 1498 2035 laudetur,
1562 1952 1981 2022 servitutem
2013 2009 2032 2040 ‚
2112 1949 2594 2024 honorificam

465 2055 721 2144 modo',
755 2081 910 2126 non
943 2071 1410 2152 aspernatur;
1475 2060 1533 2128 si
1570 2057 1971 2157 quidquam
2020 2063 2099 2132 in
2154 2079 2471 2134 extrema
2507 2088 2591 2135 ac

464 2167 860 2237 miserrima
908 2165 1348 2238 contumelia
1382 2184 1624 2266 potest
1659 2170 2145 2245 honorificum
2185 2197 2357 2246 esse.
2394 2178 2595 2246 Licet

464 2301 636 2373 ergo
700 2291 977 2376 patrem
1034 2272 1349 2377 appellet
1382 2284 1757 2363 ,Octavius
1824 2286 2287 2376 Ciceronem,
2335 2284 2599 2358 referat

462 2389 743 2474 omnia,
777 2387 1061 2476 laudet,
1097 2394 1364 2485 gratias
1392 2408 1603 2487 agat3
1661 2407 1905 2465 tamen
1958 2395 2137 2467 illud
2189 2396 2596 2495 apparebit,

459 2496 681 2569 verba
723 2497 940 2569 rebus
987 2523 1140 2570 esse
1188 2494 1565 2572 contraria.
1612 2503 1809 2594 Quid
1853 2509 2045 2576 enim
2086 2521 2231 2577 tam
2282 2506 2597 2579 alienum

463 2605 556 2677 ab
588 2606 921 2677 humanis
968 2609 1296 2681 sensibus
1341 2625 1491 2697 est,
1546 2636 1763 2707 quam
1830 2638 1999 2684 eum
2050 2620 2272 2713 patris
2328 2616 2597 2688 habere

463 2715 663 2803 loc0,
683 2715 812 2811 qui
843 2739 937 2786 ne
976 2716 1175 2787 liberi
1214 2718 1509 2814 quidem
1529 2720 1845 2795 hominis
1866 2749 2170 2797 numero
2202 2727 2343 2799 sit?
2376 2727 2597 2825 Atqui

463 2851 551 2897 eo
585 2825 854 2913 tendit,
890 2826 962 2897 id
1002 2828 1181 2922 agit,
1227 2826 1317 2897 ad
1355 2854 1523 2899 eum
1562 2832 1831 2903 exitum
1871 2851 2209 2934 properat
2251 2837 2361 2907 vir
2404 2839 2595 2962 opti-

467 2960 669 3023 muS‚
711 2950 796 3005 ut
837 2938 926 3005 sit
969 2936 1072 3007 illi
1099 2939 1435 3008 Octavius
1479 2942 1856 3038 propitius.
1902 2948 2054 3043 Ego
2104 2970 2278 3017 vero
2324 2947 2471 3041 jam
2509 2949 2594 3017 iis

463 3045 738 3117 artibus
791 3044 970 3115 nihil
1014 3046 1304 3134 tribuO,
1358 3050 1628 3178 quibus
1664 3056 1811 3125 scio
1862 3058 2285 3129 Ciceronem
2324 3060 2593 3129 instru-

463 3158 858 3229 ctissimum
897 3182 1070 3227 esse.
1102 3159 1297 3248 Quid
1321 3165 1516 3232 enim
1548 3162 1648 3233 illi
1678 3182 2018 3262 prosunt,
2045 3193 2204 3278 quae
2223 3194 2361 3273 pro
2383 3168 2595 3240 liber·
2622 3236 2625 3243 .

463 3282 607 3338 tate
650 3267 935 3364 patriae,
977 3266 1066 3338 de
1109 3268 1575 3367 dignitate¹³‚
1632 3299 1792 3371 quae
1842 3276 1931 3346 de
1974 3293 2251 3367 morte,
2294 3267 2592 3365 exsilio,

465 3390 884 3473 paupertate
917 3377 1200 3473 scripsit
1226 3385 1757 3477 copiosissime?
1791 3387 2082 3475 Quanto
2101 3403 2341 3460 autem
2372 3391 2593 3486 magis

461 3578 818 3637 constituendi,
865 3594 1062 3644 prorsus
1109 3582 1321 3644 negavit.
1355 3585 1476 3631 Boc
1566 3588 1643 3643 11,
1684 3590 1769 3647 76.
1804 3592 1879 3637 De
1895 3590 2165 3640 bonoribus
2181 3628 2196 3651 ,
2222 3606 2347 3656 quos
2367 3602 2583 3652 senatus,

458 3669 616 3705 totum
653 3658 882 3707 oct-ibitur
911 3674 942 3706 a
985 3658 1203 3722 Nepote,
1237 3660 1291 3706 in
1323 3661 1478 3725 ipsius
1566 3676 1763 3713 auctore
1782 3668 2033 3724 Cicerone,
2059 3670 2116 3717 in
2137 3670 2395 3719 Octavium
2424 3671 2595 3719 decre-

457 3737 612 3786 Anici
641 3738 752 3787 vita.
781 3740 1000 3787 Mami·-
1567 3744 1655 3803 vit,
1676 3746 1777 3792 vid.
1793 3746 2009 3812 Philipp.
2029 3751 2122 3809 111,
2141 3766 2199 3811 ²3
2220 3753 2361 3811 xlv,
2390 3767 2468 3811 10,
2488 3762 2587 3800 etc.

534 3832 554 3863 1
572 3830 614 3865 ι.
655 3817 1000 3873 Salvidienum.
1036 3820 1100 3880 Q.
1143 3818 1478 3867 Salvidienum
1642 3839 1726 3873 ω.
1774 3826 2172 3890 Amplitudae'nem.
2208 3831 2456 3877 Summam
2498 3844 2594 3894 po-

455 3896 674 3957 Rufm,
707 3896 904 3944 Octavii
939 3896 1376 3957 studiosissimum3
1423 3901 1478 3946 in
1570 3902 1767 3951 tentiam
1784 3938 1801 3964 ,
1828 3922 1979 3969 quum
2010 3908 2219 3956 victores
2255 3910 2497 3958 exercitus
2540 3908 2593 3954 in

453 3990 598 4038 quem
646 3988 806 4043 ‘quum
871 3974 1100 4039 deinceps
1153 3978 1474 4037 conjurasset,
1568 3982 1672 4039 ejus
1692 3986 1973 4034 mannaim.
2000 3988 2182 4036 Unam.

454 4054 558 4111 ejus
591 4053 730 4113 jussu
763 4053 952 4101 occisus
988 4065 1078 4102 eat.
1111 4057 1318 4104 Sueton-
1338 4061 1471 4119 Aug.
1643 4060 1721 4107 13.
1766 4062 1841 4107 De
1882 4062 2140 4126 dignitate.
2179 4068 2237 4112 In
2262 4080 2364 4129 quo
2403 4066 2493 4113 sita
2525 4062 2586 4111 sit

455 4132 621 4193 e.66;
665 4130 794 4189 Dio,
828 4130 916 4180 lib.
934 4134 1180 4191 valm
1206 4134 1335 4184 Veli.
1361 4137 1469 4184 Pat.
1566 4154 1675 4187 vera
1705 4141 1929 4209 dignitas.
