3019 4681
464 324 607 409 408
720 270 729 277 ³
1098 329 1192 396 Μ.
1238 329 1316 395 Τ.
1372 276 1968 397 CICERONIS

462 446 588 517 sed
624 444 827 544 quod
862 471 1013 517 non
1047 444 1547 545 dubit0,.quin
1579 464 1654 518 tu
1691 446 1886 517 idem
1915 447 2445 521 existimatur-us
2479 454 2598 523 sis.

462 557 789 628 Ciceroni
822 582 1020 645 mee,
1062 561 1156 628 mi
1188 560 1456 647 Attice,
1491 556 1990 658 suppeditabis
2023 574 2380 655 quantum
2409 560 2597 633 vide-
2697 644 2714 659 .

463 665 697 754 bitur,
744 692 1010 764 meque
1048 668 1190 739 hoc
1230 668 1363 740 tibi
1409 694 1596 740 onus
1649 671 2024 767 imponere
2069 671 2361 765 patiere.
2418 674 2598 762 Quae

462 774 703 849 adhuc
761 776 1025 866 fecisti,
1090 778 1267 847 mihi
1314 794 1485 850 sunt
1533 780 1948 877 gratissima.
2013 776 2308 851 Librum
2351 804 2593 851 meum

446 878 665 953 'illum
710 878 1093 953 ἀνέκδοτον4
1130 883 1463 955 nondum
1498 938 1520 971 ,
1575 900 1660 954 ut
1713 885 1958 973 volui,
2027 884 2402 982 perpolivi.
2455 888 2596 955 Ista

463 1017 637 1063 vero
662 1047 680 1079 ‚
725 1018 887 1089 quae
923 1008 1002 1062 tu
1026 998 1331 1071 ¹contexi
1367 998 1509 1084 vis,
1542 992 1736 1065 aliud
1773 994 2142 1091 quoddam
2186 1008 2593 1091 separatum

462 1101 805 1171 volumen
845 1117 1285 1200 exspectant.
1325 1108 1476 1201 Ego
1508 1119 1750 1175 autem
1789 1106 1816 1201 (
1845 1102 2091 1176 credas
2121 1105 2300 1175 mihi
2333 1095 2594 1199 v'elim)

463 1214 743 1281 minore
767 1213 1089 1309 periculo
1128 1216 1458 1286 existimo
1484 1230 1732 1286 contra
1762 1214 1916 1287 illas
1944 1213 2248 1287 nefarias
2277 1229 2510 1313 partes
2532 1210 2564 1255 ⁵
2578 1267 2599 1303 ,

462 1323 631 1392 vivo
672 1336 1017 1417 tyranno,
1056 1324 1196 1395 dici
1224 1327 1588 1422 potuisse,
1627 1350 1844 1423 quam
1877 1340 2188 1397 mortuo,
2215 1325 2341 1396 Ille
2361 1327 2552 1397 enim
2575 1378 2596 1411 ,

462 1434 705 1504 nescio
749 1458 899 1530 quo
948 1449 1159 1533 pacto
1196 1491 1215 1524 ,
1270 1433 1549 1508 ferebat
1605 1460 1724 1507 me
1773 1434 2065 1533 quidem
2123 1435 2594 1506 mirabiliter:

462 1566 693 1630 nunc,
732 1568 1197 1642 quacumque
1232 1570 1368 1617 nos
1404 1547 1966 1633 commovimus,
2001 1543 2091 1615 ad
2120 1546 2412 1616 Caesaris
2445 1568 2598 1615 non

463 1651 685 1723 modo
709 1670 894 1742 acta,
922 1678 1176 1725 verum
1200 1657 1413 1726 etiam
1452 1657 1756 1752 cogitata
1787 1678 2232 1725 revocamur.
2263 1658 2372 1725 De
2393 1658 2600 1724 Mon·

460 1776 671 1853 tane,
708 1770 1052 1860 quoniam
1088 1766 1401 1835 Flamma
1438 1766 1676 1853 venit,
1719 1763 2014 1837 videbis.
2045 1767 2228 1835 Puto
2259 1789 2414 1836 rem
2443 1788 2595 1833 me·-

470 1873 649 1945 liore
690 1874 854 1946 loco
896 1900 1047 1947 esse
1092 1874 1379 1949 debere.

534 2052 585 2101 4.
624 2046 813 2094 Librum
842 2063 1001 2095 meum
1040 2046 1175 2111 illum
1205 2041 1479 2095 ἀνέκδοτον.
1643 2046 1691 2093 5.
1714 2046 1902 2101 Parus.
1931 2044 2171 2110 Mongalt.
2197 2045 2396 2105 videtur
2423 2043 2598 2108 legi-oe

458 2124 576 2173 Nou
602 2126 787 2189 editum
802 2160 814 2173 .
1562 2135 1736 2189 pestes.
1761 2127 1795 2175 J
1801 2158 1814 2173 .
1837 2126 1902 2173 V.
1931 2126 1986 2173 1..

820 2296 1133 2362 CICERO
1179 2295 1705 2362 DOLABELLAE
1750 2294 1931 2363 COS.
1968 2296 2134 2362 SUO
2179 2296 2243 2362 S.

558 2453 765 2518 Eat-⁵1¹
824 2462 1211 2519 contentus
1251 2471 1443 2519 eram
1470 2502 1489 2535 ‚
1545 2448 1644 2518 mi
1696 2445 2110 2534 Dolabella,
2155 2462 2280 2520 tua
2325 2447 2593 2544 gloria,

370 2613 378 2628 .
459 2560 776 2654 satisque
812 2583 899 2629 ex
926 2583 1012 2629 ea
1032 2583 1364 2656 magnam
1400 2559 1710 2629 laetitiam
1747 2559 2335 2656 voluptatemque
2365 2560 2596 2656 capie-

462 2669 673 2757 bam3
726 2682 967 2740 tamen
1002 2694 1147 2740 non
1182 2693 1473 2766 possum
1514 2695 1660 2740 non
1694 2667 2062 2756 confiteri,
2097 2669 2444 2739 cumulari
2480 2694 2595 2739 me

462 2781 778 2850 maximo
802 2779 1066 2876 gaudio
1087 2836 1107 2869 ,
1140 2778 1340 2877 quod
1368 2779 1586 2876 vulgo
1624 2778 2006 2850 hominum
2044 2779 2292 2876 opinio
2321 2779 2596 2848 socium

460 2915 579 2960 me
626 2888 983 2961 adscribat
1024 2893 1166 2962 tuis
1204 2889 1563 2962 laudibus.
1619 2891 1998 2962 Neminem
2038 2889 2376 2974 conveni3
2421 2912 2598 2958 con-

458 3002 671 3073 venio
708 3016 950 3072 autem
989 2999 1313 3099 quotidie
1352 2999 1705 3097 plurimos
1747 3025 1762 3068 ε
1807 3013 1979 3070 sunt
2015 3000 2210 3068 euim
2253 2998 2599 3094 permulti

462 3113 719 3210 optimi
763 3113 929 3198 viri,
973 3115 1101 3208 qui
1136 3109 1552 3181 valitudinis
1593 3133 1804 3180 causa
1849 3111 1924 3178 in
1963 3106 2076 3178 his
2130 3108 2304 3179 locis
2343 3131 2598 3178 conve-

462 3225 755 3314 niant²;
802 3236 1139 3319 praeterea
1188 3244 1275 3290 ex
1313 3220 1729 3316 municipiis
1767 3217 2186 3315 frequentes
2221 3216 2596 3287 necessarii

460 3334 642 3421 mei3
682 3335 811 3430 qui
835 3357 1115 3416 omnes„
1155 3354 1382 3428 quum
1427 3345 1495 3401 te
1533 3331 1834 3400 summis
1865 3325 2200 3399 laudibus
2229 3326 2317 3398 ad
2347 3328 2594 3398 caelum

462 3437 920 3530 extulerunt,
982 3442 1159 3513 mihi
1213 3445 1564 3511 continuo
1625 3443 1971 3510 maximas
2020 3439 2279 3536 gratias
2341 3449 2589 3533 agunt.

460 3555 740 3652 Negant
778 3557 971 3625 enim
1011 3578 1087 3623 se
1136 3550 1471 3622 dubitare
1494 3605 1513 3637 ,
1552 3552 1730 3647 quin
1777 3564 1856 3621 tu
1895 3551 2074 3619 meis
2111 3547 2486 3645 praeceptis
2523 3559 2596 3616 et

542 3735 561 3765 x
574 3753 588 3768 .
632 3717 853 3767 Alterum
890 3719 1035 3780 huius
1068 3717 1286 3782 epistole
1322 3733 1481 3766 exem·
1641 3733 1692 3764 2.
1739 3715 2055 3763 Conveniam.
2103 3713 2252 3777 Vulg.
2298 3710 2597 3759 conveniunt.

464 3797 599 3862 plum
634 3798 761 3845 iuter
795 3799 937 3862 epist.
976 3797 1039 3845 nd
1076 3798 1189 3844 Div.
1227 3797 1340 3859 11,
1388 3804 1479 3857 14,
1571 3796 1790 3845 Alterum
1819 3795 2122 3860 exemplum,
2146 3794 2194 3840 in
2223 3792 2330 3840 Iioec
2366 3793 2476 3839 loca
2505 3805 2597 3837 ve·

463 3876 761 3934 conferenti,
788 3877 1025 3924 nonnulla
1053 3887 1313 3925 occurrent
1342 3876 1484 3924 diui·
1571 3875 1732 3924 aiant.
1777 3874 1921 3922 Unde
1961 3873 2044 3922 hic
2089 3872 2292 3937 legimus
2311 3905 2326 3928 ,
2369 3869 2594 3918 Ernesti«)

462 3953 617 4012 milia,
650 3969 759 4017 quae
793 3955 833 4002 si
861 3965 1138 4006 notaremus
1170 3957 1363 4014 omnin,
1402 3957 1483 4004 vix
1574 3954 1720 4010 dne-e,
1749 3953 2062 4002 conveniant.
2087 3951 2224 4002 Idem
2250 3950 2396 4020 infra,
2419 3959 2592 4013 agant,

465 4049 625 4099 operae
642 4034 852 4098 pretinm
873 4034 1153 4086 faceremus.
1170 4037 1220 4084 J.
1236 4036 1298 4083 V.
1322 4037 1376 4084 1..
1570 4049 1664 4098 pro
1691 4044 1863 4098 agunt.
1889 4035 1921 4082 J
1923 4034 2002 4082 N.
2024 4033 2077 4082 1..
