<?xml version="1.0" encoding="UTF-8"?>
<!DOCTYPE html PUBLIC "-//W3C//DTD XHTML 1.0 Transitional//EN"
    "http://www.w3.org/TR/xhtml1/DTD/xhtml1-transitional.dtd">
<html xmlns="http://www.w3.org/1999/xhtml" xml:lang="en" lang="en">
 <head>
  <title>
</title>
<meta http-equiv="Content-Type" content="text/html;charset=utf-8" />
  <meta name='ocr-system' content='tesseract 3.04.00' />
  <meta name='ocr-capabilities' content='ocr_page ocr_carea ocr_par ocr_line ocrx_word'/>
</head>
<body>
  <div class='ocr_page' id='page_1' title='image "./mtciceronisquae04lemagoog_0094.png"; bbox 0 0 3019 4681; ppageno 0'>
   <div class='ocr_carea' id='block_1_1' title="bbox 583 351 2718 2210">
    <p class='ocr_par' dir='ltr' id='par_1_1' title="bbox 594 351 2086 442">
     <span class='ocr_line' id='line_1_1' title="bbox 594 351 2086 442; baseline -0.002 -20"><span class='ocrx_word' id='word_1_1' title='bbox 594 351 685 422; x_wconf 83' lang='lat'><strong>88</strong></span> <span class='ocrx_word' id='word_1_2' title='bbox 1219 353 1313 420; x_wconf 92' lang='lat' dir='ltr'><strong>M.</strong></span> <span class='ocrx_word' id='word_1_3' title='bbox 1342 351 1442 442; x_wconf 55' lang='lat' dir='ltr'><strong>‚T.</strong></span> <span class='ocrx_word' id='word_1_4' title='bbox 1498 351 2086 422; x_wconf 88' lang='lat' dir='ltr'>CICERONIS</span> 
     </span>
    </p>

    <p class='ocr_par' dir='ltr' id='par_1_2' title="bbox 583 471 2718 2210">
     <span class='ocr_line' id='line_1_2' title="bbox 596 471 2712 572; baseline 0 -28"><span class='ocrx_word' id='word_1_5' title='bbox 596 475 880 544; x_wconf 88' lang='lat' dir='ltr'><strong>animus</strong></span> <span class='ocrx_word' id='word_1_6' title='bbox 939 471 1133 567; x_wconf 87' lang='lat' dir='ltr'><strong>ejus,</strong></span> <span class='ocrx_word' id='word_1_7' title='bbox 1174 485 1247 542; x_wconf 92' lang='lat' dir='ltr'><strong>et</strong></span> <span class='ocrx_word' id='word_1_8' title='bbox 1291 472 1798 569; x_wconf 82' lang='lat' dir='ltr'><strong>proscripturit</strong></span> <span class='ocrx_word' id='word_1_9' title='bbox 1842 471 1987 543; x_wconf 88' lang='lat' dir='ltr'><strong>diu.</strong></span> <span class='ocrx_word' id='word_1_10' title='bbox 2037 471 2250 560; x_wconf 89' lang='lat' dir='ltr'><strong>Inde,</strong></span> <span class='ocrx_word' id='word_1_11' title='bbox 2290 488 2377 545; x_wconf 89' lang='lat' dir='ltr'><strong>ut</strong></span> <span class='ocrx_word' id='word_1_12' title='bbox 2417 475 2712 572; x_wconf 87' lang='lat' dir='ltr'><strong>opinor,</strong></span> 
     </span>
     <span class='ocr_line' id='line_1_3' title="bbox 600 576 2718 677; baseline 0.002 -30"><span class='ocrx_word' id='word_1_13' title='bbox 600 602 829 675; x_wconf 91' lang='lat' dir='ltr'><strong>quum</strong></span> <span class='ocrx_word' id='word_1_14' title='bbox 866 592 949 649; x_wconf 90' lang='lat' dir='ltr'><strong>tu</strong></span> <span class='ocrx_word' id='word_1_15' title='bbox 992 576 1081 649; x_wconf 88' lang='lat' dir='ltr'><strong>ad</strong></span> <span class='ocrx_word' id='word_1_16' title='bbox 1118 601 1237 648; x_wconf 89' lang='lat' dir='ltr'><strong>me</strong></span> <span class='ocrx_word' id='word_1_17' title='bbox 1278 576 1612 673; x_wconf 87' lang='lat' dir='ltr'><strong>quaedam</strong></span> <span class='ocrx_word' id='word_1_18' title='bbox 1651 583 2039 675; x_wconf 76' lang='grc' dir='ltr'><strong>γενικώτερον</strong></span> <span class='ocrx_word' id='word_1_19' title='bbox 2059 587 2119 634; x_wconf 76' lang='lat'><strong>²⁷</strong></span> <span class='ocrx_word' id='word_1_20' title='bbox 2160 580 2594 677; x_wconf 86' lang='lat' dir='ltr'><strong>scripsisses,</strong></span> <span class='ocrx_word' id='word_1_21' title='bbox 2643 595 2718 652; x_wconf 86' lang='lat' dir='ltr'><strong>et</strong></span> 
     </span>
     <span class='ocr_line' id='line_1_4' title="bbox 592 686 2715 787; baseline 0.001 -28"><span class='ocrx_word' id='word_1_22' title='bbox 592 712 728 786; x_wconf 84' lang='lat' dir='ltr'><strong>ego</strong></span> <span class='ocrx_word' id='word_1_23' title='bbox 760 686 937 758; x_wconf 88' lang='lat' dir='ltr'><strong>mihi</strong></span> <span class='ocrx_word' id='word_1_24' title='bbox 984 712 1026 757; x_wconf 90' lang='lat' dir='ltr'><strong>a</strong></span> <span class='ocrx_word' id='word_1_25' title='bbox 1062 699 1135 758; x_wconf 92' lang='lat' dir='ltr'><strong>te</strong></span> <span class='ocrx_word' id='word_1_26' title='bbox 1173 686 1918 785; x_wconf 31' lang='lat' dir='ltr'><strong>quaedam-significari</strong></span> <span class='ocrx_word' id='word_1_27' title='bbox 1951 704 2312 787; x_wconf 88' lang='lat' dir='ltr'><strong>putassem</strong></span> <span class='ocrx_word' id='word_1_28' title='bbox 2335 743 2354 778; x_wconf 91' lang='lat'>‚</span> <span class='ocrx_word' id='word_1_29' title='bbox 2397 703 2480 761; x_wconf 84' lang='lat' dir='ltr'><strong>ut</strong></span> <span class='ocrx_word' id='word_1_30' title='bbox 2518 693 2715 762; x_wconf 88' lang='lat' dir='ltr'><strong>Italia</strong></span> 
     </span>
     <span class='ocr_line' id='line_1_5' title="bbox 590 795 2712 894; baseline -0.001 -24"><span class='ocrx_word' id='word_1_31' title='bbox 590 796 922 870; x_wconf 85' lang='lat' dir='ltr'><strong>cederem</strong></span> <span class='ocrx_word' id='word_1_32' title='bbox 948 825 985 866; x_wconf 76' lang='grc' dir='ltr'><strong>-ε</strong></span> <span class='ocrx_word' id='word_1_33' title='bbox 1039 795 1410 868; x_wconf 85' lang='lat' dir='ltr'><strong>detestaris</strong></span> <span class='ocrx_word' id='word_1_34' title='bbox 1449 797 1590 870; x_wconf 92' lang='lat' dir='ltr'><strong>hoc</strong></span> <span class='ocrx_word' id='word_1_35' title='bbox 1631 797 2010 894; x_wconf 85' lang='lat' dir='ltr'><strong>diligenter</strong></span> <span class='ocrx_word' id='word_1_36' title='bbox 2054 823 2126 868; x_wconf 81' lang='lat' dir='ltr'><strong>xl</strong></span> <span class='ocrx_word' id='word_1_37' title='bbox 2171 797 2452 869; x_wconf 83' lang='lat' dir='ltr'><strong>kalend.</strong></span> <span class='ocrx_word' id='word_1_38' title='bbox 2505 814 2712 871; x_wconf 85' lang='lat' dir='ltr'><strong>mart.</strong></span> 
     </span>
     <span class='ocr_line' id='line_1_6' title="bbox 590 905 2717 1006; baseline 0.002 -32"><span class='ocrx_word' id='word_1_39' title='bbox 590 939 623 974; x_wconf 80' lang='grc' dir='ltr'><em>α</em></span> <span class='ocrx_word' id='word_1_40' title='bbox 652 913 803 1006; x_wconf 87' lang='lat' dir='ltr'><strong>Ego</strong></span> <span class='ocrx_word' id='word_1_41' title='bbox 840 932 1012 979; x_wconf 89' lang='lat' dir='ltr'><strong>vero</strong></span> <span class='ocrx_word' id='word_1_42' title='bbox 1054 905 1254 978; x_wconf 86' lang='lat' dir='ltr'><strong>nulla</strong></span> <span class='ocrx_word' id='word_1_43' title='bbox 1291 906 1594 1004; x_wconf 89' lang='lat' dir='ltr'><strong>epistola</strong></span> <span class='ocrx_word' id='word_1_44' title='bbox 1644 906 2062 1005; x_wconf 85' lang='lat' dir='ltr'><strong>significavi,</strong></span> <span class='ocrx_word' id='word_1_45' title='bbox 2119 908 2178 978; x_wconf 90' lang='lat' dir='ltr'><strong>si</strong></span> <span class='ocrx_word' id='word_1_46' title='bbox 2213 913 2466 980; x_wconf 87' lang='lat' dir='ltr'><strong>Cnaeus</strong></span> <span class='ocrx_word' id='word_1_47' title='bbox 2513 908 2717 979; x_wconf 87' lang='lat' dir='ltr'><strong>Italia</strong></span> 
     </span>
     <span class='ocr_line' id='line_1_7' title="bbox 591 1016 2714 1116; baseline -0.001 -24"><span class='ocrx_word' id='word_1_48' title='bbox 591 1019 923 1108; x_wconf 89' lang='lat' dir='ltr'><strong>cederet,</strong></span> <span class='ocrx_word' id='word_1_49' title='bbox 983 1031 1068 1087; x_wconf 86' lang='lat' dir='ltr'><strong>ut</strong></span> <span class='ocrx_word' id='word_1_50' title='bbox 1106 1031 1187 1089; x_wconf 89' lang='lat' dir='ltr'><strong>tu</strong></span> <span class='ocrx_word' id='word_1_51' title='bbox 1236 1042 1384 1088; x_wconf 90' lang='lat' dir='ltr'><strong>una</strong></span> <span class='ocrx_word' id='word_1_52' title='bbox 1419 1017 1745 1105; x_wconf 83' lang='lat' dir='ltr'><strong>cederes3</strong></span> <span class='ocrx_word' id='word_1_53' title='bbox 1785 1032 1947 1107; x_wconf 82' lang='lat' dir='ltr'><strong>aut,</strong></span> <span class='ocrx_word' id='word_1_54' title='bbox 2000 1021 2056 1089; x_wconf 91' lang='lat' dir='ltr'><strong>si</strong></span> <span class='ocrx_word' id='word_1_55' title='bbox 2101 1016 2525 1116; x_wconf 86' lang='lat' dir='ltr'><strong>significavi,</strong></span> <span class='ocrx_word' id='word_1_56' title='bbox 2567 1045 2714 1090; x_wconf 90' lang='lat' dir='ltr'><strong>non</strong></span> 
     </span>
     <span class='ocr_line' id='line_1_8' title="bbox 584 1127 2714 1227; baseline -0.001 -27"><span class='ocrx_word' id='word_1_57' title='bbox 584 1129 754 1200; x_wconf 89' lang='lat' dir='ltr'><strong>dico</strong></span> <span class='ocrx_word' id='word_1_58' title='bbox 788 1127 894 1199; x_wconf 84' lang='lat' dir='ltr'><strong>fui</strong></span> <span class='ocrx_word' id='word_1_59' title='bbox 926 1130 1371 1215; x_wconf 77' lang='lat' dir='ltr'><strong>inconstanS,</strong></span> <span class='ocrx_word' id='word_1_60' title='bbox 1421 1127 1548 1200; x_wconf 91' lang='lat' dir='ltr'><strong>sed</strong></span> <span class='ocrx_word' id='word_1_61' title='bbox 1586 1128 1880 1200; x_wconf 90' lang='lat' dir='ltr'><strong>demens</strong></span> <span class='ocrx_word' id='word_1_62' title='bbox 1909 1159 1961 1199; x_wconf 72' lang='lat' dir='ltr'><strong>n.</strong></span> <span class='ocrx_word' id='word_1_63' title='bbox 2001 1134 2090 1199; x_wconf 89' lang='lat' dir='ltr'><strong>In</strong></span> <span class='ocrx_word' id='word_1_64' title='bbox 2130 1127 2380 1200; x_wconf 88' lang='lat' dir='ltr'><strong>eadem</strong></span> <span class='ocrx_word' id='word_1_65' title='bbox 2417 1129 2714 1227; x_wconf 90' lang='lat' dir='ltr'><strong>epistola</strong></span> 
     </span>
     <span class='ocr_line' id='line_1_9' title="bbox 588 1236 2716 1336; baseline 0 -28"><span class='ocrx_word' id='word_1_66' title='bbox 588 1237 733 1308; x_wconf 83' lang='lat' dir='ltr'><strong>alio</strong></span> <span class='ocrx_word' id='word_1_67' title='bbox 762 1237 924 1308; x_wconf 92' lang='lat' dir='ltr'><strong>loco</strong></span> <span class='ocrx_word' id='word_1_68' title='bbox 947 1291 965 1324; x_wconf 92' lang='lat'>‚</span> <span class='ocrx_word' id='word_1_69' title='bbox 992 1266 1027 1303; x_wconf 79' lang='grc' dir='ltr'><strong>α</strong></span> <span class='ocrx_word' id='word_1_70' title='bbox 1052 1236 1245 1309; x_wconf 90' lang='lat' dir='ltr'><strong>Nihil</strong></span> <span class='ocrx_word' id='word_1_71' title='bbox 1277 1237 1753 1336; x_wconf 87' lang='lat' dir='ltr'><strong>relinquitur,</strong></span> <span class='ocrx_word' id='word_1_72' title='bbox 1783 1241 1920 1309; x_wconf 91' lang='lat' dir='ltr'><strong>nisi</strong></span> <span class='ocrx_word' id='word_1_73' title='bbox 1946 1236 2111 1335; x_wconf 85' lang='lat' dir='ltr'><strong>fuga</strong></span> <span class='ocrx_word' id='word_1_74' title='bbox 2143 1266 2159 1309; x_wconf 75' lang='grc' dir='ltr'><strong>ε</strong></span> <span class='ocrx_word' id='word_1_75' title='bbox 2193 1244 2308 1310; x_wconf 91' lang='lat' dir='ltr'><strong>cui</strong></span> <span class='ocrx_word' id='word_1_76' title='bbox 2335 1253 2408 1310; x_wconf 89' lang='lat' dir='ltr'><strong>te</strong></span> <span class='ocrx_word' id='word_1_77' title='bbox 2439 1242 2716 1311; x_wconf 86' lang='lat' dir='ltr'><strong>socium</strong></span> 
     </span>
     <span class='ocr_line' id='line_1_10' title="bbox 587 1345 2710 1446; baseline 0.001 -30"><span class='ocrx_word' id='word_1_78' title='bbox 587 1345 1014 1442; x_wconf 79' lang='lat' dir='ltr'><strong>neutiquam</strong></span> <span class='ocrx_word' id='word_1_79' title='bbox 1053 1361 1235 1443; x_wconf 89' lang='lat' dir='ltr'><strong>puto</strong></span> <span class='ocrx_word' id='word_1_80' title='bbox 1272 1371 1424 1419; x_wconf 88' lang='lat' dir='ltr'><strong>esse</strong></span> <span class='ocrx_word' id='word_1_81' title='bbox 1458 1361 1826 1445; x_wconf 80' lang='lat' dir='ltr'><strong>oportere,</strong></span> <span class='ocrx_word' id='word_1_82' title='bbox 1854 1372 1990 1419; x_wconf 91' lang='lat' dir='ltr'><strong>nec</strong></span> <span class='ocrx_word' id='word_1_83' title='bbox 2013 1373 2362 1446; x_wconf 89' lang='lat' dir='ltr'><strong>umquam</strong></span> <span class='ocrx_word' id='word_1_84' title='bbox 2391 1351 2638 1446; x_wconf 86' lang='lat' dir='ltr'><strong>putavi</strong></span> <span class='ocrx_word' id='word_1_85' title='bbox 2657 1383 2710 1419; x_wconf 73' lang='lat'><strong>›³-</strong></span> 
     </span>
     <span class='ocr_line' id='line_1_11' title="bbox 595 1455 2717 1548; baseline 0.001 -23"><span class='ocrx_word' id='word_1_86' title='bbox 595 1459 849 1526; x_wconf 84' lang='lat' dir='ltr'><strong>Totam</strong></span> <span class='ocrx_word' id='word_1_87' title='bbox 888 1469 1127 1526; x_wconf 86' lang='lat' dir='ltr'><strong>autem</strong></span> <span class='ocrx_word' id='word_1_88' title='bbox 1165 1455 1352 1527; x_wconf 85' lang='lat' dir='ltr'><strong>hanc</strong></span> <span class='ocrx_word' id='word_1_89' title='bbox 1384 1456 1981 1529; x_wconf 86' lang='lat' dir='ltr'><strong>deliberationem</strong></span> <span class='ocrx_word' id='word_1_90' title='bbox 2011 1458 2280 1528; x_wconf 86' lang='lat' dir='ltr'><strong>evolvis</strong></span> <span class='ocrx_word' id='word_1_91' title='bbox 2316 1460 2717 1548; x_wconf 75' lang='lat' dir='ltr'><strong>accuratius</strong></span> 
     </span>
     <span class='ocr_line' id='line_1_12' title="bbox 590 1553 2718 1664; baseline 0.001 -29"><span class='ocrx_word' id='word_1_92' title='bbox 590 1566 667 1637; x_wconf 90' lang='lat' dir='ltr'><strong>in</strong></span> <span class='ocrx_word' id='word_1_93' title='bbox 701 1565 921 1637; x_wconf 81' lang='lat' dir='ltr'><strong>literis</strong></span> <span class='ocrx_word' id='word_1_94' title='bbox 947 1591 1048 1637; x_wconf 84' lang='lat' dir='ltr'><strong>nx</strong></span> <span class='ocrx_word' id='word_1_95' title='bbox 1080 1565 1363 1638; x_wconf 85' lang='lat' dir='ltr'><strong>kalend.</strong></span> <span class='ocrx_word' id='word_1_96' title='bbox 1420 1553 1628 1638; x_wconf 83' lang='lat' dir='ltr'><strong>mart.</strong></span> <span class='ocrx_word' id='word_1_97' title='bbox 1684 1565 1864 1638; x_wconf 87' lang='lat' dir='ltr'><strong>datis</strong></span> <span class='ocrx_word' id='word_1_98' title='bbox 1917 1594 1931 1636; x_wconf 75' lang='grc' dir='ltr'><strong>ε</strong></span> <span class='ocrx_word' id='word_1_99' title='bbox 1967 1597 2002 1632; x_wconf 80' lang='grc' dir='ltr'><em>α</em></span> <span class='ocrx_word' id='word_1_100' title='bbox 2027 1569 2100 1637; x_wconf 91' lang='lat' dir='ltr'><strong>Si</strong></span> <span class='ocrx_word' id='word_1_101' title='bbox 2135 1565 2250 1636; x_wconf 90' lang='grc' dir='ltr'><strong>Μ’.</strong></span> <span class='ocrx_word' id='word_1_102' title='bbox 2287 1565 2607 1664; x_wconf 89' lang='lat' dir='ltr'><strong>Lepidus</strong></span> <span class='ocrx_word' id='word_1_103' title='bbox 2646 1581 2718 1637; x_wconf 90' lang='lat' dir='ltr'><strong>et</strong></span> 
     </span>
     <span class='ocr_line' id='line_1_13' title="bbox 588 1675 2717 1774; baseline -0.001 -26"><span class='ocrx_word' id='word_1_104' title='bbox 588 1681 669 1748; x_wconf 91' lang='lat' dir='ltr'><strong>L.</strong></span> <span class='ocrx_word' id='word_1_105' title='bbox 736 1676 1102 1748; x_wconf 87' lang='lat' dir='ltr'><strong>Volcatius</strong></span> <span class='ocrx_word' id='word_1_106' title='bbox 1162 1692 1581 1766; x_wconf 89' lang='lat' dir='ltr'><strong>remanent,</strong></span> <span class='ocrx_word' id='word_1_107' title='bbox 1621 1675 2064 1748; x_wconf 90' lang='lat' dir='ltr'><strong>manendum</strong></span> <span class='ocrx_word' id='word_1_108' title='bbox 2111 1693 2328 1774; x_wconf 92' lang='lat' dir='ltr'><strong>put0,</strong></span> <span class='ocrx_word' id='word_1_109' title='bbox 2365 1679 2464 1747; x_wconf 89' lang='lat' dir='ltr'><strong>ita</strong></span> <span class='ocrx_word' id='word_1_110' title='bbox 2505 1692 2627 1760; x_wconf 84' lang='lat' dir='ltr'><strong>ut,</strong></span> <span class='ocrx_word' id='word_1_111' title='bbox 2659 1678 2717 1748; x_wconf 90' lang='lat' dir='ltr'><strong>si</strong></span> 
     </span>
     <span class='ocr_line' id='line_1_14' title="bbox 590 1784 2718 1883; baseline 0 -25"><span class='ocrx_word' id='word_1_112' title='bbox 590 1785 825 1858; x_wconf 86' lang='lat' dir='ltr'><strong>salvus</strong></span> <span class='ocrx_word' id='word_1_113' title='bbox 890 1787 980 1856; x_wconf 92' lang='lat' dir='ltr'><strong>sit</strong></span> <span class='ocrx_word' id='word_1_114' title='bbox 1043 1789 1433 1883; x_wconf 89' lang='lat' dir='ltr'><strong>Pompeius</strong></span> <span class='ocrx_word' id='word_1_115' title='bbox 1472 1843 1491 1874; x_wconf 98' lang='lat'><strong>,</strong></span> <span class='ocrx_word' id='word_1_116' title='bbox 1562 1803 1635 1859; x_wconf 87' lang='lat' dir='ltr'><strong>et</strong></span> <span class='ocrx_word' id='word_1_117' title='bbox 1688 1789 2091 1858; x_wconf 86' lang='lat' dir='ltr'><strong>constiterit</strong></span> <span class='ocrx_word' id='word_1_118' title='bbox 2167 1784 2469 1875; x_wconf 89' lang='lat' dir='ltr'><strong>alicubi,</strong></span> <span class='ocrx_word' id='word_1_119' title='bbox 2527 1786 2718 1858; x_wconf 90' lang='lat' dir='ltr'><strong>hanc</strong></span> 
     </span>
     <span class='ocr_line' id='line_1_15' title="bbox 583 1887 2716 1988; baseline 0.001 -26"><span class='ocrx_word' id='word_1_120' title='bbox 583 1895 817 1964; x_wconf 78' lang='grc' dir='ltr'><strong>νεκυίαν</strong></span> <span class='ocrx_word' id='word_1_121' title='bbox 835 1887 901 1938; x_wconf 78' lang='lat'><strong>²⁸</strong></span> <span class='ocrx_word' id='word_1_122' title='bbox 939 1892 1329 1988; x_wconf 80' lang='lat' dir='ltr'><strong>relinquaS,</strong></span> <span class='ocrx_word' id='word_1_123' title='bbox 1346 1908 1419 1963; x_wconf 91' lang='lat' dir='ltr'><strong>et</strong></span> <span class='ocrx_word' id='word_1_124' title='bbox 1454 1908 1526 1964; x_wconf 91' lang='lat' dir='ltr'><strong>te</strong></span> <span class='ocrx_word' id='word_1_125' title='bbox 1562 1897 1636 1962; x_wconf 90' lang='lat' dir='ltr'><strong>in</strong></span> <span class='ocrx_word' id='word_1_126' title='bbox 1667 1898 2055 1964; x_wconf 88' lang='lat' dir='ltr'><strong>certamine</strong></span> <span class='ocrx_word' id='word_1_127' title='bbox 2093 1895 2279 1963; x_wconf 89' lang='lat' dir='ltr'><strong>vinci</strong></span> <span class='ocrx_word' id='word_1_128' title='bbox 2318 1918 2486 1964; x_wconf 91' lang='lat' dir='ltr'><strong>cum</strong></span> <span class='ocrx_word' id='word_1_129' title='bbox 2518 1893 2716 1964; x_wconf 78' lang='lat' dir='ltr'><strong>illo²⁹</strong></span> 
     </span>
     <span class='ocr_line' id='line_1_16' title="bbox 584 2000 2714 2100; baseline 0.001 -29"><span class='ocrx_word' id='word_1_130' title='bbox 584 2000 859 2074; x_wconf 87' lang='lat' dir='ltr'><strong>facilius</strong></span> <span class='ocrx_word' id='word_1_131' title='bbox 895 2002 1181 2100; x_wconf 85' lang='lat' dir='ltr'><strong>patiaris</strong></span> <span class='ocrx_word' id='word_1_132' title='bbox 1202 2055 1221 2088; x_wconf 90' lang='lat'><strong>,</strong></span> <span class='ocrx_word' id='word_1_133' title='bbox 1257 2027 1475 2098; x_wconf 85' lang='lat' dir='ltr'><strong>quam</strong></span> <span class='ocrx_word' id='word_1_134' title='bbox 1506 2025 1674 2073; x_wconf 88' lang='lat' dir='ltr'><strong>cum</strong></span> <span class='ocrx_word' id='word_1_135' title='bbox 1710 2001 1853 2072; x_wconf 93' lang='lat' dir='ltr'><strong>hoc</strong></span> <span class='ocrx_word' id='word_1_136' title='bbox 1893 2003 1968 2071; x_wconf 91' lang='lat' dir='ltr'><strong>in</strong></span> <span class='ocrx_word' id='word_1_137' title='bbox 2013 2026 2130 2088; x_wconf 91' lang='lat' dir='ltr'><strong>ea,</strong></span> <span class='ocrx_word' id='word_1_138' title='bbox 2181 2027 2343 2098; x_wconf 87' lang='lat' dir='ltr'><strong>quae</strong></span> <span class='ocrx_word' id='word_1_139' title='bbox 2367 2004 2714 2099; x_wconf 88' lang='lat' dir='ltr'><strong>perspici—</strong></span> 
     </span>
     <span class='ocr_line' id='line_1_17' title="bbox 586 2109 2718 2210; baseline -0 -27"><span class='ocrx_word' id='word_1_140' title='bbox 586 2127 708 2183; x_wconf 84' lang='lat' dir='ltr'><strong>tur</strong></span> <span class='ocrx_word' id='word_1_141' title='bbox 750 2111 1034 2200; x_wconf 84' lang='lat' dir='ltr'><strong>futura,</strong></span> <span class='ocrx_word' id='word_1_142' title='bbox 1075 2112 1384 2183; x_wconf 86' lang='lat' dir='ltr'><strong>colluvie</strong></span> <span class='ocrx_word' id='word_1_143' title='bbox 1436 2112 1740 2210; x_wconf 77' lang='lat' dir='ltr'><strong>regnare</strong></span> <span class='ocrx_word' id='word_1_144' title='bbox 1777 2141 1831 2180; x_wconf 73' lang='lat' dir='ltr'><strong>n.</strong></span> <span class='ocrx_word' id='word_1_145' title='bbox 1889 2111 2121 2182; x_wconf 91' lang='lat' dir='ltr'><strong>Multa</strong></span> <span class='ocrx_word' id='word_1_146' title='bbox 2177 2109 2500 2208; x_wconf 88' lang='lat' dir='ltr'><strong>disputas</strong></span> <span class='ocrx_word' id='word_1_147' title='bbox 2549 2111 2718 2182; x_wconf 88' lang='lat' dir='ltr'><strong>huic</strong></span> 
     </span>
    </p>
   </div>
   <div class='ocr_carea' id='block_1_2' title="bbox 476 2220 2716 2312">
    <p class='ocr_par' dir='ltr' id='par_1_3' title="bbox 476 2220 2716 2312">
     <span class='ocr_line' id='line_1_18' title="bbox 476 2220 2716 2312; baseline 0 -22"><span class='ocrx_word' id='word_1_148' title='bbox 476 2293 485 2302; x_wconf 73' lang='grc'><strong>,</strong></span> <span class='ocrx_word' id='word_1_149' title='bbox 583 2222 952 2290; x_wconf 82' lang='lat' dir='ltr'><strong>sententiae</strong></span> <span class='ocrx_word' id='word_1_150' title='bbox 987 2220 1511 2291; x_wconf 85' lang='lat' dir='ltr'><strong>convenientia.</strong></span> <span class='ocrx_word' id='word_1_151' title='bbox 1542 2221 1717 2292; x_wconf 91' lang='lat' dir='ltr'><strong>Inde</strong></span> <span class='ocrx_word' id='word_1_152' title='bbox 1749 2220 1840 2292; x_wconf 91' lang='lat' dir='ltr'><strong>ad</strong></span> <span class='ocrx_word' id='word_1_153' title='bbox 1867 2235 2266 2292; x_wconf 87' lang='lat' dir='ltr'><strong>extremum</strong></span> <span class='ocrx_word' id='word_1_154' title='bbox 2293 2247 2308 2290; x_wconf 72' lang='grc' dir='ltr'><strong>ε</strong></span> <span class='ocrx_word' id='word_1_155' title='bbox 2339 2249 2373 2286; x_wconf 76' lang='grc' dir='ltr'><em>α</em></span> <span class='ocrx_word' id='word_1_156' title='bbox 2394 2220 2590 2312; x_wconf 89' lang='lat' dir='ltr'><strong>Quid</strong></span> <span class='ocrx_word' id='word_1_157' title='bbox 2619 2225 2716 2307; x_wconf 90' lang='lat' dir='ltr'><strong>si,</strong></span> 
     </span>
    </p>
   </div>
   <div class='ocr_carea' id='block_1_3' title="bbox 581 2323 2717 2866">
    <p class='ocr_par' dir='ltr' id='par_1_4' title="bbox 581 2323 2717 2866">
     <span class='ocr_line' id='line_1_19' title="bbox 581 2323 2717 2425; baseline 0.001 -28"><span class='ocrx_word' id='word_1_158' title='bbox 581 2326 825 2423; x_wconf 89' lang='lat' dir='ltr'><strong>inquis</strong></span> <span class='ocrx_word' id='word_1_159' title='bbox 842 2380 861 2412; x_wconf 90' lang='lat'><strong>,</strong></span> <span class='ocrx_word' id='word_1_160' title='bbox 878 2323 1193 2423; x_wconf 89' lang='lat' dir='ltr'><strong>Lepidus</strong></span> <span class='ocrx_word' id='word_1_161' title='bbox 1223 2342 1292 2397; x_wconf 89' lang='lat' dir='ltr'><strong>et</strong></span> <span class='ocrx_word' id='word_1_162' title='bbox 1318 2327 1686 2399; x_wconf 88' lang='lat' dir='ltr'><strong>Volcatius</strong></span> <span class='ocrx_word' id='word_1_163' title='bbox 1706 2325 2130 2398; x_wconf 81' lang='lat' dir='ltr'><strong>discedunt?</strong></span> <span class='ocrx_word' id='word_1_164' title='bbox 2157 2327 2370 2425; x_wconf 89' lang='lat' dir='ltr'><strong>plane</strong></span> <span class='ocrx_word' id='word_1_165' title='bbox 2393 2331 2608 2424; x_wconf 80' lang='grc' dir='ltr'>ἀπορῶ</span> <span class='ocrx_word' id='word_1_166' title='bbox 2630 2326 2717 2399; x_wconf 79' lang='lat'><strong>30.</strong></span> 
     </span>
     <span class='ocr_line' id='line_1_20' title="bbox 584 2430 2712 2532; baseline 0 -29"><span class='ocrx_word' id='word_1_167' title='bbox 584 2431 802 2524; x_wconf 89' lang='lat' dir='ltr'><strong>Quod</strong></span> <span class='ocrx_word' id='word_1_168' title='bbox 840 2436 1162 2504; x_wconf 84' lang='lat' dir='ltr'><strong>evenerit</strong></span> <span class='ocrx_word' id='word_1_169' title='bbox 1198 2435 1417 2529; x_wconf 87' lang='lat' dir='ltr'><strong>igitur</strong></span> <span class='ocrx_word' id='word_1_170' title='bbox 1443 2487 1463 2522; x_wconf 96' lang='lat'><strong>,</strong></span> <span class='ocrx_word' id='word_1_171' title='bbox 1520 2448 1592 2504; x_wconf 90' lang='lat' dir='ltr'><strong>et</strong></span> <span class='ocrx_word' id='word_1_172' title='bbox 1634 2430 1836 2532; x_wconf 91' lang='lat' dir='ltr'><strong>quod</strong></span> <span class='ocrx_word' id='word_1_173' title='bbox 1871 2435 2097 2529; x_wconf 87' lang='lat' dir='ltr'><strong>egeris</strong></span> <span class='ocrx_word' id='word_1_174' title='bbox 2124 2486 2144 2519; x_wconf 92' lang='lat'><strong>,</strong></span> <span class='ocrx_word' id='word_1_175' title='bbox 2186 2431 2258 2505; x_wconf 92' lang='lat' dir='ltr'><strong>id</strong></span> <span class='ocrx_word' id='word_1_176' title='bbox 2295 2441 2619 2529; x_wconf 78' lang='grc' dir='ltr'><strong>στερκτέον</strong></span> <span class='ocrx_word' id='word_1_177' title='bbox 2650 2432 2712 2477; x_wconf 79' lang='lat'><strong>3¹</strong></span> 
     </span>
     <span class='ocr_line' id='line_1_21' title="bbox 581 2542 2714 2641; baseline 0 -27"><span class='ocrx_word' id='word_1_178' title='bbox 581 2543 928 2641; x_wconf 75' lang='lat' dir='ltr'><strong>putabo».</strong></span> <span class='ocrx_word' id='word_1_179' title='bbox 978 2546 1051 2614; x_wconf 89' lang='lat' dir='ltr'><strong>Si</strong></span> <span class='ocrx_word' id='word_1_180' title='bbox 1088 2558 1244 2613; x_wconf 88' lang='lat' dir='ltr'><strong>tum</strong></span> <span class='ocrx_word' id='word_1_181' title='bbox 1280 2544 1648 2615; x_wconf 88' lang='lat' dir='ltr'><strong>dubitaras</strong></span> <span class='ocrx_word' id='word_1_182' title='bbox 1669 2542 1731 2587; x_wconf 77' lang='lat'><strong>³²</strong></span> <span class='ocrx_word' id='word_1_183' title='bbox 1755 2598 1774 2631; x_wconf 91' lang='lat'><strong>,</strong></span> <span class='ocrx_word' id='word_1_184' title='bbox 1819 2568 2017 2613; x_wconf 90' lang='lat' dir='ltr'><strong>nunc</strong></span> <span class='ocrx_word' id='word_1_185' title='bbox 2058 2557 2251 2614; x_wconf 86' lang='lat' dir='ltr'><strong>certe</strong></span> <span class='ocrx_word' id='word_1_186' title='bbox 2307 2567 2456 2613; x_wconf 91' lang='lat' dir='ltr'><strong>non</strong></span> <span class='ocrx_word' id='word_1_187' title='bbox 2502 2542 2714 2614; x_wconf 89' lang='lat' dir='ltr'><strong>dubi-</strong></span> 
     </span>
     <span class='ocr_line' id='line_1_22' title="bbox 584 2651 2711 2752; baseline -0.001 -27"><span class='ocrx_word' id='word_1_188' title='bbox 584 2669 721 2738; x_wconf 78' lang='lat' dir='ltr'><strong>taS,</strong></span> <span class='ocrx_word' id='word_1_189' title='bbox 760 2656 916 2724; x_wconf 85' lang='lat' dir='ltr'><strong>istis</strong></span> <span class='ocrx_word' id='word_1_190' title='bbox 951 2652 1741 2726; x_wconf 87' lang='lat' dir='ltr'><strong>manentibus.Deinde</strong></span> <span class='ocrx_word' id='word_1_191' title='bbox 1773 2658 1851 2723; x_wconf 88' lang='lat' dir='ltr'><strong>in</strong></span> <span class='ocrx_word' id='word_1_192' title='bbox 1882 2656 2034 2752; x_wconf 89' lang='lat' dir='ltr'><strong>ipsa</strong></span> <span class='ocrx_word' id='word_1_193' title='bbox 2061 2651 2229 2749; x_wconf 86' lang='lat' dir='ltr'><strong>suga</strong></span> <span class='ocrx_word' id='word_1_194' title='bbox 2254 2676 2298 2722; x_wconf 89' lang='lat' dir='ltr'>v</span> <span class='ocrx_word' id='word_1_195' title='bbox 2321 2652 2459 2723; x_wconf 84' lang='lat' dir='ltr'><strong>kal.</strong></span> <span class='ocrx_word' id='word_1_196' title='bbox 2501 2670 2711 2725; x_wconf 89' lang='lat' dir='ltr'><strong>mart.</strong></span> 
     </span>
     <span class='ocr_line' id='line_1_23' title="bbox 584 2766 2714 2866; baseline -0 -30"><span class='ocrx_word' id='word_1_197' title='bbox 584 2796 616 2829; x_wconf 78' lang='grc' dir='ltr'><strong>α</strong></span> <span class='ocrx_word' id='word_1_198' title='bbox 634 2770 915 2837; x_wconf 88' lang='lat' dir='ltr'><strong>Interea</strong></span> <span class='ocrx_word' id='word_1_199' title='bbox 945 2791 1096 2836; x_wconf 89' lang='lat' dir='ltr'><strong>non</strong></span> <span class='ocrx_word' id='word_1_200' title='bbox 1128 2766 1385 2838; x_wconf 88' lang='lat' dir='ltr'><strong>dubito</strong></span> <span class='ocrx_word' id='word_1_201' title='bbox 1413 2821 1432 2856; x_wconf 96' lang='lat'><strong>,</strong></span> <span class='ocrx_word' id='word_1_202' title='bbox 1464 2767 1644 2866; x_wconf 92' lang='lat' dir='ltr'><strong>quin</strong></span> <span class='ocrx_word' id='word_1_203' title='bbox 1677 2768 1751 2837; x_wconf 90' lang='lat' dir='ltr'><strong>in</strong></span> <span class='ocrx_word' id='word_1_204' title='bbox 1772 2768 2152 2837; x_wconf 87' lang='lat' dir='ltr'><strong>Formiano</strong></span> <span class='ocrx_word' id='word_1_205' title='bbox 2185 2789 2570 2836; x_wconf 87' lang='lat' dir='ltr'><strong>mansurus</strong></span> <span class='ocrx_word' id='word_1_206' title='bbox 2599 2767 2714 2838; x_wconf 90' lang='lat' dir='ltr'><strong>sis.</strong></span> 
     </span>
    </p>
   </div>
   <div class='ocr_carea' id='block_1_4' title="bbox 578 2976 2716 4153">
    <p class='ocr_par' dir='ltr' id='par_1_5' title="bbox 578 2976 2716 4153">
     <span class='ocr_line' id='line_1_24' title="bbox 654 2976 2714 3047; baseline 0.002 -20"><span class='ocrx_word' id='word_1_207' title='bbox 654 2996 738 3042; x_wconf 80' lang='lat'><strong>²7·</strong></span> <span class='ocrx_word' id='word_1_208' title='bbox 800 2976 1121 3047; x_wconf 75' lang='grc' dir='ltr'><strong>Γενοιῶτερον.</strong></span> <span class='ocrx_word' id='word_1_209' title='bbox 1172 2980 1452 3029; x_wconf 71' lang='lat' dir='ltr'><strong>Geeeeralius</strong></span> <span class='ocrx_word' id='word_1_210' title='bbox 1470 3016 1486 3038; x_wconf 89' lang='lat'><strong>,</strong></span> <span class='ocrx_word' id='word_1_211' title='bbox 1546 2993 1603 3029; x_wconf 81' lang='lat' dir='ltr'><strong>ut</strong></span> <span class='ocrx_word' id='word_1_212' title='bbox 1688 2980 1978 3029; x_wconf 78' lang='lat' dir='ltr'><strong>contrariam</strong></span> <span class='ocrx_word' id='word_1_213' title='bbox 1992 2990 2178 3044; x_wconf 75' lang='lat' dir='ltr'><strong>partem</strong></span> <span class='ocrx_word' id='word_1_214' title='bbox 2193 2980 2412 3044; x_wconf 74' lang='lat' dir='ltr'><strong>accipere</strong></span> <span class='ocrx_word' id='word_1_215' title='bbox 2430 2982 2604 3046; x_wconf 85' lang='lat' dir='ltr'><strong>possit.</strong></span> <span class='ocrx_word' id='word_1_216' title='bbox 2623 2986 2714 3032; x_wconf 85' lang='lat' dir='ltr'><strong>En.</strong></span> 
     </span>
     <span class='ocr_line' id='line_1_25' title="bbox 578 3057 2713 3129; baseline 0 -21"><span class='ocrx_word' id='word_1_217' title='bbox 578 3062 772 3129; x_wconf 77' lang='grc' dir='ltr'><strong>γενικῶς</strong></span> <span class='ocrx_word' id='word_1_218' title='bbox 798 3076 875 3124; x_wconf 87' lang='lat' dir='ltr'><strong>ep.</strong></span> <span class='ocrx_word' id='word_1_219' title='bbox 910 3076 990 3119; x_wconf 75' lang='grc' dir='ltr'><strong>ιτ,</strong></span> <span class='ocrx_word' id='word_1_220' title='bbox 1013 3058 1101 3107; x_wconf 90' lang='lat' dir='ltr'><strong>lib.</strong></span> <span class='ocrx_word' id='word_1_221' title='bbox 1128 3062 1168 3109; x_wconf 92' lang='lat'><strong>1.</strong></span> <span class='ocrx_word' id='word_1_222' title='bbox 1198 3060 1442 3109; x_wconf 77' lang='lat' dir='ltr'><strong>Corradus</strong></span> <span class='ocrx_word' id='word_1_223' title='bbox 1468 3060 1604 3108; x_wconf 74' lang='lat' dir='ltr'><strong>malit</strong></span> <span class='ocrx_word' id='word_1_224' title='bbox 1764 3060 1846 3107; x_wconf 81' lang='lat'><strong>28.</strong></span> <span class='ocrx_word' id='word_1_225' title='bbox 1882 3057 2104 3108; x_wconf 76' lang='grc' dir='ltr'><strong>Νεκυίαν.</strong></span> <span class='ocrx_word' id='word_1_226' title='bbox 2147 3060 2458 3107; x_wconf 72' lang='lat' dir='ltr'><strong>Mox-tuorum</strong></span> <span class='ocrx_word' id='word_1_227' title='bbox 2491 3061 2713 3121; x_wconf 77' lang='lat' dir='ltr'><strong>turbam,</strong></span> 
     </span>
     <span class='ocr_line' id='line_1_26' title="bbox 582 3138 2713 3208; baseline 0.002 -23"><span class='ocrx_word' id='word_1_228' title='bbox 582 3138 737 3204; x_wconf 70' lang='lat' dir='ltr'><strong>magis</strong></span> <span class='ocrx_word' id='word_1_229' title='bbox 759 3155 1007 3204; x_wconf 76' lang='lat' dir='ltr'><strong>generose.</strong></span> <span class='ocrx_word' id='word_1_230' title='bbox 1040 3138 1163 3186; x_wconf 71' lang='lat' dir='ltr'><strong>Nam</strong></span> <span class='ocrx_word' id='word_1_231' title='bbox 1185 3139 1355 3187; x_wconf 77' lang='lat' dir='ltr'><strong>suidas</strong></span> <span class='ocrx_word' id='word_1_232' title='bbox 1376 3143 1598 3208; x_wconf 75' lang='grc' dir='ltr'><strong>γενικῶς,</strong></span> <span class='ocrx_word' id='word_1_233' title='bbox 1688 3138 1788 3187; x_wconf 83' lang='lat' dir='ltr'><strong>hoc</strong></span> <span class='ocrx_word' id='word_1_234' title='bbox 1814 3150 1918 3197; x_wconf 86' lang='lat' dir='ltr'><strong>est,</strong></span> <span class='ocrx_word' id='word_1_235' title='bbox 1945 3138 2238 3201; x_wconf 69' lang='lat' dir='ltr'><strong>flagitiosum</strong></span> <span class='ocrx_word' id='word_1_236' title='bbox 2273 3138 2474 3189; x_wconf 73' lang='lat' dir='ltr'><strong>Caesnris</strong></span> <span class='ocrx_word' id='word_1_237' title='bbox 2509 3142 2713 3189; x_wconf 76' lang='lat' dir='ltr'><strong>comita-</strong></span> 
     </span>
     <span class='ocr_line' id='line_1_27' title="bbox 580 3214 2716 3291; baseline 0.001 -24"><span class='ocrx_word' id='word_1_238' title='bbox 580 3214 802 3291; x_wconf 74' lang='grc' dir='ltr'><strong>γενναίως</strong></span> <span class='ocrx_word' id='word_1_239' title='bbox 815 3255 829 3278; x_wconf 94' lang='grc'><strong>,</strong></span> <span class='ocrx_word' id='word_1_240' title='bbox 843 3214 926 3267; x_wconf 80' lang='grc' dir='ltr'><strong>καὶ</strong></span> <span class='ocrx_word' id='word_1_241' title='bbox 946 3218 1144 3285; x_wconf 83' lang='grc' dir='ltr'><strong>ἰσχυρῶς</strong></span> <span class='ocrx_word' id='word_1_242' title='bbox 1161 3219 1377 3283; x_wconf 81' lang='lat' dir='ltr'><strong>exponit.</strong></span> <span class='ocrx_word' id='word_1_243' title='bbox 1397 3222 1461 3267; x_wconf 87' lang='lat' dir='ltr'><strong>Et</strong></span> <span class='ocrx_word' id='word_1_244' title='bbox 1477 3220 1601 3268; x_wconf 80' lang='lat' dir='ltr'><strong>Pht.</strong></span> <span class='ocrx_word' id='word_1_245' title='bbox 1691 3228 1794 3265; x_wconf 86' lang='lat' dir='ltr'><strong>tum</strong></span> <span class='ocrx_word' id='word_1_246' title='bbox 1813 3232 1827 3265; x_wconf 92' lang='lat'><strong>:</strong></span> <span class='ocrx_word' id='word_1_247' title='bbox 1853 3218 1991 3281; x_wconf 86' lang='lat' dir='ltr'><strong>quod</strong></span> <span class='ocrx_word' id='word_1_248' title='bbox 2007 3217 2070 3265; x_wconf 76' lang='lat' dir='ltr'><strong>ad</strong></span> <span class='ocrx_word' id='word_1_249' title='bbox 2086 3218 2321 3267; x_wconf 71' lang='lat' dir='ltr'><strong>Caesarem</strong></span> <span class='ocrx_word' id='word_1_250' title='bbox 2343 3220 2681 3281; x_wconf 75' lang='lat' dir='ltr'><strong>egentissimus</strong></span> <span class='ocrx_word' id='word_1_251' title='bbox 2700 3256 2716 3281; x_wconf 91' lang='lat'><strong>,</strong></span> 
     </span>
     <span class='ocr_line' id='line_1_28' title="bbox 580 3290 2716 3367; baseline 0.001 -21"><span class='ocrx_word' id='word_1_252' title='bbox 580 3300 634 3346; x_wconf 89' lang='lat' dir='ltr'><strong>in</strong></span> <span class='ocrx_word' id='word_1_253' title='bbox 650 3297 837 3346; x_wconf 73' lang='lat' dir='ltr'><strong>Theaet.</strong></span> <span class='ocrx_word' id='word_1_254' title='bbox 865 3297 1041 3367; x_wconf 63' lang='grc' dir='ltr'><strong>γενικὸν</strong></span> <span class='ocrx_word' id='word_1_255' title='bbox 1065 3290 1223 3365; x_wconf 69' lang='grc' dir='ltr'><strong>ἄνδρα</strong></span> <span class='ocrx_word' id='word_1_256' title='bbox 1246 3307 1406 3345; x_wconf 76' lang='lat' dir='ltr'><strong>vocat.</strong></span> <span class='ocrx_word' id='word_1_257' title='bbox 1440 3300 1602 3361; x_wconf 82' lang='lat' dir='ltr'><strong>Atque</strong></span> <span class='ocrx_word' id='word_1_258' title='bbox 1691 3308 1741 3345; x_wconf 84' lang='lat' dir='ltr'><strong>et</strong></span> <span class='ocrx_word' id='word_1_259' title='bbox 1763 3296 2114 3363; x_wconf 71' lang='lat' dir='ltr'><strong>perditissimus</strong></span> <span class='ocrx_word' id='word_1_260' title='bbox 2139 3296 2342 3359; x_wconf 80' lang='lat' dir='ltr'><strong>quisque</strong></span> <span class='ocrx_word' id='word_1_261' title='bbox 2367 3298 2437 3345; x_wconf 78' lang='lat' dir='ltr'><strong>ita</strong></span> <span class='ocrx_word' id='word_1_262' title='bbox 2464 3298 2716 3349; x_wconf 77' lang='lat' dir='ltr'><strong>confluxe-</strong></span> 
     </span>
     <span class='ocr_line' id='line_1_29' title="bbox 582 3374 2716 3445; baseline 0.002 -21"><span class='ocrx_word' id='word_1_263' title='bbox 582 3376 772 3424; x_wconf 82' lang='lat' dir='ltr'><strong>Atticus</strong></span> <span class='ocrx_word' id='word_1_264' title='bbox 798 3376 1081 3425; x_wconf 82' lang='lat' dir='ltr'><strong>Ciceronem</strong></span> <span class='ocrx_word' id='word_1_265' title='bbox 1105 3374 1404 3445; x_wconf 77' lang='grc' dir='ltr'><strong>γενικώτερον</strong></span> <span class='ocrx_word' id='word_1_266' title='bbox 1430 3376 1599 3426; x_wconf 83' lang='lat' dir='ltr'><strong>horta·</strong></span> <span class='ocrx_word' id='word_1_267' title='bbox 1691 3386 1764 3423; x_wconf 77' lang='lat' dir='ltr'><strong>rat</strong></span> <span class='ocrx_word' id='word_1_268' title='bbox 1782 3410 1798 3435; x_wconf 91' lang='lat'><strong>,</strong></span> <span class='ocrx_word' id='word_1_269' title='bbox 1815 3387 1871 3423; x_wconf 89' lang='lat' dir='ltr'><strong>ut</strong></span> <span class='ocrx_word' id='word_1_270' title='bbox 1893 3376 1958 3423; x_wconf 74' lang='lat' dir='ltr'><strong>sd</strong></span> <span class='ocrx_word' id='word_1_271' title='bbox 1983 3376 2210 3441; x_wconf 80' lang='lat' dir='ltr'><strong>Ulyssem</strong></span> <span class='ocrx_word' id='word_1_272' title='bbox 2227 3410 2240 3433; x_wconf 90' lang='lat'><strong>,</strong></span> <span class='ocrx_word' id='word_1_273' title='bbox 2265 3390 2415 3437; x_wconf 84' lang='lat' dir='ltr'><strong>quum</strong></span> <span class='ocrx_word' id='word_1_274' title='bbox 2441 3376 2506 3423; x_wconf 74' lang='lat' dir='ltr'><strong>sd</strong></span> <span class='ocrx_word' id='word_1_275' title='bbox 2527 3378 2716 3427; x_wconf 79' lang='lat' dir='ltr'><strong>inferos</strong></span> 
     </span>
     <span class='ocr_line' id='line_1_30' title="bbox 580 3453 2716 3515; baseline 0.002 -12"><span class='ocrx_word' id='word_1_276' title='bbox 580 3466 660 3503; x_wconf 87' lang='lat' dir='ltr'><strong>tus</strong></span> <span class='ocrx_word' id='word_1_277' title='bbox 701 3455 855 3503; x_wconf 77' lang='lat' dir='ltr'><strong>suerat</strong></span> <span class='ocrx_word' id='word_1_278' title='bbox 896 3455 961 3502; x_wconf 79' lang='lat' dir='ltr'><strong>sd</strong></span> <span class='ocrx_word' id='word_1_279' title='bbox 1008 3456 1287 3504; x_wconf 78' lang='lat' dir='ltr'><strong>memoriam</strong></span> <span class='ocrx_word' id='word_1_280' title='bbox 1331 3456 1594 3515; x_wconf 74' lang='lat' dir='ltr'><strong>factorum,</strong></span> <span class='ocrx_word' id='word_1_281' title='bbox 1691 3454 2032 3513; x_wconf 82' lang='lat' dir='ltr'><strong>descendisset,</strong></span> <span class='ocrx_word' id='word_1_282' title='bbox 2046 3453 2336 3502; x_wconf 81' lang='lat' dir='ltr'><strong>confluxisse</strong></span> <span class='ocrx_word' id='word_1_283' title='bbox 2355 3466 2582 3505; x_wconf 85' lang='lat' dir='ltr'><strong>mortuos</strong></span> <span class='ocrx_word' id='word_1_284' title='bbox 2599 3460 2716 3507; x_wconf 85' lang='lat' dir='ltr'><strong>scri-</strong></span> 
     </span>
     <span class='ocr_line' id='line_1_31' title="bbox 585 3534 2711 3599; baseline 0.002 -17"><span class='ocrx_word' id='word_1_285' title='bbox 585 3534 855 3593; x_wconf 81' lang='lat' dir='ltr'><strong>dietorum,</strong></span> <span class='ocrx_word' id='word_1_286' title='bbox 904 3544 949 3581; x_wconf 87' lang='lat' dir='ltr'><strong>et</strong></span> <span class='ocrx_word' id='word_1_287' title='bbox 994 3534 1286 3599; x_wconf 81' lang='lat' dir='ltr'><strong>scriptorum</strong></span> <span class='ocrx_word' id='word_1_288' title='bbox 1316 3549 1329 3581; x_wconf 91' lang='lat'><strong>:</strong></span> <span class='ocrx_word' id='word_1_289' title='bbox 1368 3536 1507 3599; x_wconf 82' lang='lat' dir='ltr'><strong>epist.</strong></span> <span class='ocrx_word' id='word_1_290' title='bbox 1541 3552 1600 3595; x_wconf 79' lang='lat'><strong>2,</strong></span> <span class='ocrx_word' id='word_1_291' title='bbox 1689 3534 1762 3583; x_wconf 89' lang='lat' dir='ltr'><strong>bit</strong></span> <span class='ocrx_word' id='word_1_292' title='bbox 1799 3537 2070 3594; x_wconf 80' lang='lat' dir='ltr'><strong>Homerus,</strong></span> <span class='ocrx_word' id='word_1_293' title='bbox 2102 3534 2282 3598; x_wconf 77' lang='lat' dir='ltr'><strong>odyss.</strong></span> <span class='ocrx_word' id='word_1_294' title='bbox 2311 3536 2405 3584; x_wconf 78' lang='lat' dir='ltr'><strong>XI.</strong></span> <span class='ocrx_word' id='word_1_295' title='bbox 2425 3537 2545 3586; x_wconf 79' lang='lat' dir='ltr'><strong>vid.</strong></span> <span class='ocrx_word' id='word_1_296' title='bbox 2565 3540 2711 3586; x_wconf 79' lang='lat' dir='ltr'><strong>Tusc.</strong></span> 
     </span>
     <span class='ocr_line' id='line_1_32' title="bbox 583 3608 2344 3683; baseline 0.001 -23"><span class='ocrx_word' id='word_1_297' title='bbox 583 3612 675 3662; x_wconf 86' lang='lat' dir='ltr'><strong>lib.</strong></span> <span class='ocrx_word' id='word_1_298' title='bbox 716 3611 857 3660; x_wconf 80' lang='lat' dir='ltr'><strong>Vm.</strong></span> <span class='ocrx_word' id='word_1_299' title='bbox 900 3613 1035 3675; x_wconf 87' lang='lat' dir='ltr'><strong>Quin</strong></span> <span class='ocrx_word' id='word_1_300' title='bbox 1080 3614 1252 3661; x_wconf 86' lang='lat' dir='ltr'><strong>Cicero</strong></span> <span class='ocrx_word' id='word_1_301' title='bbox 1298 3614 1403 3677; x_wconf 84' lang='lat' dir='ltr'><strong>ipse</strong></span> <span class='ocrx_word' id='word_1_302' title='bbox 1443 3614 1604 3683; x_wconf 74' lang='grc' dir='ltr'><strong>εὐγενῆ</strong></span> <span class='ocrx_word' id='word_1_303' title='bbox 1691 3617 1743 3674; x_wconf 94' lang='lat'><strong>1,</strong></span> <span class='ocrx_word' id='word_1_304' title='bbox 1765 3630 1806 3661; x_wconf 92' lang='lat' dir='ltr'><strong>c.</strong></span> <span class='ocrx_word' id='word_1_305' title='bbox 1836 3616 1912 3662; x_wconf 82' lang='lat'><strong>16.</strong></span> <span class='ocrx_word' id='word_1_306' title='bbox 1934 3616 2151 3663; x_wconf 60' lang='lat' dir='ltr'><strong>Manu-r.</strong></span> <span class='ocrx_word' id='word_1_307' title='bbox 2337 3608 2344 3615; x_wconf 57' lang='lat'><em>⁶</em></span> 
     </span>
     <span class='ocr_line' id='line_1_33' title="bbox 588 3691 2714 3757; baseline 0.002 -18"><span class='ocrx_word' id='word_1_308' title='bbox 588 3691 810 3756; x_wconf 76' lang='lat' dir='ltr'><strong>quaedam</strong></span> <span class='ocrx_word' id='word_1_309' title='bbox 826 3693 982 3741; x_wconf 80' lang='lat' dir='ltr'><strong>Attici</strong></span> <span class='ocrx_word' id='word_1_310' title='bbox 1002 3692 1199 3741; x_wconf 80' lang='lat' dir='ltr'><strong>consilia</strong></span> <span class='ocrx_word' id='word_1_311' title='bbox 1220 3702 1363 3740; x_wconf 83' lang='lat' dir='ltr'><strong>vocat</strong></span> <span class='ocrx_word' id='word_1_312' title='bbox 1383 3696 1525 3757; x_wconf 79' lang='lat' dir='ltr'><strong>epist.</strong></span> <span class='ocrx_word' id='word_1_313' title='bbox 1547 3708 1603 3755; x_wconf 84' lang='lat'><strong>9,</strong></span> <span class='ocrx_word' id='word_1_314' title='bbox 1767 3710 1848 3757; x_wconf 78' lang='lat'><strong>29.</strong></span> <span class='ocrx_word' id='word_1_315' title='bbox 1870 3693 1981 3742; x_wconf 81' lang='lat'><em>1110.</em></span> <span class='ocrx_word' id='word_1_316' title='bbox 2004 3694 2253 3757; x_wconf 88' lang='lat' dir='ltr'><strong>Pompeio.</strong></span> <span class='ocrx_word' id='word_1_317' title='bbox 2269 3694 2387 3741; x_wconf 81' lang='lat' dir='ltr'><strong>Hoc.</strong></span> <span class='ocrx_word' id='word_1_318' title='bbox 2401 3694 2608 3743; x_wconf 76' lang='lat' dir='ltr'><strong>Caesare.</strong></span> <span class='ocrx_word' id='word_1_319' title='bbox 2622 3697 2714 3744; x_wconf 82' lang='lat' dir='ltr'><strong>En.</strong></span> 
     </span>
     <span class='ocr_line' id='line_1_34' title="bbox 585 3760 2432 3839; baseline 0.001 -20"><span class='ocrx_word' id='word_1_320' title='bbox 585 3771 808 3819; x_wconf 79' lang='lat' dir='ltr'><strong>lib.V111.</strong></span> <span class='ocrx_word' id='word_1_321' title='bbox 826 3770 1059 3819; x_wconf 71' lang='lat' dir='ltr'><strong>Conn.--·</strong></span> <span class='ocrx_word' id='word_1_322' title='bbox 1070 3770 1217 3819; x_wconf 87' lang='lat' dir='ltr'><strong>Olim.</strong></span> <span class='ocrx_word' id='word_1_323' title='bbox 1230 3768 1606 3839; x_wconf 76' lang='grc' dir='ltr'><strong>ἀῤῥενικώτερον,</strong></span> <span class='ocrx_word' id='word_1_324' title='bbox 1767 3775 1853 3822; x_wconf 83' lang='grc'><strong>30.</strong></span> <span class='ocrx_word' id='word_1_325' title='bbox 1875 3760 2065 3839; x_wconf 54' lang='lat' dir='ltr'><strong>Rom-opii».</strong></span> <span class='ocrx_word' id='word_1_326' title='bbox 2089 3772 2282 3821; x_wconf 87' lang='lat' dir='ltr'><strong>Dubius</strong></span> <span class='ocrx_word' id='word_1_327' title='bbox 2306 3788 2432 3821; x_wconf 83' lang='lat' dir='ltr'><strong>sum.</strong></span> 
     </span>
     <span class='ocr_line' id='line_1_35' title="bbox 590 3849 2511 3919; baseline 0.002 -22"><span class='ocrx_word' id='word_1_328' title='bbox 590 3851 628 3899; x_wconf 89' lang='lat' dir='ltr'><strong>i.</strong></span> <span class='ocrx_word' id='word_1_329' title='bbox 666 3867 711 3898; x_wconf 86' lang='lat' dir='ltr'><strong>e.</strong></span> <span class='ocrx_word' id='word_1_330' title='bbox 744 3849 961 3909; x_wconf 83' lang='lat' dir='ltr'><strong>virilius,</strong></span> <span class='ocrx_word' id='word_1_331' title='bbox 996 3849 1132 3912; x_wconf 87' lang='lat' dir='ltr'><strong>quod</strong></span> <span class='ocrx_word' id='word_1_332' title='bbox 1158 3851 1221 3898; x_wconf 83' lang='lat' dir='ltr'><strong>ad</strong></span> <span class='ocrx_word' id='word_1_333' title='bbox 1250 3861 1459 3899; x_wconf 88' lang='lat' dir='ltr'><strong>mentem</strong></span> <span class='ocrx_word' id='word_1_334' title='bbox 1485 3852 1608 3901; x_wconf 85' lang='lat' dir='ltr'><strong>Cor·</strong></span> <span class='ocrx_word' id='word_1_335' title='bbox 1689 3898 1708 3919; x_wconf 51' lang='grc' dir='ltr'><strong>ο</strong></span> <span class='ocrx_word' id='word_1_336' title='bbox 1766 3852 1850 3899; x_wconf 83' lang='lat'><strong>31.</strong></span> <span class='ocrx_word' id='word_1_337' title='bbox 1883 3850 2148 3919; x_wconf 78' lang='grc' dir='ltr'><strong>Στερκτὲον.</strong></span> <span class='ocrx_word' id='word_1_338' title='bbox 2181 3852 2511 3902; x_wconf 75' lang='lat' dir='ltr'><strong>Probandum.</strong></span> 
     </span>
     <span class='ocr_line' id='line_1_36' title="bbox 592 3926 2708 3997; baseline 0.004 -22"><span class='ocrx_word' id='word_1_339' title='bbox 592 3928 697 3976; x_wconf 77' lang='lat' dir='ltr'><strong>radi</strong></span> <span class='ocrx_word' id='word_1_340' title='bbox 718 3929 938 3993; x_wconf 85' lang='lat' dir='ltr'><strong>propius.</strong></span> <span class='ocrx_word' id='word_1_341' title='bbox 965 3928 1077 3977; x_wconf 83' lang='lat' dir='ltr'><strong>sch.</strong></span> <span class='ocrx_word' id='word_1_342' title='bbox 1101 3927 1237 3975; x_wconf 81' lang='lat' dir='ltr'><strong>malit</strong></span> <span class='ocrx_word' id='word_1_343' title='bbox 1262 3926 1605 3997; x_wconf 75' lang='grc' dir='ltr'><strong>αἶνατηριώτε-</strong></span> <span class='ocrx_word' id='word_1_344' title='bbox 1765 3932 1851 3980; x_wconf 80' lang='lat'><strong>32.</strong></span> <span class='ocrx_word' id='word_1_345' title='bbox 1888 3934 1968 3981; x_wconf 89' lang='lat' dir='ltr'><strong>Sic</strong></span> <span class='ocrx_word' id='word_1_346' title='bbox 2002 3934 2189 3981; x_wconf 83' lang='lat' dir='ltr'><strong>Rosius.</strong></span> <span class='ocrx_word' id='word_1_347' title='bbox 2217 3932 2345 3981; x_wconf 83' lang='lat' dir='ltr'><strong>Edd.</strong></span> <span class='ocrx_word' id='word_1_348' title='bbox 2375 3950 2454 3997; x_wconf 86' lang='lat' dir='ltr'><strong>pr.</strong></span> <span class='ocrx_word' id='word_1_349' title='bbox 2481 3945 2530 3983; x_wconf 85' lang='lat' dir='ltr'><strong>et</strong></span> <span class='ocrx_word' id='word_1_350' title='bbox 2556 3936 2708 3997; x_wconf 72' lang='lat' dir='ltr'><strong>MSS,</strong></span> 
     </span>
     <span class='ocr_line' id='line_1_37' title="bbox 594 4007 2714 4079; baseline 0.005 -25"><span class='ocrx_word' id='word_1_351' title='bbox 594 4023 668 4073; x_wconf 78' lang='grc' dir='ltr'><strong>ρον</strong></span> <span class='ocrx_word' id='word_1_352' title='bbox 688 4043 701 4067; x_wconf 91' lang='grc'><strong>,</strong></span> <span class='ocrx_word' id='word_1_353' title='bbox 736 4010 873 4070; x_wconf 76' lang='lat' dir='ltr'><strong>quasi</strong></span> <span class='ocrx_word' id='word_1_354' title='bbox 898 4007 1092 4057; x_wconf 81' lang='lat' dir='ltr'><strong>Atticus</strong></span> <span class='ocrx_word' id='word_1_355' title='bbox 1117 4008 1285 4072; x_wconf 76' lang='lat' dir='ltr'><strong>paullo</strong></span> <span class='ocrx_word' id='word_1_356' title='bbox 1310 4009 1606 4057; x_wconf 75' lang='lat' dir='ltr'><strong>obscurIori-</strong></span> <span class='ocrx_word' id='word_1_357' title='bbox 1694 4010 1954 4059; x_wconf 70' lang='lat' dir='ltr'><strong>dubitares.</strong></span> <span class='ocrx_word' id='word_1_358' title='bbox 1981 4012 2171 4061; x_wconf 84' lang='lat' dir='ltr'><strong>Ernest.</strong></span> <span class='ocrx_word' id='word_1_359' title='bbox 2202 4028 2320 4060; x_wconf 83' lang='lat' dir='ltr'><strong>vero</strong></span> <span class='ocrx_word' id='word_1_360' title='bbox 2341 4011 2600 4077; x_wconf 75' lang='lat' dir='ltr'><strong>legendum</strong></span> <span class='ocrx_word' id='word_1_361' title='bbox 2623 4032 2714 4079; x_wconf 80' lang='lat' dir='ltr'><strong>pu-</strong></span> 
     </span>
     <span class='ocr_line' id='line_1_38' title="bbox 590 4086 2333 4153; baseline 0.001 -16"><span class='ocrx_word' id='word_1_362' title='bbox 590 4086 681 4137; x_wconf 77' lang='lat' dir='ltr'><strong>bus</strong></span> <span class='ocrx_word' id='word_1_363' title='bbox 712 4086 871 4135; x_wconf 82' lang='lat' dir='ltr'><strong>verbis</strong></span> <span class='ocrx_word' id='word_1_364' title='bbox 904 4086 1175 4153; x_wconf 82' lang='lat' dir='ltr'><strong>scripserit,</strong></span> <span class='ocrx_word' id='word_1_365' title='bbox 1202 4104 1311 4152; x_wconf 72' lang='lat' dir='ltr'><strong>quoe</strong></span> <span class='ocrx_word' id='word_1_366' title='bbox 1347 4089 1517 4137; x_wconf 83' lang='lat' dir='ltr'><strong>Cicero</strong></span> <span class='ocrx_word' id='word_1_367' title='bbox 1553 4090 1606 4137; x_wconf 89' lang='lat' dir='ltr'><strong>in</strong></span> <span class='ocrx_word' id='word_1_368' title='bbox 1694 4100 1792 4152; x_wconf 78' lang='lat' dir='ltr'><strong>tat,</strong></span> <span class='ocrx_word' id='word_1_369' title='bbox 1818 4088 2092 4140; x_wconf 77' lang='lat' dir='ltr'><strong>dubitabas.</strong></span> <span class='ocrx_word' id='word_1_370' title='bbox 2113 4091 2164 4140; x_wconf 81' lang='lat' dir='ltr'><strong>J.</strong></span> <span class='ocrx_word' id='word_1_371' title='bbox 2186 4091 2250 4140; x_wconf 82' lang='lat' dir='ltr'><strong>V.</strong></span> <span class='ocrx_word' id='word_1_372' title='bbox 2280 4092 2333 4139; x_wconf 88' lang='lat' dir='ltr'><strong>L.</strong></span> 
     </span>
    </p>
   </div>
  </div>
 </body>
</html>
