3019 4681
521 367 616 437 62
1139 358 1236 429 Μ.
1275 332 1362 429 ‘'r.
1427 356 2015 430 clcssnoms

517 483 748 557 ferre?
769 487 956 579 Age,
991 476 1190 577 finge
1225 498 1342 547 me
1375 475 1707 573 quamvis
1734 472 2183 572 εὐστομάχωςθ
2216 473 2369 547 haee
2406 474 2647 549 feren·

516 616 730 671 tem.
765 594 988 694 quid?
1021 594 1176 679 illa,
1205 616 1359 679 mc,
1381 592 1478 662 M.
1509 596 1773 663 Tu1.1.1⁷
1796 641 1817 677 ‚
1841 614 2063 687 quem
2090 588 2471 663 habebunt
2500 595 2645 665 exi·

521 724 715 779 tum.
699 708 729 757 ³
769 711 860 777 Et
893 705 1157 776 omitto
1193 724 1477 773 causam
1516 700 1970 798 reipublicae,
2010 724 2231 798 quam
2268 726 2403 797 ego
2432 704 2643 774 amis..

519 843 672 891 sam
704 832 889 918 puto
929 838 1162 913 quum
1189 806 1667 883 vulneribus⁸
1696 814 1882 901 suiS‚
1918 827 2077 883 tum
2110 812 2649 885 medicamentis

517 931 636 1017 ii5,
673 953 835 1027 quae
877 939 1262 1024 parantum
1299 922 1393 995 de
1415 924 1763 1021 Pompeio
1792 920 1975 1020 quid
2008 922 2263 1021 agam?
2286 925 2407 995 cui
2437 924 2649 1021 plane

519 1036 756 1137 (quid
796 1037 992 1107 enim
1031 1034 1175 1105 hoc
1221 1032 1591 1130 negem?)
1638 1032 2021 1104 succensui
2062 1058 2080 1102 ε
2124 1056 2409 1131 semper
2452 1035 2649 1105 enim

521 1170 754 1221 causae
773 1158 808 1205 9
843 1158 1268 1217 eventorum
1303 1140 1531 1238 magis
1564 1154 1863 1212 movent
1882 1195 1901 1229 ‚
1936 1164 2155 1238 quam
2185 1143 2342 1239 ipsa
2370 1156 2645 1213 eventa.

517 1264 688 1329 Haec
727 1257 950 1354 igitur
983 1254 1167 1325 mala
1219 1250 1540 1349 (quibus
1575 1251 1847 1346 majora
1880 1274 2035 1323 esse
2070 1274 2233 1348 quae
2266 1252 2651 1349 possuntP)

521 1364 990 1439 considerans
1009 1418 1028 1449 ‚
1063 1363 1177 1433 vel
1209 1362 1452 1459 potius
1474 1360 1841 1455 indicam,
1872 1360 2027 1456 ejus
2062 1386 2285 1459 opera
2314 1362 2651 1435 accidisse

523 1492 600 1549 et
625 1476 836 1574 culpa
863 1530 884 1564 ‚
930 1472 1290 1545 inimicior
1317 1494 1516 1543 eram
1552 1470 1765 1559 huic,
1799 1495 2017 1567 quam
2056 1474 2195 1571 ipsi
2228 1474 2486 1544 Caesari
2516 1500 2535 1543 :
2570 1488 2655 1545 ut

521 1585 835 1683 majores
881 1586 1110 1656 nostri
1155 1580 1625 1654 funestiorem
1672 1578 1864 1653 diem
1911 1607 2063 1654 esse
2110 1580 2502 1655 voluerunt
2538 1585 2656 1657 Al-

523 1698 847 1770 liensis¹⁰
867 1718 1163 1793 pugnae,
1201 1715 1420 1790 quam
1458 1690 1660 1763 urbis
1691 1706 1952 1790 capta-3
1990 1690 2192 1789 quod
2218 1692 2359 1765 hoc
2383 1694 2655 1766 malum

519 1832 612 1879 ex
653 1807 814 1895 illo;
850 1808 1094 1903 itaque
1137 1803 1319 1875 alter
1356 1801 1735 1900 religiosus
1759 1802 1975 1873 etiam
2013 1826 2213 1874 nunc
2249 1803 2439 1893 dies,
2474 1805 2656 1875 alter

513 1917 592 1989 in
628 1914 886 2015 vulgus
921 1916 1282 2013 ignotus¹¹
1309 1914 1450 1985 :sic
1479 1937 1643 2010 eg0‚
1666 1910 1919 1983 decem
1954 1936 2315 1984 annorum
2357 1930 2655 2011 peccata

517 2025 911 2099 recordans
929 2078 948 2108 ‚
985 2027 1064 2093 in
1083 2020 1352 2120 quibus
1369 2023 1608 2093 inerat
1633 2019 1753 2092 ille
1778 2021 1997 2092 etiam
2025 2042 2261 2094 annus
2278 2077 2297 2111 ‚
2325 2024 2453 2121 qui
2483 2049 2657 2114 nos,

521 2136 666 2208 hoc
701 2158 856 2206 uon
907 2132 1341 2209 defendente
1385 2184 1404 2219 ‚
1457 2156 1552 2202 ne
1613 2128 1844 2201 dicam
1886 2132 2170 2228 gravius
2189 2188 2211 2221 ,
2260 2130 2659 2218 afflixeratr,

521 2244 1042 2346 praesentisque
1064 2241 1411 2339 temporis
1441 2262 1882 2337 cognoscens
1904 2242 2383 2313 temeritatem
2402 2298 2423 2331 ,
2463 2243 2662 2344 igna-

521 2361 748 2442 viam,
801 2351 1312 2450 negligentiam
1344 2405 1364 2440 ,
1416 2348 1952 2424 succensebam.
2004 2349 2146 2424 Sed
2181 2377 2266 2425 ea
2293 2352 2444 2449 jam
2482 2353 2660 2427 mihi

523 2463 973 2539 exciderunt.
1023 2457 1377 2534 Beneficia
1433 2458 1760 2556 ejusdem
1797 2459 2035 2559 cogito
2070 2487 2090 2550 3
2152 2464 2389 2560 cogito
2436 2465 2655 2536 etiam

520 2575 968 2673 dignitatem.
1011 2570 1383 2669 Intellig0‚
1421 2573 1649 2642 serius
1680 2571 2065 2668 equidem⁰‚
2101 2595 2320 2669 quarn
2354 2571 2615 2646 vellem
2638 2622 2659 2662 ‚

521 2700 825 2788 propter
887 2679 1228 2780 epistolas
1292 2703 1812 2780 sermonesque
1858 2679 2057 2753 Balbi
2084 2685 2191 2726 ¹¹¹·
2173 2738 2192 2770 ‚
2252 2683 2379 2755 sed
2445 2683 2662 2757 video

527 2797 782 2896 plane,
813 2791 992 2864 nihil
1028 2791 1224 2864 aliud
1256 2797 1413 2890 agi,
1447 2791 1630 2863 nihil
1652 2808 1893 2865 actum
1928 2791 2021 2864 ab
2056 2785 2299 2882 initio,
2330 2818 2551 2892 quam
2579 2810 2665 2866 ut

595 2999 650 3048 6.
679 2989 990 3062 Εὒςομάχως.
1015 2993 1158 3042 Bono
1178 2992 1450 3044 stomacho.

601 3096 649 3141 7.
673 3075 792 3136 Dic,
815 3075 888 3123 M.
920 3071 1066 3122 Tulli.
1088 3074 1254 3135 Quum
1267 3074 1553 3122 sententiam

529 3155 742 3220 rogabor
775 3154 828 3201 in
863 3161 1032 3201 senatu
1057 3168 1162 3201 non
1200 3163 1295 3201 tam
1319 3153 1382 3202 de
1405 3169 1555 3218 repu-

1640 2993 1959 3044 enhmimen
2004 2993 2235 3044 incidiae
2284 2995 2663 3059 rempublienmg

1640 3071 1725 3136 qui
1754 3089 1844 3138 per
1880 3072 2049 3122 decem
2082 3089 2237 3122 annos
2262 3074 2463 3124 Casan·-
2492 3086 2669 3140 patena

1642 3153 1759 3200 tiam
1784 3162 1984 3200 auxerat
2014 3167 2027 3202 ε
2070 3163 2127 3201 ut
2148 3153 2213 3200 sit
2237 3153 2463 3202 inimicus
2488 3156 2666 3204 curi

524 3237 654 3285 blica
689 3247 837 3300 qnam
876 3231 936 3280 de
973 3231 1086 3297 ipso
1121 3233 1356 3297 Pompeio
1371 3265 1388 3294 ,
1431 3232 1552 3296 qnid

530 3317 690 3365 dicam
699 3315 732 3382 il⁸
747 3310 1000 3378 quomodo
1027 3327 1105 3359 me
1142 3310 1432 3376 explicabo?
1459 3314 1551 3377 Ep.

533 3412 581 3455 7,
623 3391 710 3441 lib.
729 3391 846 3439 vn.
869 3391 1019 3440 MA!-

605 3474 656 3520 8.
700 3469 1004 3518 Vulneribus.
1047 3471 1093 3517 A
1138 3471 1324 3518 cmx-e
1354 3469 1553 3533 potissi-

531 3565 664 3596 mum
689 3547 904 3597 inflictis.
930 3575 1002 3585 --
1023 3547 1409 3606 Medicamentis,
1443 3563 1554 3612 quae

537 3636 772 3692 parantur
791 3641 818 3673 ι
835 3627 1090 3690 Pompeio.
1113 3627 1228 3676 Seu.

607 3721 662 3768 9.
677 3705 1006 3768 Semperenim
1018 3721 1195 3755 eausoe.
1209 3709 1378 3755 Forte:
1397 3707 1558 3755 «Sem-

539 3799 628 3850 per
655 3782 784 3831 enim
809 3797 888 3829 me
915 3797 1070 3832 enum
1095 3795 1380 3834 eventorum
1405 3787 1560 3850 magis

537 3870 770 3918 movent,
807 3875 954 3924 quam
988 3861 1092 3926 ipen
1125 3875 1298 3913 eventa
1321 3885 1368 3913 ι.
1407 3864 1561 3928 Quod

537 3943 716 4009 probet
741 3951 790 3989 et
809 3939 985 4003 recipit
1006 3942 1120 3991 sch.
1143 3945 1235 3994 En.
1258 3971 1328 3980 —-
1351 3942 1478 3992 Nam
1506 3945 1558 3991 in

533 4035 708 4086 genere
715 4020 875 4067 minus
883 4033 996 4066 vere
1006 4023 1236 4069 sententia
1249 4022 1557 4071 concisum.

537 4128 608 4140 —
634 4097 920 4164 Significatu»
939 4097 1160 4162 Pompeii
1195 4099 1340 4162 culpa
1374 4099 1428 4146 in
1452 4111 1557 4146 eam

1642 3231 1709 3279 ob
1736 3241 1938 3294 eventu,
1962 3231 2049 3280 sed
2070 3232 2315 3282 inimicior
2340 3235 2578 3300 Pompeio
2598 3234 2665 3286 ob

1643 3325 1810 3358 causas
1827 3322 2136 3360 eventorum.
2164 3313 2310 3361 ΜΑιι.

1718 3403 1798 3437 ιο.
1833 3387 2083 3438 Alliensis.
2128 3390 2211 3439 Ad
2255 3389 2433 3440 Alliam
2484 3391 2666 3440 flumen

1642 3458 1933 3516 Sabinorum
1950 3469 2107 3518 ἦστε.
2122 3471 2296 3527 Liv.v‚
2320 3471 2405 3529 38,
2416 3481 2465 3518 et
2476 3471 2667 3536 J.Lip⁸.

1640 3548 1846 3597 Exeat-⁸.
1868 3547 1931 3594 nd
1947 3549 2100 3597 Tacit.
2121 3552 2256 3598 Ann.
2282 3549 2400 3612 XV,
2428 3557 2515 3604 ἀι.
2552 3551 2649 3599 En.

1720 3642 1799 3676 ιι.
1818 3629 1879 3675 In
1892 3627 2072 3693 vulgus
2090 3628 2299 3694 ignottn.
2318 3629 2491 3676 Docu'e
2509 3639 2667 3677 tamen

1646 3717 1793 3756 notus
1816 3707 1929 3754 fuit.
1956 3707 2084 3756 Nam
2109 3717 2343 3771 sequente
2367 3705 2555 3755 cladem
2582 3707 2671 3755 Al·

1646 3783 1846 3833 lieneem
1886 3785 1965 3833 die
1988 3785 2121 3835 Galli
2148 3785 2333 3836 Urbem
2361 3797 2599 3851 ceperunt
2620 3797 2671 3835 et

1646 3863 1988 3914 incenderunt.
2006 3867 2119 3912 Fuit
2136 3865 2177 3912 is
2194 3879 2285 3912 xrv
2301 3863 2402 3913 kal.
2426 3875 2545 3913 sext.
2568 3867 2665 3916 En.

1726 3942 2123 3992 12.Ba151·.c‹fi
2154 3941 2301 3992 fidem
2332 3944 2512 4004 habui,
2539 3943 2669 3992 affir-

1644 4021 1795 4070 manti
1838 4025 2073 4072 Caesam
2120 4035 2226 4086 opu
2214 4025 2311 4071 imo
2352 4041 2455 4072 esse
2502 4023 2665 4072 animo

1646 4115 1755 4163 erga
1773 4102 2093 4167 Pompeium,
2114 4113 2162 4150 et
2182 4103 2492 4152 concordiam
2517 4120 2667 4169 cupe-
