3019 4681
701 411 1433 510 EPISTOLAEssD
1485 410 2004 494 ATTICUM‚
2046 411 2150 496 X,
2204 405 2311 478 16.
2444 408 2573 505 167

439 550 636 619 cem,
681 546 764 602 ut
791 555 906 604 me
936 536 1238 604 omnino
1278 531 1381 602 illi
1413 556 1508 602 ne
1554 531 1904 604 viderent.
1944 529 2139 621 Quid
2182 535 2379 602 enim
2424 547 2580 604 erat

436 644 512 712 in
545 641 778 712 tribus
815 640 1286 714 cohortibus?
1325 641 1537 744 quid,
1570 643 1631 712 si
1666 641 1957 741 plures?
1999 666 2149 738 quo
2186 643 2579 740 apparatu?

438 752 760 849 Cogitavi
787 751 1038 825 eadem
1063 751 1184 825 illa
1211 753 1537 824 Coeliana
1553 750 1611 841 ⁶,
1638 777 1801 849 quae
1829 751 1967 848 legi
1994 755 2069 822 in
2092 751 2395 850 epistola
2412 766 2540 823 tua
2559 805 2581 838 ,

436 887 654 959 quam
685 867 965 961 accepi,
999 855 1314 936 simul'et
1349 865 1425 936 in
1455 868 1859 935 Cumanum
1900 864 2101 948 veni,
2133 861 2392 935 eodem
2417 860 2575 950 die;

436 987 509 1043 et
543 972 757 1044 simul
791 971 948 1044 fieri
983 987 1297 1070 poterat,
1323 988 1408 1044 ut
1443 989 1895 1046 tentaremur
1920 985 1970 1043 ⁷.
2012 978 2320 1045 Omnem
2356 975 2576 1070 igitur

433 1085 924 1180 suspicionem
971 1084 1252 1160 sustuli.
1313 1083 1454 1156 Sed
1504 1106 1735 1181 quum
1788 1082 2011 1155 redeo
2032 1077 2089 1172 ⁸,
2152 1084 2577 1154 Hortensius

431 1209 759 1282 venerat,
805 1209 878 1265 et
921 1193 1014 1266 ad
1055 1195 1468 1266 Terentiam
1522 1192 1910 1268 salutatum
1948 1193 2387 1281 deverterat3
2422 1217 2573 1266 ser-

432 1327 652 1374 mone
689 1314 842 1374 erat
885 1328 1060 1374 usus
1100 1302 1512 1378 honorifico
1556 1329 1726 1403 erga
1758 1327 1895 1376 me.
1924 1307 2197 1375 Tamen
2235 1327 2403 1375 eum
2429 1357 2449 1394 ‚
2488 1317 2574 1374 ut

430 1427 656 1510 pum,
696 1413 985 1486 videbo.
1027 1416 1225 1486 Misit
1268 1417 1462 1486 enim
1503 1440 1852 1514 puerum,
1902 1437 1976 1488 se
2020 1413 2111 1486 ad
2152 1438 2271 1486 me
2306 1415 2574 1486 venire.

427 1529 584 1594 Hoc
626 1523 926 1622 quidem
973 1524 1265 1613 melius,
1304 1551 1525 1624 quam
1563 1524 1840 1622 collega
1874 1539 2125 1597 noster
2176 1525 2573 1622 Antoniu53

429 1635 636 1730 cujus
675 1639 865 1706 inter
900 1636 1188 1708 lictores
1217 1637 1466 1708 lectica
1502 1639 1769 1708 mima9
1803 1650 2155 1734 portatur.
2192 1638 2300 1704 Tu
2322 1687 2343 1722 ,
2379 1657 2569 1731 quo-

429 1746 622 1816 niam
665 1763 1018 1844 quartana
1061 1771 1297 1836 cares,
1347 1761 1421 1819 et
1465 1745 1736 1821 nedum
1782 1745 2123 1817 morbum
2160 1745 2571 1830 removisti,

415 1855 554 1926 sed
591 1855 806 1929 etiam
857 1859 1352 1956 gravedinem,
1401 1873 1473 1930 te
1514 1873 1853 1956 vegetum
1910 1857 2125 1929 nobis
2168 1858 2245 1928 in
2288 1854 2567 1930 Graecia

425 1966 638 2056 siste3
675 1982 747 2040 et
784 1963 1150 2040 literarum
1188 1968 1461 2067 aliquid
1490 1970 1789 2066 interea.⁵

495 2121 547 2171 6.
571 2123 761 2171 Eadem
786 2123 874 2172 illa
899 2115 1142 2174 Coeh'ana.'
1163 2127 1321 2188 Quem
1347 2123 1449 2173 αἰ-

422 2213 530 2252 tum
543 2203 769 2252 habuerit
784 2205 867 2253 illa
890 2205 1034 2256 Coelii
1053 2204 1196 2256 Caldi
1216 2207 1450 2254 adversus

421 2283 602 2332 Sullam
618 2282 882 2349 expeditio.
901 2287 1078 2334 Merito
1093 2285 1175 2332 hic
1197 2286 1446 2336 Ciceronis

421 2362 663 2413 imbellem
695 2364 908 2413 animum
947 2376 1088 2415 notat
1113 2364 1443 2430 Mongaltius,

422 2444 510 2505 qui
526 2460 678 2507 quum
697 2460 775 2509 ep.
807 2460 826 2494 1
839 2462 866 2493 2
887 2446 1132 2511 professus
1157 2454 1283 2495 esset
1303 2462 1354 2493 se
1381 2446 1444 2495 de

419 2522 508 2573 illo
531 2524 674 2572 Coelii
692 2535 872 2573 conatu
895 2542 1024 2590 saepe
1050 2526 1288 2589 cogitare3
1315 2527 1444 2574 idem

419 2618 498 2666 ep.
525 2610 586 2657 14
604 2604 848 2663 iterasset,
869 2615 918 2652 et
942 2621 1019 2670 ep.
1046 2608 1109 2654 15
1127 2638 1143 2665 ‚
1171 2605 1444 2655 Coelianum

416 2680 544 2731 illud
577 2690 900 2732 maturescere
931 2684 1248 2749 significasset
1263 2720 1278 2745 ‚
1309 2702 1442 2735 nnnc

418 2778 569 2826 quum
595 2763 700 2824 ejus
724 2764 795 2813 rei
820 2762 1042 2829 gerendae
1069 2766 1262 2813 occasio
1291 2766 1441 2814 offer·

417 2852 551 2890 retur
577 2845 817 2893 cautionis
851 2854 900 2892 et
944 2844 1218 2908 prudentiae
1248 2862 1441 2895 cansam

415 2932 687 2984 praetexens
701 2958 716 2981 ,
773 2922 979 2987 refugiat
995 2958 1010 2985 ,
1065 2934 1122 2971 nt
1183 2926 1441 2973 manifesto

414 2998 645 3063 proderet
675 3000 768 3049 sibi
803 3015 908 3049 non
935 3018 1038 3051 esse
1062 3000 1170 3051 data
1200 3000 1441 3072 πολεμήϊα

417 3076 564 3148 ἔργα,
593 3080 732 3129 Iliad.
759 3082 902 3143 xlv,
935 3082 1014 3131 13.
1047 3084 1140 3133 En.

411 3224 778 3249 mmm

1612 2141 1660 2184 7·
1701 2125 1766 2171 Ue
1787 2130 2099 2170 tentaremur.
2136 2121 2209 2169 Ut
2232 2125 2565 2168 mmmmm

1534 2205 1633 2253 hoe
1666 2214 1792 2252 esset
1816 2202 2200 2254 Castrianorum
2216 2235 2233 2262 ‚
2262 2198 2562 2248 centurioni-

1534 2285 1627 2333 bus
1640 2293 1795 2332 astute
1808 2283 1965 2330 missis
1977 2281 2043 2329 ad
2051 2279 2335 2330 tentandum
2344 2277 2561 2328 animum

1534 2382 1715 2416 meum.
1746 2366 1889 2413 Mur.

1606 2447 1656 2494 8.
1694 2446 1851 2508 Quum
1885 2444 2049 2493 redeo.
2085 2447 2145 2492 In
2174 2443 2561 2508 Pompeianum.

1531 2526 1705 2573 nonin
1728 2526 2022 2582 Cumanum,
2044 2534 2101 2573 nt
2120 2524 2318 2573 Manat.
2337 2520 2559 2586 putabat.

1531 2606 1680 2653 Mane
1691 2606 1821 2653 enim
1835 2615 1890 2652 nt
1908 2605 2217 2655 centuriones
2230 2602 2353 2650 istos
2366 2599 2559 2659 vitaret,

1531 2687 1829 2751 Pompeiano
1859 2686 2141 2735 discesserat
2178 2686 2231 2731 in
2262 2684 2553 2733 Cumanum.

1531 2767 1731 2815 Interim
1758 2766 1875 2815 dum
1904 2784 1931 2815 e
1954 2767 2174 2815 Cumano
2208 2764 2259 2812 in
2296 2762 2557 2826 Pompeia·

1530 2862 1647 2895 num
1661 2846 1850 2895 redibat
1861 2882 1875 2906 ,
1891 2846 2184 2895 Hortensius
2207 2842 2271 2892 sd
2282 2841 2558 2893 Terentiam

1530 2934 1740 2975 venerat.
1780 2926 1997 2976 Omnino
2031 2926 2086 2973 in
2111 2924 2211 2972 hoc
2245 2920 2442 2971 Schiitz.
2463 2919 2557 2969 sd-

1528 3006 1776 3055 sentimur.
1804 3006 1895 3053 En.

1598 3101 1648 3148 9.
1676 3084 1849 3136 Mimo.
1876 3084 2123 3149 Cytheris.
2150 3084 2241 3131 En.

1604 3230 1790 3253 m
1802 3228 2081 3253 mm
2090 3226 2555 3251 mmmm

1011 3362 1591 3452 EPISTOLA
1656 3374 1955 3455 XVII.

411 3544 784 3605 Hortensium
810 3558 868 3605 et
895 3545 1276 3625 Serapionem
1301 3550 1527 3609 venisse
1554 3550 1855 3630 significat.
1876 3546 2316 3631 Lippitudinem
2339 3548 2550 3611 crebro

487 3642 780 3703 refricare.
823 3644 1262 3721 AEquinoctium
1299 3664 1360 3704 se
1399 3647 1636 3706 morari.
1675 3649 1947 3728 Denique
2000 3668 2061 3707 se
2101 3659 2313 3727 purgat
2352 3646 2431 3707 ob
2458 3647 2549 3721 id,

487 3739 646 3816 quod
675 3739 750 3799 de
788 3740 968 3799 Attici
1007 3740 1328 3819 diplomate
1359 3744 1690 3824 scripserat.
1715 3747 1823 3818 (In
1850 3748 2112 3805 Cumano
2130 3788 2147 3819 ,
2186 3764 2339 3805 anno
2372 3749 2445 3807 U.
2482 3748 2551 3805 C.

489 3842 600 3910 704
614 3879 631 3908 ,
663 3854 860 3896 mense
891 3836 1104 3916 mai0.)

1087 3981 1394 4046 CICERO
1437 3982 1756 4047 ATTICO
1800 3982 1865 4048 S.

506 4130 710 4197 Pam.
741 4124 904 4200 idus
935 4129 1367 4201 Hortensius
1393 4127 1484 4200 ad
1514 4150 1635 4201 me
1666 4128 1899 4221 venit,
1930 4131 2195 4230 scripta
2220 4130 2545 4229 epistola.
