3019 4681
674 340 1194 413 EPISTOLIE
1241 336 1381 407 AD
1424 339 1932 427 ATTICUM,
1979 338 2150 425 XV,
2202 360 2306 407 12.
2417 341 2558 434 447

437 489 801 551 assensuS,
840 476 1005 533 tuto
1043 484 1119 532 se
1160 465 1401 530 Romae
1437 484 1591 532 esse
1630 484 1782 531 non
1817 483 2052 559 posse.
2091 456 2332 531 Ludos
2368 462 2562 531 enirn

437 575 696 648 absens
725 560 1314 645 facere'malebat.
1342 573 1594 642 Statim
1629 585 1870 642 autem
1902 595 1979 642 se
2011 571 2316 661 iturum,
2349 570 2564 642 simul

438 712 519 759 ac
548 683 889 758 ludorum
930 697 1353 783 apparatum
1388 683 1511 770 iis,
1554 682 1684 779 qui
1723 683 2042 753 curaturi
2083 697 2323 754 essent
2348 738 2368 771 ,
2421 698 2566 755 tra-

436 795 749 867 didisset.
812 795 1108 891 Navigia
1167 791 1570 891 colligebat.
1637 798 1807 863 Erat
1856 792 2134 864 animus
2189 796 2266 863 in
2325 814 2565 865 cursu.

434 910 717 977 Interea
748 908 829 975 in
875 903 1144 977 eisdem
1190 904 1364 975 locis
1419 918 1624 991 erant
1677 900 1924 974 futuri.
1967 908 2228 973 Brutus
2272 903 2567 999 quidem

436 1041 513 1087 se
542 1014 779 1088 aiebat
802 1020 1099 1088 Asturae.
1126 1018 1201 1086 L.
1229 1014 1528 1112 quidem
1562 1017 1914 1088 Antonius
1937 1014 2326 1087 liberaliter
2347 1015 2570 1090 literis

437 1127 591 1198 sine
628 1149 803 1197 cura
853 1150 970 1198 me
1012 1150 1165 1197 esse
1219 1123 1448 1223 jubet.
1507 1124 1759 1198 Habeo
1807 1117 2039 1199 un'um
2087 1124 2565 1198 beneficium·
2546 1182 2567 1215 ‚

436 1236 743 1309 alterum
773 1234 1107 1325 fortasse,
1130 1239 1206 1307 ni
1229 1239 1304 1307 in
1326 1233 1854 1309 Tusculanum³
1880 1236 2177 1308 venerit.
2198 1241 2262 1309 O
2281 1240 2569 1370 negotia

437 1368 587 1415 non
622 1338 961 1414 ferenda!
1010 1368 1171 1441 quae
1208 1340 1542 1414 feruntur
1579 1358 1839 1414 tamen.
1905 1337 2110 1413 '1523’
2171 1344 2373 1414 αἰτίαν
2441 1356 2567 1414 τῶν

436 1455 715 1546 Βρουτων
742 1450 839 1531 τίς
880 1444 1072 1545 εἶχεν·
1056 1502 1074 1537 ,
1130 1449 1552 1538 OctavianO,
1573 1462 1653 1520 ut
1678 1454 2044 1549 perspexi,
2062 1452 2228 1521 satis
2258 1450 2567 1547 ingenii,

437 1558 603 1626 satis
643 1556 901 1645 animi3
938 1553 1460 1653 videbaturque
1492 1580 1660 1652 erga
1691 1570 1976 1628 nostros
2001 1563 2248 1653 ἥρωας
2240 1559 2339 1627 ita
2367 1554 2518 1629 fore
2546 1612 2567 1646 ,

441 1678 522 1734 ut
548 1689 685 1735 nos
707 1664 1090 1753 vellemus,
1113 1668 1487 1737 animatus.
1520 1664 1660 1737 Sed
1687 1666 1868 1763 quid
1902 1668 2091 1739 aetati
2128 1664 2570 1739 credendum

438 1772 571 1858 sit,
614 1770 793 1868 quid
843 1772 1165 1859 nomini,
1213 1770 1395 1869 quid
1438 1770 1857 1859 hereditati,
1916 1771 2096 1870 quid
2137 1769 2569 1871 κατηχήσειῆ

436 1886 679 1978 magni
719 1882 998 1953 consilii
1045 1897 1173 1955 est.
1236 1878 1600 1953 Vitricus⁶
1644 1881 1939 1980 quidem
1978 1881 2156 1953 nihil
2195 1880 2569 1968 censebat3

437 2014 659 2087 quem
696 1992 971 2063 Asturae
1007 1975 1334 2063 vidimus,
1372 1981 1513 2063 Sed
1544 2005 1786 2064 tamen
1824 1992 2127 2064 alendus
2154 2006 2301 2084 est;
2348 2008 2462 2081 et,
2489 2008 2574 2065 ut

437 2094 618 2170 nihil
646 2099 882 2190 aliud,
929 2098 1019 2175 ab
1059 2103 1382 2174 Antonio
1413 2099 1920 2200 sejungenduS.
1965 2102 2344 2175 Marcellus
2386 2129 2569 2203 prae·

437 2208 664 2297 clare,
694 2213 752 2281 si
786 2212 1109 2310 praecipit
1143 2206 1395 2285 uostro
1428 2214 1659 2285 nostri
1681 2224 1707 2270 ⁷
1750 2241 1766 2283 ε
1797 2213 1916 2306 cui
1949 2213 2240 2309 quidem
2278 2214 2400 2286 ille
2441 2213 2566 2285 de·

439 2320 630 2393 ditus
656 2322 835 2394 mihi
860 2319 1261 2396 videbatur.
1291 2326 1533 2396 Pansae
1557 2337 1794 2395 autem
1825 2337 1898 2395 et
1923 2324 2156 2395 Hirtio
2175 2347 2325 2394 non
2353 2323 2568 2394 nimis

437 2426 795 2500 credebat.
827 2434 1025 2501 Bona
1060 2428 1339 2506 indoles
1361 2485 1381 2520 ,
1408 2430 1528 2500 ἐὰν
1560 2423 1837 2527 διαμείνῃ
1858 2423 1913 2500 ⁸.

506 2591 557 2642 3.
598 2589 667 2640 Ni
688 2593 738 2640 in
782 2587 1122 2643 Tusculanum.
1149 2592 1201 2640 si
1219 2627 1234 2652 ,
1258 2593 1451 2658 inquit,

435 2671 681 2718 Antonius
706 2673 760 2719 in
780 2673 1110 2721 Tusculanum
1140 2689 1243 2721 non
1261 2675 1425 2723 veniet
1437 2710 1454 2737 ,

435 2765 533 2813 qua
548 2765 661 2799 eum
678 2763 934 2800 venturum
948 2751 1234 2816 praedicant,
1246 2753 1453 2800 alterum

435 2829 497 2878 ab
532 2845 592 2878 eo
622 2829 919 2880 ‘beneficium
950 2832 1158 2882 habebo.
1192 2831 1454 2882 Nar-retum
1485 2880 1495 2889 ‚

436 2908 591 2957 fuerat
630 2910 857 2958 Ciceroni
890 2911 1163 2960 Antonium
1194 2922 1452 2959 venturum

438 3003 543 3034 esse
568 2989 621 3035 in
640 2987 971 3037 Tusculanum
1002 3005 1115 3038 cum
1141 2991 1335 3038 ermetis
1358 2991 1455 3039 ho-

436 3065 678 3126 minibus,
706 3077 761 3114 ut
789 3082 958 3130 agrum
985 3067 1251 3118 divideret:
1280 3085 1375 3132 quc
1394 3069 1456 3118 de

438 3161 490 3192 re
513 3161 657 3209 snpra
677 3180 693 3205 ,
738 3148 881 3210 epist.
918 3149 968 3197 8.
1006 3149 1205 3198 Bonus.
1232 3175 1305 3186 -
1326 3149 1457 3197 olim

438 3223 483 3270 si
491 3258 507 3281 ,
532 3224 671 3288 quod
696 3223 892 3274 Sehiitz.
916 3227 1141 3274 servavit.

499 3290 559 3360 ἦ.
580 3299 739 3352 Tim&
752 3303 926 3358 αἰτίαν.
960 3305 1238 3370 legendum
1254 3315 1329 3354 est
1345 3321 1457 3354 eum

438 3383 840 3448 interrogatione,
871 3406 896 3428 α
914 3386 1103 3433 Horum
1129 3385 1325 3449 eulpam
1346 3387 1458 3450 quis

438 3465 703 3513 Brutorum
731 3467 933 3513 sustinet
953 3469 975 3514 Ρ
992 3487 1019 3508 ι·
1056 3465 1141 3531 qui
1172 3465 1353 3514 scilicet
1370 3481 1457 3513 au·-

438 3554 547 3591 ctor
574 3545 669 3592 fuit
687 3579 704 3604 ,
735 3555 795 3594 ut
820 3546 1039 3594 Antonio
1074 3555 1369 3610 parceretur.
1405 3545 1459 3594 Si

436 3623 565 3671 enim
580 3639 679 3672 um
708 3639 821 3671 cum
848 3625 1035 3673 Caere
1058 3623 1304 3672 Antonius
1324 3623 1461 3672 occi·

436 3719 519 3750 eus
534 3703 719 3764 fuisset,
730 3719 833 3752 non
846 3702 1017 3754 flerent
1030 3704 1139 3754 hnc
1151 3704 1343 3768 negotia
1356 3719 1457 3752 uon

436 3797 543 3830 nou
570 3783 783 3833 ferenda.
808 3784 954 3832 Pon·
962 3818 974 3832 .

1533 2569 1538 2574 .
1614 2595 1666 2642 5.
1692 2589 1986 2656 Kar-emicet.
2005 2591 2330 2654 Imeimeioni,
2351 2609 2450 2658 qua
2473 2593 2567 2642 fuit

1488 2690 1493 2698 ¹
1538 2690 1570 2722 ‚a
1587 2674 1779 2722 Caesare
1796 2673 2114 2734 informatus,
2134 2672 2369 2720 eruditus.

1613 2753 1666 2801 6.
1697 2751 1926 2801 Vitricus.
1954 2755 2010 2801 L.
2031 2751 2240 2799 Martius
2263 2751 2532 2815 Philippus.

1613 2849 1664 2894 7.
1693 2833 1874 2881 Nostro
1905 2843 2081 2879 nosm.
2109 2827 2352 2880 Nonnulli
2375 2829 2460 2878 hic
2489 2828 2565 2877 ri-

1541 2912 1662 2984 deut
1699 2911 1940 2974 Quintum
1977 2911 2152 2973 Quinti
2192 2907 2373 2966 filium,
2402 2918 2452 2956 et
2471 2891 2569 2957 hoc
2629 2963 2636 2970 ,

1541 3001 1713 3055 putant
1757 3005 2044 3054 responsum
2091 3004 2193 3036 esee
2235 2988 2439 3046 Attico,
2481 2987 2566 3049 qui

1543 3071 1800 3136 scripserat
1816 3104 1831 3128 ,
1875 3067 2167 3118 Marcellum
2217 3067 2406 3129 Quinto
2461 3063 2567 3113 fflio
2673 3056 2681 3062 ⁸

1545 3149 1824 3214 praecipere,
1846 3163 1966 3213 ques
1982 3157 2141 3211 partes
2156 3147 2210 3194 in
2227 3145 2476 3209 republica
2489 3147 2568 3192 se'-

1520 3239 1790 3294 queretur.
1812 3224 2112 3290 Mongeltius
2137 3233 2302 3272 norem
2315 3233 2367 3273 et
2389 3221 2568 3270 nostris

1542 3307 1738 3372 reponit
1751 3341 1769 3366 .,
1791 3317 1842 3354 et
1866 3305 1936 3354 nic
1971 3303 2182 3368 explicet
2203 3317 2217 3353 ε
2253 3302 2310 3350 Si
2341 3299 2570 3367 proect‘pt‘c

1545 3386 1832 3448 Octaviano,
1851 3383 2072 3432 'deditum
2092 3397 2194 3430 esse
2209 3391 2378 3430 noum
2393 3379 2568 3440 Bruto,

1546 3465 1721 3514 nostr-fs
1743 3463 1994 3512 heroibus.
2036 3465 2183 3510 Favet
2223 3459 2362 3524 quod
2397 3459 2568 3524 paucis

1545 3555 1658 3592 ante
1675 3541 1896 3592 versibus
1915 3541 2102 3590 dictum
2119 3550 2218 3590 eet:
2239 3539 2565 3588 «Videbunt-

1543 3641 1643 3688 que
1663 3639 1782 3686 erge
1805 3632 2000 3670 nonu-os
2019 3617 2180 3688 ἥρωας
2201 3621 2270 3668 ite
2289 3619 2410 3678 fore,
2433 3629 2526 3668 etc.
2540 3641 2568 3661 a·

1546 3701 1682 3752 nihil
1703 3701 1890 3750 offendi
1917 3694 2286 3748 melius.'01.rv.
2312 3735 2319 3742 .

1621 3783 1672 3830 8.
1693 3769 1790 3830 ἐὰν
1813 3774 2056 3846 διαμείνῃ.
2079 3777 2133 3828 si
2155 3777 2488 3844 perne-serit.

1232 3989 1286 3994 --
1326 3974 1793 4002 -w—
