3019 4681
434 350 581 437 426
1077 354 1174 421 Μ.
1228 354 1307 422 Τ.
1362 353 1940 423 CICERONIS

438 470 809 545 clientibus
832 470 1065 543 tribus
1082 470 1247 543 filiis
1262 475 1452 568 eJus,
1470 470 1816 561 etfilia;ot'›
1833 475 2032 543 ταυτὸ
2059 476 2126 543 ἐκ
2145 472 2294 545 τοῦι
2310 474 2331 507 ¹
2369 480 2582 547 αὐτοῦ.

435 582 633 674 Quid
673 596 781 654 est
818 581 1099 653 hoca?
1139 583 1335 673 Quid
1371 597 1481 655 est
1506 596 1793 669 autem,
1829 606 1962 654 cur
1991 606 2128 680 ego
2155 600 2584 679 personatus

436 691 855 763 ambulem?
884 717 1239 791 parumne
1282 692 1475 765 foeda
1507 718 1820 793 persona
1853 707 1967 764 est
2003 694 2229 791 ipsius
2255 710 2586 767 senectu-

434 804 572 875 tis?
605 802 825 894 Quod
872 807 1135 876 Brutus
1172 818 1421 902 rogat,
1474 818 1560 875 ut
1598 818 1764 875 ante
1805 802 2150 876 kalendas
2174 801 2274 893 ¹³3
2319 804 2414 875 ad
2463 831 2581 878 me

437 936 739 1012 quoque
769 914 1089 1011 scripsit:
1132 929 1205 987 et
1248 914 1552 987 fortasse
1594 912 1870 987 faciam.
1919 914 2060 987 Sed
2097 914 2346 1013 plane,
2402 916 2584 1014 quid

438 1024 611 1098 velit
634 1079 655 1114 ‚
708 1028 977 1095 nescio.
1020 1024 1218 1116 Quid
1254 1030 1449 1097 euim
1490 1024 1600 1095 illi
1631 1022 1894 1096 afferre
1937 1024 2218 1099 consilii
2247 1049 2584 1124 possum,

316 1178 321 1183 ·
432 1159 665 1233 quum
700 1136 855 1232 ipse
892 1158 1143 1233 egeam
1180 1134 1529 1207 consilio?
1563 1149 1640 1217 et
1670 1160 1902 1232 quum
1939 1133 2064 1207 ille
2105 1158 2250 1205 suae
2281 1138 2580 1206 immor·

435 1244 693 1316 talitati
727 1243 1022 1334 melius,
1053 1271 1275 1343 quam
1312 1259 1564 1319 nostro
1588 1247 1740 1317 otio
1759 1299 1778 1332 ‚
1809 1246 2258 1317 consuluerit
2283 1244 2312 1315 Ρ
2333 1248 2444 1317 De
2470 1270 2584 1317 re·

433 1356 679 1454 gina¹⁴
696 1410 715 1443 ,
734 1380 991 1427 rumor
1018 1361 1538 1455 exstinguetur.
1563 1360 1673 1429 De
1699 1356 2014 1427 Flamma
2033 1351 2448 1444 ¹⁵,obsecro
2475 1370 2545 1427 te
2563 1410 2582 1443 ‚

432 1464 495 1535 si
531 1464 715 1562 quid
752 1479 983 1563 potes.

526 1578 702 1647 Heri
725 1572 787 1621 ¹⁶
818 1575 1161 1649 dederam
1213 1576 1303 1649 ad
1350 1592 1423 1649 te
1464 1577 1708 1649 literas
1757 1579 2008 1649 exieus
2057 1602 2100 1649 e
2135 1576 2538 1649 Puteolano
2562 1628 2582 1664 ‚

432 1682 1035 1785 deverteramque
1080 1691 1160 1759 in
1224 1693 1660 1761 Cumanum.
1716 1686 1830 1759 Ibi
1877 1685 2072 1760 bene
2096 1699 2156 1745 ¹⁷
2219 1686 2578 1759 valentem

428 1794 747 1867 videram
766 1796 1041 1869 Piliam.
1078 1801 1273 1891 Quin
1318 1803 1534 1907 etiam
1561 1798 1822 1871 Baulos
1845 1792 1912 1843 ¹⁸
1938 1802 2183 1871 Cumis
2221 1822 2380 1871 eam
2409 1794 2578 1869 vidi.

430 1909 739 1979 Venerat
770 1911 965 1981 enim
1006 1912 1078 1981 in
1118 1908 1397 1982 funus.
1438 1912 1560 1982 cui
1595 1910 1835 1982 funeri
1873 1934 2010 2011 ego
2056 1932 2362 2006 quoque
2399 1932 2578 2005 ope-

430 2040 585 2088 ram
622 2017 811 2091 dedi.
845 2025 925 2093 C.
960 2021 1345 2108 Lucullus,
1382 2019 1749 2093 familiaris
1765 2035 2050 2109 noster,
2075 2034 2380 2093 matrem
2409 2016 2581 2091 effe-

427 2126 658 2199 rebat.
694 2133 927 2202 Mansi
968 2134 1191 2229 igitur
1226 2158 1314 2203 eo
1354 2131 1472 2204 die
1511 2136 1592 2203 in
1635 2133 2107 2220 sinuessan03
2149 2145 2370 2227 atque
2405 2128 2579 2202 inde

427 2263 641 2309 mane
688 2239 1037 2336 postridie
1070 2245 1425 2342 Arpinum
1453 2241 1920 2343 proficiscens
1939 2297 1960 2331 ,
1986 2242 2176 2315 hanc
2200 2240 2578 2339 epistolam

426 2355 733 2422 exaravi.
774 2359 942 2424 Erat
982 2369 1227 2428 autem
1260 2356 1449 2428 nihil
1482 2359 1689 2444 novi,
1732 2355 1934 2454 quod
1979 2369 2110 2428 aut
2141 2353 2578 2437 scriberem,

500 2515 522 2550 1
536 2515 579 2549 ι.
596 2501 668 2551 Οὐ
681 2503 829 2554 ‘mure
848 2505 901 2554 ὺι
916 2497 997 2556 τ’·ὀῦ
1019 2506 1181 2557 αὐτοῦ.
1204 2509 1313 2556 Non
1328 2507 1456 2556 idem

428 2597 494 2628 cx
506 2583 675 2630 eodem
686 2600 707 2632 .·
716 2583 925 2648 eleganti
942 2603 1057 2634 sane
1065 2588 1320 2636 sententia.
1332 2588 1455 2634 Nam

425 2677 579 2723 quum
616 2661 819 2712 dixisset
841 2679 894 2712 se
938 2679 1043 2712 eam
1068 2665 1321 2714 mulierem
1338 2700 1355 2724 ,
1396 2666 1455 2714 de

424 2756 521 2804 qua
542 2739 624 2788 hic
644 2743 745 2805 agit
759 2778 774 2801 ,
788 2743 921 2808 apud
939 2745 1123 2792 amicos
1138 2743 1459 2803 collaudasse,

428 2819 589 2868 statim
616 2819 815 2882 subjicit
848 2839 901 2870 se
926 2822 1141 2870 eamdem
1176 2821 1372 2886 probris
1408 2833 1457 2871 et

428 2897 701 2950 maledictis
746 2899 1045 2949 cousddiaae
1061 2934 1077 2959 ‚
1110 2915 1275 2950 eoram
1299 2900 1457 2950 tribus

312 2960 320 2969 ⁰
424 2979 531 3040 ejus
556 2977 670 3027 filiis
706 2991 757 3028 et
790 2978 906 3028 filia.
942 2980 1003 3028 Id
1028 2981 1159 3028 euim
1184 2979 1456 3044 significare

424 3057 607 3118 voluit,
628 3075 781 3123 quum
806 3059 876 3108 ait
902 3076 953 3108 se
978 3075 1079 3108 non
1094 3059 1263 3108 eadem
1283 3077 1347 3109 ex
1366 3076 1453 3109 eo-

398 3144 412 3162 ‘
424 3137 537 3186 dau
550 3154 637 3188 ore
648 3138 850 3190 efflasse.
870 3143 1119 3204 Integrum
1136 3139 1453 3204 proverbium

424 3233 529 3266 uon
554 3219 808 3284 apposuit,
828 3219 914 3268 sed
939 3221 1044 3281 ejus
1070 3220 1452 3286 dumtaxatpar-

424 3309 522 3346 tem
533 3332 550 3360 ,
570 3300 761 3348 omissis
776 3317 867 3349 sno
886 3316 1023 3348 more
1036 3299 1329 3364 quibusdam
1348 3315 1454 3348 ver-

424 3377 501 3425 bis
519 3415 535 3440 ‚
554 3393 663 3442 quae
680 3379 821 3428 facile
838 3381 1138 3428 extrinsecus
1160 3379 1338 3426 assumi
1355 3394 1453 3444 po-

432 3468 609 3508 terant.
640 3459 895 3522 Explicat„
929 3459 1205 3508 distinctos
1233 3455 1378 3508 τωτὸ
1401 3457 1493 3508 a'a-

425 3541 507 3588 τοῦ
536 3537 679 3588 αὑτοῦ
709 3535 945 3606 στόματος
979 3538 1243 3598 tamum,
1270 3539 1323 3588 id
1349 3551 1453 3599 est,

424 3633 528 3666 uon
563 3618 692 3666 idem
721 3636 784 3667 ex
822 3620 997 3668 eodem
1028 3635 1113 3668 ore
1140 3619 1328 3678 efflavi,
1366 3619 1456 3668 aed

420 3711 515 3762 pro
556 3695 783 3745 laudibus
817 3699 997 3762 probra
1024 3697 1203 3762 objeci.
1242 3698 1454 3748 Videtur

420 3785 585 3824 autem
607 3775 813 3825 alluaum
848 3777 944 3826 hoc
986 3777 1255 3841 proverbio
1278 3777 1343 3827 ad
1378 3779 1452 3826 sa·

424 3851 587 3902 hulam
616 3855 893 3918 Enopicam
916 3855 976 3904 de
1001 3858 1177 3920 Satyro
1194 3891 1211 3916 ,
1246 3857 1333 3922 qui
1358 3857 1449 3906 nni-

416 3935 613 3984 rabatur
624 3935 859 3984 rusticum
868 3951 933 3984 ex
948 3935 1121 3986 eodem
1136 3953 1221 3988 ore
1234 3938 1446 3988 calidum

413 4027 459 4063 et
488 4015 719 4080 frigidum
736 4013 914 4064 efflare.
941 4017 1059 4066 Bon.

484 4111 565 4144 xa.
590 4095 723 4158 Quid
745 4107 819 4144 est
840 4094 934 4142 hoc
948 4101 976 4143 .³
997 4097 1107 4144 Hoc
1126 4095 1352 4145 additum
1373 4109 1445 4174 ως

1545 2519 1793 2572 tamquam
1809 2525 1874 2556 ex
1890 2523 2098 2572 persona
2129 2506 2282 2555 Attici
2296 2540 2310 2564 ,
2325 2506 2411 2570 qui
2431 2503 2578 2552 mira·

1545 2598 1682 2636 turus
1700 2599 1802 2636 erat
1821 2589 2104 2636 Ciceronem
2123 2587 2450 2651 vituperasse,
2467 2598 2580 2648 qun

1545 2667 1714 2732 paullo
1733 2677 1847 2715 aute
1869 2666 2128 2714 laudasset.
2147 2667 2234 2714 Est
2247 2664 2376 2714 enim
2394 2665 2575 2729 inpro-
2655 2687 2661 2692 ·

1544 2745 1600 2792 bi
1625 2746 1715 2792 viri
1732 2779 1745 2803 ,
1770 2745 1906 2808 quod
1936 2744 2089 2793 modo
2111 2743 2412 2800 laudaveris,
2444 2743 2576 2791 vitu·

1543 2838 1733 2888 perare.
1760 2825 1968 2873 Bonus.

1621 2903 1701 2951 13.
1725 2904 1792 2950 Ut
1809 2913 1929 2950 ante
1937 2901 2136 2950 kalend.
2154 2900 2364 2967 supple,
2383 2900 2576 2950 veniam

1545 2985 1752 3031 Romam
1773 3015 1788 3042 ,
1809 2981 1888 3029 vel
1913 2981 2078 3046 potius
2097 2981 2383 3030 Lanuvium.
2413 2981 2574 3030 Cosa.

1620 3071 1701 3118 14.
1715 3059 1922 3126 Regina.
1939 3059 2220 3126 Cleopatra.
2240 3060 2397 3126 Epist.
2419 3059 2466 3116 8,
2485 3059 2575 3108 lib.

1545 3139 2444 3190 xrv.Muu·rma.-1tmor.no
2469 3139 2574 3188 Ca-

1543 3224 1760 3283 sarioue,
1781 3237 1928 3288 quem
1961 3220 2166 3272 Cae-sris
2189 3217 2346 3270 fllium
2373 3218 2574 3284 agnosci

1543 3301 1761 3350 volebat.
1790 3303 1885 3350 En.

1621 3382 1702 3430 15.
1727 3381 1970 3428 Flamma.
1972 3377 2087 3426 Vid.
2111 3379 2252 3436 XIV,
2279 3377 2364 3426 16.
2391 3381 2483 3427 En.

1619 3463 1700 3512 ιδ.
1748 3459 1883 3510 Hm.
1921 3457 2164 3509 Corradus
2202 3458 2340 3522 prior
2364 3458 2574 3518 conjecit

1541 3542 1624 3590 hic
1644 3539 1842 3590 initium
1859 3555 2002 3588 uovae
2029 3537 2250 3604 epistola
2279 3537 2570 3589 faciendum.

1543 3622 1576 3670 J
1579 3637 1664 3670 ure
1685 3631 1830 3685 negat
1851 3617 2172 3682 Mongaltius.
2195 3619 2288 3667 En.

1621 3716 1704 3762 17.
1725 3699 2038 3764 Alii‚poene.
2062 3700 2112 3748 J.
2134 3699 2202 3746 V.
2230 3700 2286 3746 L.

1615 3797 1638 3829 ι
1649 3782 1697 3830 8.
1723 3780 2014 3841 Coniectura
2030 3789 2106 3828 est
2123 3779 2282 3840 Boaii,
2307 3779 2394 3826 vix
2411 3787 2571 3826 tamen

1539 3859 1754 3910 ferenda.
1779 3859 1907 3908 Rdd.
1924 3875 2006 3924 pr.
2021 3859 2206 3908 habent
2223 3857 2424 3924 «paullo
2446 3857 2570 3906 clam

1539 3941 1650 3988 iis».
1681 3938 1924 3989 Corradus
1943 3939 2080 4000 conj.
2099 3937 2306 4004 «paullo
2327 3937 2501 3986 clarius
2519 3953 2570 3996 »ς

1535 4021 1719 4084 Popula
1732 4053 1749 4081 ,
1767 4041 1794 4062 α
1801 4017 2038 4084 pullatam
2059 4017 2225 4069 Cumis
2235 4035 2286 4078 »ς
2305 4018 2394 4068 ηιμ·
2399 4016 2568 4082 paullo

1535 4110 1673 4163 post,
1695 4111 1788 4148 etc.
1809 4122 1834 4142 n
1856 4101 1889 4148 J
1892 4135 1906 4147 .
1929 4102 1992 4147 V.
2015 4103 2070 4150 11·
