3019 4681
495 385 1015 458 EPISTOLAE
1066 387 1198 453 AD
1248 385 1337 473 o.
1370 387 1904 475 FRATREM,
1946 392 2110 477 111,
2169 415 2226 460 1.
2312 389 2455 462 625

318 511 524 596 fecit3
568 535 705 582 nec
728 565 748 597 ,
807 511 865 580 si
918 507 1139 580 ullam
1198 523 1476 606 partem
1528 509 1882 582 libertatis
1932 511 2238 603 teneb0,
2280 539 2455 614 pro-

317 619 513 693 ficiet
529 615 618 690 ⁴⁸.
662 624 850 690 Tuas
888 619 1131 690 literas
1158 618 1626 722 veliementer
1653 638 2010 718 exspecto.-
2047 625 2266 714 Quod
2295 632 2462 698 scri-

318 730 430 801 bis
468 747 539 802 te
570 727 891 816 audisse,
930 729 1007 797 in
1043 725 1596 800 candidatorum
1627 731 2112 805 consularium
2145 737 2460 810 coitione

318 865 435 912 me
469 837 917 925 interfuisse,
960 837 1035 908 id
1073 836 1333 909 falsum
1380 856 1511 910 est.
1555 841 1930 936 Ejusmodi
1965 846 2155 915 enirn
2191 851 2458 944 pactio-

321 947 447 1022 nes
477 951 555 1020 in
583 973 667 1019 ea
694 951 1009 1020 coitione
1029 951 1097 1008 ⁴9
1129 947 1333 1019 factae
1360 964 1570 1040 sunt,
1602 976 1779 1048 quas
1797 969 2046 1050 postea
2072 961 2458 1030 Memmius

320 1059 692 1159 patefecit,
726 1072 809 1130 ut
839 1081 1057 1130 nemo
1084 1055 1328 1129 bonus
1354 1059 1702 1131 interesse
1733 1060 2108 1135 debuerit}
2146 1081 2220 1136 et
2246 1069 2459 1138 simul

321 1169 502 1240 mihi
523 1166 1125 1240 committendum
1153 1193 1304 1238 non
1333 1167 1471 1240 fuit
1490 1224 1511 1258 ,
1536 1185 1620 1241 ut
1644 1170 1754 1242 his
1780 1173 2218 1246 coitionibus
2246 1177 2463 1247 inter-

323 1305 587 1380 essem,
608 1279 897 1376 'quibus
928 1278 1257 1349 Messalla
1294 1280 1840 1372 excluderetur3
1873 1285 1989 1355 cui
2023 1285 2314 1381 quidem
2349 1311 2466 1358 ve-

322 1389 697 1460 hementer
726 1385 1079 1459 satisfacio
1108 1387 1331 1459 rebus
1360 1389 1706 1462 omnibus
1735 1415 1754 1462 t
1784 1407 1868 1464 ut
1890 1393 2224 1484 arbitror,
2248 1399 2464 1468 etiam

321 1500 688 1569 Memmio.
726 1497 1053 1568 Domitio
1070 1494 1135 1540 ⁵⁰
1174 1500 1313 1594 ipsi
1345 1498 1575 1570 multa
1601 1500 1753 1595 jam
1793 1500 1966 1590 feci,
2001 1529 2163 1601 quae
2200 1507 2466 1596 voluit,

324 1632 632 1706 quaeque
678 1632 717 1679 a
760 1632 879 1679 me
926 1608 1200 1705 petivit.
1245 1611 1590 1679 Scaurum
1629 1609 1989 1683 beneficio
2023 1611 2465 1688 defensionis

323 1720 529 1791 valde
562 1717 897 1816 obligavi.
930 1717 1188 1790 Adhuc
1214 1734 1366 1788 erat
1402 1718 1610 1791 valde
1637 1723 1995 1795 incertum
2015 1778 2035 1812 ,
2063 1735 2136 1794 et
2165 1725 2464 1820 quando

325 1831 648 1917 comitia,
683 1844 754 1901 et
783 1829 914 1926 qui
949 1827 1284 1899 consules
1322 1827 1548 1900 futuri
1590 1846 1848 1902 essent.

422 1943 672 2031 Quum
712 1939 902 2011 hanc
930 1941 1077 2034 jam
1117 1938 1493 2036 epistolam
1527 1940 2079 2038 complicarem,
2115 1935 2467 2014 tabellarii

326 2075 369 2121 a
398 2049 609 2122 vobis
648 2064 1013 2121 venerunt
1056 2073 1119 2120 a.
1172 2047 1243 2118 d.
1294 2075 1370 2120 x1
1422 2049 1566 2120 kal.
1616 2050 1911 2150 sept.⁵¹,
1951 2055 2292 2124 vicesimo
2330 2055 2466 2125 die.

323 2165 389 2232 O
427 2186 545 2232 me
586 2157 1011 2232 sollicitum!
1051 2173 1409 2256 quantum
1448 2184 1585 2257 ego
1621 2161 1824 2232 dolui
1865 2167 1944 2232 in
1981 2164 2271 2234 Caesaris
2303 2187 2466 2234 sua-

325 2273 629 2343 vissimis
656 2267 916 2342 literis!
962 2268 1090 2340 sed
1129 2292 1279 2365 quo
1317 2283 1524 2340 erant
1551 2275 1958 2363 suavioreS,
1998 2297 2088 2345 eo
2119 2274 2466 2370 majorem

323 2382 653 2455 dolorem
690 2382 880 2452 illius
907 2380 1028 2451 ille
1056 2400 1261 2452 casus
1278 2377 1342 2423 ⁵²
1372 2378 1741 2453 afferebat.
1773 2384 1914 2456 Sed
1943 2384 2032 2455 ad
2063 2394 2224 2457 tuas
2251 2387 2470 2457 venio

324 2495 587 2565 literaS.
616 2493 936 2563 Primum
968 2506 1165 2562 tuam
1195 2493 1729 2585 remansionem
1758 2498 1979 2566 etiam
2005 2510 2222 2594 atque
2253 2499 2469 2567 etiam

324 2602 565 2703 probo
584 2657 605 2692 ,
626 2602 1023 2701 praesertim
1051 2626 1320 2699 quum,
1346 2616 1429 2672 ut
1457 2602 1711 2676 scribis
1731 2660 1752 2694 ,
1782 2630 1946 2677 cum
1979 2612 2251 2679 Caesare
2279 2632 2475 2679 com-

322 2715 735 2786 municaris,
776 2715 1099 2811 Oppium
1135 2714 1364 2783 miror
1399 2713 1802 2811 quidquam
1837 2742 2004 2789 cum
2035 2717 2350 2790 Publilio
2369 2714 2465 2787 ⁵³:

326 2826 504 2897 mihi
538 2826 731 2897 enim
776 2848 929 2895 non
974 2823 1363 2921 placuerat.
1418 2823 1640 2911 Quod
1685 2828 2030 2899 interiore
2054 2824 2118 2879 ⁵⁴
2169 2828 2474 2933 epistola

400 3076 487 3131 48.
508 3072 917 3142 Neo...proficiet.
938 3077 1097 3123 Immo
1114 3072 1358 3138 profecit:

324 3166 387 3205 nt
411 3154 559 3202 etiam
582 3154 868 3213 Gabinium,
893 3169 1039 3217 quem
1061 3152 1229 3218 paullo
1251 3161 1363 3199 ante

326 3241 669 3291 accusaverat,
717 3247 840 3279 mox
881 3242 1055 3295 rogatu
1109 3230 1359 3293 PompeiI,

327 3328 434 3359 non
455 3296 559 3359 sine
584 3310 745 3374 aliqua
770 3310 985 3359 levitatis
1008 3322 1129 3358 nota
1145 3344 1160 3367 ‚
1188 3310 1363 3359 Cicero

327 3382 633 3439 defenderit.¹
646 3390 745 3438 Dio
766 3425 782 3451 ,
806 3400 855 3437 et
880 3390 944 3438 ad
958 3391 1073 3439 Div.
1092 3405 1173 3453 ep.
1192 3405 1215 3436 1
1234 3420 1251 3448 ,
1272 3388 1359 3437 lib.

327 3470 445 3519 vn.
474 3470 621 3519 Mau.

404 3558 489 3612 49.
530 3546 761 3596 coitione.
799 3546 885 3595 Ad
906 3546 1061 3595 Attio.
1087 3546 1233 3611 epist.
1262 3547 1325 3595 18
1342 3579 1359 3607 ,

328 3628 419 3676 lib.
444 3630 537 3676 lv.
572 3630 725 3675 Inu.

404 3711 488 3758 50.
512 3690 740 3754 Domitio.
764 3702 1021 3753 Consulari
1045 3702 1327 3752 candidato.

404 3788 489 3835 51.
527 3786 744 3835 Omnino
782 3782 1130 3845 corrigendum
1165 3795 1263 3831 oct.
1304 3792 1361 3830 nt

324 3870 428 3929 jam
447 3866 573 3914 vidit
589 3863 863 3914 Manutius.
890 3865 940 3911 J.
962 3865 1029 3912 V.
1054 3864 1111 3910 1..

411 3948 497 3996 52.
536 3944 629 3994 1110
656 3960 816 3993 casus.
847 3944 975 3989 Puto
1001 3941 1101 3989 diei
1125 3976 1141 3999 ‚
1160 3940 1358 3989 naufra-

316 4027 467 4103 ‘gium
508 4024 769 4074 multarum
804 4021 1003 4069 navium
1037 4020 1091 4066 in
1124 4020 1358 4069 Oceano:

334 4106 397 4153 de
424 4121 527 4169 quo
567 4103 695 4150 libro
724 4104 797 4149 lv
825 4102 1103 4149 Comment-
1134 4100 1195 4147 de
1226 4099 1357 4150 bello

533 4194 658 4259 ῙῙῙ.
722 4204 818 4254 Cic.
838 4218 957 4271 pars
982 4212 1168 4271 quarta.

1453 3072 1644 3121 Gallico
1687 3076 1871 3124 mentio
1901 3074 1976 3125 fit.
2002 3076 2222 3125 Manu-r.
2251 3102 2321 3113 --
2347 3077 2476 3125 Vide

1448 3164 1618 3201 notam
1645 3153 1734 3201 ult.

1525 3232 1610 3281 53.
1638 3232 1866 3281 Publilio.
1893 3232 2106 3281 Tislinns
2133 3232 2254 3297 legit
2279 3232 2474 3295 Publio,

1450 3321 1500 3358 et
1545 3311 1616 3358 sie
1663 3311 2010 3375 interpretatur
2041 3324 2055 3358 ε
2097 3312 2314 3375 Oppium
2359 3328 2474 3360 cum

1450 3392 1507 3440 P.
1542 3390 1722 3439 Clodio
1765 3392 1919 3438 miror
1969 3388 2238 3453 quidquam
2289 3390 2476 3453 negotii

1448 3469 1640 3518 habere.
1668 3472 1782 3519 Non
1823 3480 1896 3517 est
1936 3469 2150 3517 insolens
2193 3480 2329 3518 curta
2369 3470 2474 3517 haec

1450 3546 1650 3595 dicendi
1675 3548 1800 3595 ratio
1815 3583 1829 3607 ,
1854 3547 2124 3611 prasertim
2143 3546 2196 3593 in
2224 3546 2474 3611 epistolis,

1451 3636 1501 3674 et
1535 3625 1757 3692 familiari
1791 3642 2028 3675 sermone.
2066 3624 2278 3673 Publilio
2311 3636 2474 3673 tamen

1449 3705 1600 3753 ceteri
1636 3720 1836 3753 omnes:
1877 3714 1926 3751 et
1965 3704 2176 3768 intelligi
2211 3716 2380 3769 potest
2410 3706 2472 3755 de

1448 3784 1692 3842 Publilio,
1719 3784 1782 3831 de
1809 3798 1910 3847 qno
1926 3784 2077 3831 Attic-
2095 3785 2228 3842 111,
2250 3800 2298 3845 7.
2323 3786 2472 3835 Omv.

1448 3890 1522 3899 —
1556 3862 1788 3913 Publilio.
1829 3862 2112 3925 Legendum
2164 3862 2356 3929 videtur
2399 3864 2475 3912 Vi·-

1449 3939 1616 3991 bullio.
1635 3943 1670 3989 J
1673 3943 1757 3991 .V.
1785 3942 1841 3989 L.

1523 4018 1608 4077 54.
1637 4018 1870 4069 Interior-e
1896 4018 2111 4083 epistola.
2147 4020 2266 4068 Non
2292 4036 2344 4067 ea
2375 4022 2474 4084 epi-

1446 4102 1586 4151 stolae
1621 4117 1732 4165 pars
1751 4134 1768 4160 ,
1785 4116 1896 4163 quae
1923 4116 1952 4147 a
1986 4099 2234 4165 principio
2263 4110 2312 4147 et
2331 4116 2358 4146 a
2377 4098 2477 4146 linc

2194 4188 2286 4267 [ιο
