3019 4681
571 381 662 454 32
1229 383 1328 451 M.
1377 383 1458 450 Τ.
1501 383 2057 454 CICERONIS

565 506 846 577 ratione
879 501 1148 576 fecisse.
1179 505 1344 574 Mea
1371 526 1535 598 quae
1572 527 1858 601 semper
1888 502 2107 576 fuerit
2138 511 2493 580 sententia
2514 565 2537 598 ‚
2570 511 2767 610 pri-

567 640 772 688 mum
811 615 904 686 de
933 637 1112 712 pace
1137 612 1254 683 vel
1281 613 1532 709 iniqua
1556 613 1973 684 conditione
2000 616 2381 688 retinenda
2398 673 2421 706 ‚
2450 618 2765 692 deinde

561 727 656 800 de
693 725 893 798 Urbe
931 729 1148 822 (nam
1177 720 1270 794 de
1325 723 1529 794 Italia
1566 722 1863 820 quidem
1910 723 2095 796 nihil
2140 725 2321 798 mihi
2362 753 2760 827 umquam

563 834 1060 928 ostenderas),
1105 833 1521 906 meminisse
1595 847 1665 905 te
1712 833 2049 906 arbitror.
2112 835 2253 908 Sed
2314 839 2495 910 mihi
2564 865 2757 912 non

563 971 814 1036 sumo,
854 960 940 1016 ut
963 967 1206 1014 meum
1241 942 1627 1014 consilium
1660 943 1897 1014 valere
1938 943 2271 1018 debuerit
2306 975 2323 1018 :
2358 965 2757 1047 sequutus

567 1081 728 1129 sum
771 1070 978 1126 tuum
1001 1107 1022 1141 ,
1065 1077 1304 1150 neque
1348 1051 1422 1124 id
1459 1053 1877 1151 reipublicae
1904 1079 2152 1144 causa,
2178 1057 2271 1130 de
2289 1085 2435 1157 qua
2458 1060 2753 1159 despe-

562 1168 750 1253 ravi,
787 1189 948 1262 quae
987 1177 1062 1235 et
1099 1187 1297 1234 nunc
1339 1161 1599 1235 afflicta
1634 1179 1781 1250 est,
1822 1189 1959 1238 nec
1996 1171 2289 1239 excitari
2326 1171 2481 1242 sine
2522 1173 2747 1243 civili

559 1273 1166 1374 perniciosissimo
1187 1272 1383 1344 bello
1421 1289 1665 1372 potest
1694 1301 1711 1346 ε
1740 1275 1865 1346 sed
1886 1290 1957 1347 te
1984 1277 2435 1374 quaerebam
2470 1295 2742 1353 tecum

563 1410 717 1458 esse
751 1382 1132 1484 cupiebam
1157 1410 1178 1470 ς
1215 1408 1457 1480 neque
1483 1383 1643 1479 ejus
1668 1386 1775 1456 rei
1796 1382 2247 1477 facultatem,
2284 1390 2513 1486 siqua
2544 1394 2739 1480 erit,

559 1496 1125 1596 praetermittam.
1155 1497 1311 1592 Ego
1341 1517 1460 1565 me
1497 1495 1573 1564 in
1606 1493 1743 1566 hac
1780 1499 1982 1568 omni
2010 1521 2227 1568 causa
2260 1495 2468 1570 facile
2496 1501 2739 1572 intel-

561 1605 870 1704 ligebam
900 1605 1274 1704 pugnandi
1317 1602 1601 1702 cupidis
1638 1603 2061 1678 hominibus
2094 1632 2243 1679 non
2280 1608 2732 1682 satisfacere.

558 1719 882 1790 Primum
925 1716 1118 1788 enim
1186 1738 1332 1811 prae
1383 1739 1502 1785 me
1548 1715 1726 1803 tuli,
1772 1739 1893 1787 me
1952 1716 2141 1788 nihil
2182 1717 2437 1805 malle,
2484 1744 2731 1816 quam

557 1852 814 1927 pacem
857 1854 874 1898 :
919 1851 1070 1898 non
1109 1829 1292 1922 quin
1327 1823 1579 1898 eadem
1615 1826 1947 1898 timerem
1970 1879 1991 1914 ‚
2032 1851 2196 1925 quae
2245 1827 2345 1898 illi
2379 1856 2400 1916 ς
2458 1829 2585 1902 sed
2626 1855 2731 1904 ea

555 1937 756 2012 bello
805 1938 994 2009 civili
1031 1936 1304 2006 leviora
1351 1933 1730 2008 ducebam.
1786 1937 1967 2008 Inde
1996 1989 2017 2025 ,
2078 1953 2415 2036 suscepto
2463 1936 2668 2012 bello
2695 1995 2720 2029 ‚

559 2073 790 2148 quum
825 2047 1024 2145 pacis
1065 2045 1520 2117 conditiones
1562 2043 1653 2116 ad
1694 2037 1771 2118 te'
1815 2043 2057 2118 afferri
2076 2097 2099 2134 ‚
2136 2069 2179 2116 a
2218 2061 2439 2143 teque
2480 2047 2573 2118 ad
2624 2073 2723 2122 ea

556 2156 959 2231 honorifice
995 2170 1068 2228 et
1115 2156 1310 2252 large
1359 2154 1785 2254 responderi
1836 2155 2197 2246 viderem3
2245 2155 2419 2228 duxi
2466 2183 2717 2232 meam

553 2261 997 2356 rationem83
1041 2286 1262 2363 quam
1299 2264 1434 2337 tibi
1475 2263 1681 2338 facile
1716 2291 1832 2338 me
1864 2265 2377 2365 probaturum,
2412 2293 2549 2367 pro
2572 2284 2716 2345 tuo

554 2383 638 2453 in
694 2404 812 2451 me
870 2376 1265 2464 beneficio,
1330 2374 1753 2448 arbitrabar.
1820 2382 2293 2450 Memineram
2361 2402 2480 2452 me
2550 2404 2717 2453 esse

555 2514 829 2578 unum,
863 2488 992 2585 qui
1017 2512 1154 2587 pro
1181 2488 1362 2559 meis
1401 2490 1729 2559 maximis
1768 2489 1846 2559 in
1877 2487 2397 2588 rempublicam
2428 2492 2713 2565 meritis

559 2600 910 2699 supplicia
962 2598 1357 2669 miserrima
1409 2613 1484 2670 et
1528 2598 2023 2671 crudelissima
2058 2599 2541 2698 pertulissem3
2584 2627 2709 2675 me

555 2738 714 2785 esse
753 2734 984 2783 unum
1015 2762 1036 2798 ‚
1086 2713 1257 2806 qui,
1315 2713 1376 2781 si
1429 2707 1897 2781 offendissem
1939 2710 2147 2806 ejus9
2182 2712 2505 2783 animum
2529 2766 2549 2799 ,
2583 2715 2707 2785 cui

561 2838 757 2912 tum,
792 2845 1022 2918 quum
1059 2820 1204 2915 jam
1238 2821 1316 2891 in
1357 2821 1572 2891 armis
1608 2843 1963 2907 essemuS‚
2000 2820 2413 2893 consulatus
2457 2836 2704 2897 tamen

557 2934 740 3006 alter
759 2986 780 3022 ‚
827 2946 900 3004 et
941 2930 1358 3029 triumphus
1407 2930 1887 3029 amplissimus
1932 2928 2389 3003 deferebatur
2408 2986 2429 3021 ,
2470 2933 2705 3030 subji-

559 3055 842 3119 cerer¹⁰
869 3042 1140 3115 eisdem
1180 3041 1515 3139 praeliis¹¹
1568 3069 1584 3112 :
1630 3056 1711 3113 ut
1750 3066 1909 3113 mea
1936 3066 2246 3140 persona
2282 3068 2567 3142 semper
2606 3045 2703 3116 ad

558 3150 1066 3253 improborum
1093 3152 1359 3223 civium
1396 3154 1711 3251 impetus
1732 3150 2008 3249 aliquid
2032 3150 2404 3225 videretur
2430 3150 2704 3227 habere

627 3342 680 3390 8.
699 3338 838 3389 Duxi
859 3355 1020 3387 meam
1039 3338 1298 3387 rationem.
1319 3340 1432 3386 Hoc
1449 3338 1586 3402 eogi-
1746 3356 1802 3402 9.
1828 3337 1968 3404 Ejus.
1998 3338 2214 3389 Cauris.
2241 3342 2333 3390 En.

557 3422 688 3480 tavi3
715 3418 869 3485 quid?
887 3434 988 3467 non
1014 3434 1115 3467 esee
1141 3418 1262 3466 mihi
1290 3418 1586 3477 faciendum,
1749 3434 1829 3467 ιο.
1864 3418 2005 3481 Legit
2022 3420 2213 3467 Manat.
2232 3419 2285 3467 in
2310 3428 2407 3468 vet.
2435 3420 2549 3469 cod.
2576 3422 2706 3487 obji-

557 3512 612 3551 ιιι
637 3498 839 3551 Cauris
854 3499 1066 3545 animum
1083 3496 1583 3561 offenderemzitaqne
1670 3512 1832 3557 cerer,
1864 3497 2003 3565 qnod
2038 3509 2090 3546 et
2126 3499 2307 3547 Ursino
2340 3500 2503 3548 verius
2542 3502 2703 3549 viuum

559 3582 692 3647 paci·
707 3590 881 3628 auctor
897 3578 968 3627 rui
983 3614 1001 3641 ‚
1017 3578 1096 3626 vel
1115 3594 1226 3626 eum
1245 3578 1304 3625 iis
1326 3577 1576 3626 conditio·
1669 3586 1743 3625 eet
1761 3610 1777 3634 ,
1804 3586 1853 3624 et
1876 3576 1989 3625 Sch.
2009 3580 2212 3642 recepit.
2236 3582 2285 3629 J.
2310 3578 2373 3625 V.
2393 3582 2448 3627 1..

557 3659 702 3707 nibus
717 3691 733 3715 ,
757 3671 876 3720 qnae
887 3654 970 3703 ille
997 3656 1163 3713 ferret,
1185 3656 1272 3720 qui
1289 3654 1422 3703 bello
1443 3656 1579 3703 civili
1746 3670 1767 3701 1
1781 3672 1803 3702 1
1816 3691 1827 3702 .
1840 3654 2035 3703 Eisdem
2044 3656 2253 3720 proeliis.
2270 3658 2699 3720 contentionibus,

558 3737 680 3785 nihil
703 3752 806 3785 esee
830 3734 1052 3783 miserius
1087 3733 1437 3797 intelligerem:
1461 3734 1581 3782 feei-
1671 3734 1849 3798 quibus
1872 3734 1992 3782 olim
2020 3734 2267 3796 subjectus
2286 3736 2374 3795 fui,
2390 3736 2571 3786 Clodio
2588 3740 2704 3803 qni-

557 3834 654 3882 que
681 3815 734 3863 id
771 3830 832 3863 eo
858 3813 1119 3869 libentius,
1147 3814 1284 3877 quia,
1326 3829 1480 3877 quum
1519 3813 1583 3860 ad
1672 3813 1782 3860 dem
1819 3824 2045 3872 auctore,
2073 3814 2157 3861 sed
2186 3814 2373 3863 Coenre
2400 3815 2700 3880 impellente.

558 3898 692 3962 pacis
719 3894 1027 3943 conditiones
1051 3890 1268 3940 viderem
1295 3908 1324 3940 ι
1359 3902 1408 3940 te
1432 3892 1585 3939 hono-
1672 3892 1904 3941 Cotum.
1930 3920 2000 3929 —
2024 3894 2177 3941 Notat
2212 3893 2417 3941 latenter
2441 3894 2699 3959 perfidiam

561 3976 694 4024 riflce
719 3977 944 4040 largeque
961 3973 1270 4037 responderi,
1288 3989 1448 4021 meum
1467 3988 1585 4020 con·
1672 3971 1925 4034 Pompeii,
1956 3972 2097 4033 enjus
2126 3972 2179 4019 in
2212 3973 2421 4021 amicitia
2448 3973 2699 4023 Clodianis

559 4056 719 4104 silium
749 4072 850 4103 non
881 4051 1152 4101 arbitrabar
1181 4070 1210 4100 a
1237 4063 1318 4100 tua
1346 4052 1583 4103 sententia
1672 4048 1976 4113 temporibus
1992 4066 2165 4116 parum
2181 4062 2391 4101 acuerat
2408 4068 2510 4103 esee
2532 4054 2699 4116 [περὶ.

557 4135 845 4199 discrepare.
871 4134 1025 4182 Mur.
1673 4126 1758 4175 dii.
1782 4130 1875 4177 En.
