<?xml version="1.0" encoding="UTF-8"?>
<!DOCTYPE html PUBLIC "-//W3C//DTD XHTML 1.0 Transitional//EN"
    "http://www.w3.org/TR/xhtml1/DTD/xhtml1-transitional.dtd">
<html xmlns="http://www.w3.org/1999/xhtml" xml:lang="en" lang="en">
 <head>
  <title>
</title>
<meta http-equiv="Content-Type" content="text/html;charset=utf-8" />
  <meta name='ocr-system' content='tesseract 3.04.00' />
  <meta name='ocr-capabilities' content='ocr_page ocr_carea ocr_par ocr_line ocrx_word'/>
</head>
<body>
  <div class='ocr_page' id='page_1' title='image "./mtciceronisquae04lemagoog_0178.png"; bbox 0 0 3019 4681; ppageno 0'>
   <div class='ocr_carea' id='block_1_1' title="bbox 571 362 2034 458">
    <p class='ocr_par' dir='ltr' id='par_1_1' title="bbox 571 362 2034 458">
     <span class='ocr_line' id='line_1_1' title="bbox 571 362 2034 458; baseline -0.002 -25"><span class='ocrx_word' id='word_1_1' title='bbox 571 386 703 458; x_wconf 77' lang='lat'><strong>172</strong></span> <span class='ocrx_word' id='word_1_2' title='bbox 1238 362 2034 432; x_wconf 79' lang='lat' dir='ltr'><strong>ARGUMENTUM.</strong></span> 
     </span>
    </p>
   </div>
   <div class='ocr_carea' id='block_1_2' title="bbox 630 483 2693 1727">
    <p class='ocr_par' dir='ltr' id='par_1_2' title="bbox 630 483 2693 1727">
     <span class='ocr_line' id='line_1_2' title="bbox 637 483 2690 564; baseline 0 -21"><span class='ocrx_word' id='word_1_3' title='bbox 637 484 979 544; x_wconf 80' lang='lat' dir='ltr'><strong>dictaturam</strong></span> <span class='ocrx_word' id='word_1_4' title='bbox 1012 483 1073 541; x_wconf 93' lang='lat' dir='ltr'><strong>in</strong></span> <span class='ocrx_word' id='word_1_5' title='bbox 1104 502 1350 557; x_wconf 86' lang='lat' dir='ltr'><strong>annum,</strong></span> <span class='ocrx_word' id='word_1_6' title='bbox 1374 485 1734 544; x_wconf 84' lang='lat' dir='ltr'><strong>tribunitiam</strong></span> <span class='ocrx_word' id='word_1_7' title='bbox 1757 497 2103 564; x_wconf 80' lang='lat' dir='ltr'><strong>potestatem</strong></span> <span class='ocrx_word' id='word_1_8' title='bbox 2125 483 2190 542; x_wconf 78' lang='lat' dir='ltr'><strong>in</strong></span> <span class='ocrx_word' id='word_1_9' title='bbox 2221 497 2501 544; x_wconf 63' lang='lat' dir='ltr'><strong>aeternum</strong></span> <span class='ocrx_word' id='word_1_10' title='bbox 2529 505 2690 546; x_wconf 84' lang='lat' dir='ltr'><strong>man-</strong></span> 
     </span>
     <span class='ocr_line' id='line_1_3' title="bbox 634 581 2692 661; baseline -0 -20"><span class='ocrx_word' id='word_1_11' title='bbox 634 581 809 642; x_wconf 85' lang='lat' dir='ltr'><strong>davit.</strong></span> <span class='ocrx_word' id='word_1_12' title='bbox 832 583 949 657; x_wconf 91' lang='lat' dir='ltr'><strong>Qui</strong></span> <span class='ocrx_word' id='word_1_13' title='bbox 973 581 1317 642; x_wconf 79' lang='lat' dir='ltr'><strong>dictaturam</strong></span> <span class='ocrx_word' id='word_1_14' title='bbox 1342 585 1539 645; x_wconf 82' lang='lat' dir='ltr'><strong>statim</strong></span> <span class='ocrx_word' id='word_1_15' title='bbox 1566 584 1713 654; x_wconf 88' lang='lat' dir='ltr'><strong>iniit,</strong></span> <span class='ocrx_word' id='word_1_16' title='bbox 1739 582 2006 661; x_wconf 88' lang='lat' dir='ltr'><strong>quamvis</strong></span> <span class='ocrx_word' id='word_1_17' title='bbox 2029 583 2167 640; x_wconf 90' lang='lat' dir='ltr'><strong>anni</strong></span> <span class='ocrx_word' id='word_1_18' title='bbox 2203 583 2364 642; x_wconf 81' lang='lat' dir='ltr'><strong>exitu</strong></span> <span class='ocrx_word' id='word_1_19' title='bbox 2379 631 2397 660; x_wconf 85' lang='lat'><em>,</em></span> <span class='ocrx_word' id='word_1_20' title='bbox 2420 585 2692 642; x_wconf 87' lang='lat' dir='ltr'><strong>Calenum</strong></span> 
     </span>
     <span class='ocr_line' id='line_1_4' title="bbox 635 677 2691 756; baseline -0.002 -17"><span class='ocrx_word' id='word_1_21' title='bbox 635 692 693 740; x_wconf 90' lang='lat' dir='ltr'><strong>et</strong></span> <span class='ocrx_word' id='word_1_22' title='bbox 713 679 1042 751; x_wconf 86' lang='lat' dir='ltr'><strong>Vatinium,</strong></span> <span class='ocrx_word' id='word_1_23' title='bbox 1070 678 1275 737; x_wconf 87' lang='lat' dir='ltr'><strong>eodem</strong></span> <span class='ocrx_word' id='word_1_24' title='bbox 1303 693 1542 738; x_wconf 85' lang='lat' dir='ltr'><strong>auctore</strong></span> <span class='ocrx_word' id='word_1_25' title='bbox 1559 724 1576 754; x_wconf 87' lang='lat'><strong>,</strong></span> <span class='ocrx_word' id='word_1_26' title='bbox 1603 677 2008 756; x_wconf 79' lang='lat' dir='ltr'><strong>subrogaverit</strong></span> <span class='ocrx_word' id='word_1_27' title='bbox 2037 679 2098 737; x_wconf 88' lang='lat' dir='ltr'><strong>in</strong></span> <span class='ocrx_word' id='word_1_28' title='bbox 2125 692 2322 738; x_wconf 83' lang='lat' dir='ltr'><strong>ternos</strong></span> <span class='ocrx_word' id='word_1_29' title='bbox 2351 680 2691 739; x_wconf 83' lang='lat' dir='ltr'><strong>novissimos</strong></span> 
     </span>
     <span class='ocr_line' id='line_1_5' title="bbox 639 777 2690 856; baseline -0.001 -20"><span class='ocrx_word' id='word_1_30' title='bbox 639 795 880 836; x_wconf 86' lang='lat' dir='ltr'><strong>menses.</strong></span> <span class='ocrx_word' id='word_1_31' title='bbox 939 781 1104 835; x_wconf 84' lang='lat' dir='ltr'><strong>Datae</strong></span> <span class='ocrx_word' id='word_1_32' title='bbox 1150 790 1282 835; x_wconf 85' lang='lat' dir='ltr'><strong>ante</strong></span> <span class='ocrx_word' id='word_1_33' title='bbox 1333 797 1590 856; x_wconf 84' lang='lat' dir='ltr'><strong>pugnam</strong></span> <span class='ocrx_word' id='word_1_34' title='bbox 1633 777 2021 836; x_wconf 83' lang='lat' dir='ltr'><strong>Pharsalicam</strong></span> <span class='ocrx_word' id='word_1_35' title='bbox 2057 797 2151 835; x_wconf 88' lang='lat' dir='ltr'><strong>res</strong></span> <span class='ocrx_word' id='word_1_36' title='bbox 2202 777 2324 836; x_wconf 83' lang='lat' dir='ltr'><strong>sere</strong></span> <span class='ocrx_word' id='word_1_37' title='bbox 2357 777 2690 837; x_wconf 79' lang='lat' dir='ltr'><strong>domesticas</strong></span> 
     </span>
     <span class='ocr_line' id='line_1_6' title="bbox 634 876 2690 956; baseline -0 -21"><span class='ocrx_word' id='word_1_38' title='bbox 634 878 933 936; x_wconf 88' lang='lat' dir='ltr'><strong>continent</strong></span> <span class='ocrx_word' id='word_1_39' title='bbox 957 899 969 933; x_wconf 93' lang='lat'><strong>:</strong></span> <span class='ocrx_word' id='word_1_40' title='bbox 992 896 1119 953; x_wconf 84' lang='lat' dir='ltr'><strong>quae</strong></span> <span class='ocrx_word' id='word_1_41' title='bbox 1147 888 1280 954; x_wconf 84' lang='lat' dir='ltr'><strong>post</strong></span> <span class='ocrx_word' id='word_1_42' title='bbox 1300 896 1588 954; x_wconf 82' lang='lat' dir='ltr'><strong>pugnam,</strong></span> <span class='ocrx_word' id='word_1_43' title='bbox 1610 877 1906 956; x_wconf 86' lang='lat' dir='ltr'><strong>querelam</strong></span> <span class='ocrx_word' id='word_1_44' title='bbox 1933 876 2024 936; x_wconf 90' lang='lat' dir='ltr'><strong>sui</strong></span> <span class='ocrx_word' id='word_1_45' title='bbox 2049 877 2305 949; x_wconf 88' lang='lat' dir='ltr'><strong>consilii,</strong></span> <span class='ocrx_word' id='word_1_46' title='bbox 2331 879 2456 950; x_wconf 86' lang='lat' dir='ltr'><strong>vel,</strong></span> <span class='ocrx_word' id='word_1_47' title='bbox 2485 891 2550 935; x_wconf 90' lang='lat' dir='ltr'><strong>ut</strong></span> <span class='ocrx_word' id='word_1_48' title='bbox 2577 877 2690 956; x_wconf 84' lang='lat' dir='ltr'><strong>ipse</strong></span> 
     </span>
     <span class='ocr_line' id='line_1_7' title="bbox 632 971 2688 1053; baseline -0 -21"><span class='ocrx_word' id='word_1_49' title='bbox 632 985 831 1047; x_wconf 84' lang='lat' dir='ltr'><strong>vocat,</strong></span> <span class='ocrx_word' id='word_1_50' title='bbox 872 973 1136 1031; x_wconf 82' lang='lat' dir='ltr'><strong>amentiae</strong></span> <span class='ocrx_word' id='word_1_51' title='bbox 1178 985 1238 1030; x_wconf 92' lang='lat' dir='ltr'><strong>et</strong></span> <span class='ocrx_word' id='word_1_52' title='bbox 1271 975 1639 1046; x_wconf 85' lang='lat' dir='ltr'><strong>temeritatis,</strong></span> <span class='ocrx_word' id='word_1_53' title='bbox 1689 974 1850 1052; x_wconf 87' lang='lat' dir='ltr'><strong>quod</strong></span> <span class='ocrx_word' id='word_1_54' title='bbox 1879 975 2070 1032; x_wconf 78' lang='lat' dir='ltr'><strong>statim</strong></span> <span class='ocrx_word' id='word_1_55' title='bbox 2112 971 2186 1032; x_wconf 88' lang='lat' dir='ltr'><strong>ab</strong></span> <span class='ocrx_word' id='word_1_56' title='bbox 2234 975 2367 1053; x_wconf 87' lang='lat' dir='ltr'><strong>ipso</strong></span> <span class='ocrx_word' id='word_1_57' title='bbox 2395 975 2688 1040; x_wconf 86' lang='lat' dir='ltr'><strong>conflictu,</strong></span> 
     </span>
     <span class='ocr_line' id='line_1_8' title="bbox 630 1069 2688 1148; baseline -0.001 -20"><span class='ocrx_word' id='word_1_58' title='bbox 630 1069 1118 1148; x_wconf 84' lang='lat' dir='ltr'><strong>Pompeianorum</strong></span> <span class='ocrx_word' id='word_1_59' title='bbox 1169 1088 1341 1128; x_wconf 83' lang='lat' dir='ltr'><strong>causa</strong></span> <span class='ocrx_word' id='word_1_60' title='bbox 1390 1069 1649 1128; x_wconf 88' lang='lat' dir='ltr'><strong>nondum</strong></span> <span class='ocrx_word' id='word_1_61' title='bbox 1695 1070 1866 1148; x_wconf 86' lang='lat' dir='ltr'><strong>plane</strong></span> <span class='ocrx_word' id='word_1_62' title='bbox 1903 1069 2210 1148; x_wconf 82' lang='lat' dir='ltr'><strong>desperata</strong></span> <span class='ocrx_word' id='word_1_63' title='bbox 2229 1111 2246 1142; x_wconf 88' lang='lat'>,</span> <span class='ocrx_word' id='word_1_64' title='bbox 2279 1083 2342 1127; x_wconf 90' lang='lat' dir='ltr'><strong>et</strong></span> <span class='ocrx_word' id='word_1_65' title='bbox 2387 1083 2592 1148; x_wconf 82' lang='lat' dir='ltr'><strong>postea</strong></span> <span class='ocrx_word' id='word_1_66' title='bbox 2635 1069 2688 1126; x_wconf 86' lang='lat' dir='ltr'><strong>in</strong></span> 
     </span>
     <span class='ocr_line' id='line_1_9' title="bbox 640 1167 2690 1246; baseline -0.001 -20"><span class='ocrx_word' id='word_1_67' title='bbox 640 1167 840 1246; x_wconf 69' lang='lat' dir='ltr'><strong>Africa</strong></span> <span class='ocrx_word' id='word_1_68' title='bbox 871 1184 1057 1246; x_wconf 89' lang='lat' dir='ltr'><strong>prope</strong></span> <span class='ocrx_word' id='word_1_69' title='bbox 1086 1167 1498 1240; x_wconf 81' lang='lat' dir='ltr'><strong>revirescente,</strong></span> <span class='ocrx_word' id='word_1_70' title='bbox 1531 1186 1650 1224; x_wconf 89' lang='lat' dir='ltr'><strong>non</strong></span> <span class='ocrx_word' id='word_1_71' title='bbox 1678 1179 2010 1246; x_wconf 81' lang='lat' dir='ltr'><strong>exspectato</strong></span> <span class='ocrx_word' id='word_1_72' title='bbox 2035 1168 2197 1225; x_wconf 86' lang='lat' dir='ltr'><strong>exitu</strong></span> <span class='ocrx_word' id='word_1_73' title='bbox 2214 1210 2232 1241; x_wconf 90' lang='lat'>‚</span> <span class='ocrx_word' id='word_1_74' title='bbox 2255 1168 2318 1224; x_wconf 90' lang='lat' dir='ltr'><strong>in</strong></span> <span class='ocrx_word' id='word_1_75' title='bbox 2339 1167 2568 1226; x_wconf 85' lang='lat' dir='ltr'><strong>Italiam</strong></span> <span class='ocrx_word' id='word_1_76' title='bbox 2595 1185 2690 1223; x_wconf 86' lang='lat' dir='ltr'><strong>ve-</strong></span> 
     </span>
     <span class='ocr_line' id='line_1_10' title="bbox 639 1262 2690 1344; baseline -0.001 -22"><span class='ocrx_word' id='word_1_77' title='bbox 639 1263 820 1330; x_wconf 84' lang='lat' dir='ltr'><strong>nerit:</strong></span> <span class='ocrx_word' id='word_1_78' title='bbox 848 1282 1027 1341; x_wconf 88' lang='lat' dir='ltr'><strong>quum</strong></span> <span class='ocrx_word' id='word_1_79' title='bbox 1048 1283 1237 1342; x_wconf 87' lang='lat' dir='ltr'><strong>neque</strong></span> <span class='ocrx_word' id='word_1_80' title='bbox 1262 1262 1323 1322; x_wconf 87' lang='lat' dir='ltr'><strong>id</strong></span> <span class='ocrx_word' id='word_1_81' title='bbox 1350 1277 1536 1323; x_wconf 89' lang='lat' dir='ltr'><strong>tutum</strong></span> <span class='ocrx_word' id='word_1_82' title='bbox 1553 1307 1570 1338; x_wconf 86' lang='lat'>,</span> <span class='ocrx_word' id='word_1_83' title='bbox 1599 1284 1788 1342; x_wconf 84' lang='lat' dir='ltr'><strong>neque</strong></span> <span class='ocrx_word' id='word_1_84' title='bbox 1811 1265 2198 1324; x_wconf 79' lang='lat' dir='ltr'><strong>honorificum</strong></span> <span class='ocrx_word' id='word_1_85' title='bbox 2227 1276 2394 1344; x_wconf 55' lang='lat' dir='ltr'><strong>esset.</strong></span> <span class='ocrx_word' id='word_1_86' title='bbox 2421 1263 2690 1337; x_wconf 65' lang='lat' dir='ltr'><strong>Quaedam</strong></span> 
     </span>
     <span class='ocr_line' id='line_1_11' title="bbox 640 1359 2690 1437; baseline -0.001 -17"><span class='ocrx_word' id='word_1_87' title='bbox 640 1361 837 1420; x_wconf 82' lang='lat' dir='ltr'><strong>insunt</strong></span> <span class='ocrx_word' id='word_1_88' title='bbox 872 1361 1046 1420; x_wconf 86' lang='lat' dir='ltr'><strong>etiam</strong></span> <span class='ocrx_word' id='word_1_89' title='bbox 1086 1360 1159 1419; x_wconf 88' lang='lat' dir='ltr'><strong>de</strong></span> <span class='ocrx_word' id='word_1_90' title='bbox 1199 1360 1550 1420; x_wconf 84' lang='lat' dir='ltr'><strong>remittendo</strong></span> <span class='ocrx_word' id='word_1_91' title='bbox 1585 1362 1791 1420; x_wconf 89' lang='lat' dir='ltr'><strong>nuntio</strong></span> <span class='ocrx_word' id='word_1_92' title='bbox 1832 1363 2005 1420; x_wconf 82' lang='lat' dir='ltr'><strong>uxori</strong></span> <span class='ocrx_word' id='word_1_93' title='bbox 2041 1362 2355 1433; x_wconf 82' lang='lat' dir='ltr'><strong>Terentiae;</strong></span> <span class='ocrx_word' id='word_1_94' title='bbox 2389 1359 2469 1419; x_wconf 78' lang='lat' dir='ltr'><strong>(le</strong></span> <span class='ocrx_word' id='word_1_95' title='bbox 2499 1360 2690 1437; x_wconf 79' lang='lat' dir='ltr'><strong>inopia</strong></span> 
     </span>
     <span class='ocr_line' id='line_1_12' title="bbox 641 1455 2692 1536; baseline -0.002 -20"><span class='ocrx_word' id='word_1_96' title='bbox 641 1456 879 1527; x_wconf 79' lang='lat' dir='ltr'><strong>Tulliae3</strong></span> <span class='ocrx_word' id='word_1_97' title='bbox 904 1455 975 1514; x_wconf 91' lang='lat' dir='ltr'><strong>de</strong></span> <span class='ocrx_word' id='word_1_98' title='bbox 1004 1456 1219 1514; x_wconf 86' lang='lat' dir='ltr'><strong>scelere</strong></span> <span class='ocrx_word' id='word_1_99' title='bbox 1238 1455 1561 1516; x_wconf 80' lang='lat' dir='ltr'><strong>Dolabellae</strong></span> <span class='ocrx_word' id='word_1_100' title='bbox 1581 1501 1598 1531; x_wconf 92' lang='lat'>,</span> <span class='ocrx_word' id='word_1_101' title='bbox 1621 1457 1726 1534; x_wconf 89' lang='lat' dir='ltr'><strong>qui</strong></span> <span class='ocrx_word' id='word_1_102' title='bbox 1753 1455 2022 1516; x_wconf 88' lang='lat' dir='ltr'><strong>tribunus</strong></span> <span class='ocrx_word' id='word_1_103' title='bbox 2047 1459 2129 1536; x_wconf 89' lang='lat' dir='ltr'><strong>pl.</strong></span> <span class='ocrx_word' id='word_1_104' title='bbox 2156 1458 2312 1534; x_wconf 83' lang='lat' dir='ltr'><strong>leges</strong></span> <span class='ocrx_word' id='word_1_105' title='bbox 2337 1455 2692 1534; x_wconf 83' lang='lat' dir='ltr'><strong>perniciosis-</strong></span> 
     </span>
     <span class='ocr_line' id='line_1_13' title="bbox 643 1551 2693 1630; baseline -0.002 -18"><span class='ocrx_word' id='word_1_106' title='bbox 643 1553 813 1612; x_wconf 86' lang='lat' dir='ltr'><strong>simas</strong></span> <span class='ocrx_word' id='word_1_107' title='bbox 837 1552 910 1611; x_wconf 89' lang='lat' dir='ltr'><strong>de</strong></span> <span class='ocrx_word' id='word_1_108' title='bbox 935 1553 1099 1614; x_wconf 84' lang='lat' dir='ltr'><strong>novis</strong></span> <span class='ocrx_word' id='word_1_109' title='bbox 1130 1552 1339 1612; x_wconf 88' lang='lat' dir='ltr'><strong>tabulis</strong></span> <span class='ocrx_word' id='word_1_110' title='bbox 1360 1553 1538 1612; x_wconf 80' lang='lat' dir='ltr'><strong>ferret</strong></span> <span class='ocrx_word' id='word_1_111' title='bbox 1553 1596 1568 1621; x_wconf 92' lang='lat'><strong>,</strong></span> <span class='ocrx_word' id='word_1_112' title='bbox 1593 1553 1903 1630; x_wconf 84' lang='lat' dir='ltr'><strong>omniaque</strong></span> <span class='ocrx_word' id='word_1_113' title='bbox 1923 1554 2204 1615; x_wconf 86' lang='lat' dir='ltr'><strong>misceret.</strong></span> <span class='ocrx_word' id='word_1_114' title='bbox 2231 1551 2510 1626; x_wconf 86' lang='lat' dir='ltr'><strong>Quaedam</strong></span> <span class='ocrx_word' id='word_1_115' title='bbox 2529 1551 2693 1610; x_wconf 85' lang='lat' dir='ltr'><strong>etiam</strong></span> 
     </span>
     <span class='ocr_line' id='line_1_14' title="bbox 642 1647 1989 1727; baseline -0.001 -20"><span class='ocrx_word' id='word_1_116' title='bbox 642 1647 717 1707; x_wconf 78' lang='lat' dir='ltr'><strong>(le</strong></span> <span class='ocrx_word' id='word_1_117' title='bbox 746 1653 818 1724; x_wconf 94' lang='lat' dir='ltr'><strong>Q.</strong></span> <span class='ocrx_word' id='word_1_118' title='bbox 845 1649 947 1724; x_wconf 84' lang='lat' dir='ltr'><strong>Q.*</strong></span> <span class='ocrx_word' id='word_1_119' title='bbox 975 1661 1181 1708; x_wconf 85' lang='lat' dir='ltr'><strong>contra</strong></span> <span class='ocrx_word' id='word_1_120' title='bbox 1206 1669 1267 1708; x_wconf 78' lang='lat' dir='ltr'><strong>se</strong></span> <span class='ocrx_word' id='word_1_121' title='bbox 1293 1649 1568 1708; x_wconf 83' lang='lat' dir='ltr'><strong>scelerate</strong></span> <span class='ocrx_word' id='word_1_122' title='bbox 1598 1647 1989 1727; x_wconf 84' lang='lat' dir='ltr'><strong>loquentibus.</strong></span> 
     </span>
    </p>
   </div>
   <div class='ocr_carea' id='block_1_3' title="bbox 736 1901 2372 1972">
    <p class='ocr_par' dir='ltr' id='par_1_3' title="bbox 736 1901 2372 1972">
     <span class='ocr_line' id='line_1_15' title="bbox 736 1901 2372 1972; baseline -0.001 -16"><span class='ocrx_word' id='word_1_123' title='bbox 736 1905 763 1932; x_wconf 83' lang='lat'><strong>*</strong></span> <span class='ocrx_word' id='word_1_124' title='bbox 799 1909 875 1956; x_wconf 78' lang='lat' dir='ltr'><strong>De</strong></span> <span class='ocrx_word' id='word_1_125' title='bbox 896 1908 955 1972; x_wconf 84' lang='lat' dir='ltr'><strong>Q.</strong></span> <span class='ocrx_word' id='word_1_126' title='bbox 978 1909 1043 1972; x_wconf 80' lang='lat' dir='ltr'><strong>Q.</strong></span> <span class='ocrx_word' id='word_1_127' title='bbox 1072 1908 1185 1956; x_wconf 80' lang='lat' dir='ltr'><strong>Hoc</strong></span> <span class='ocrx_word' id='word_1_128' title='bbox 1206 1917 1305 1967; x_wconf 69' lang='lat' dir='ltr'><strong>cut,</strong></span> <span class='ocrx_word' id='word_1_129' title='bbox 1332 1905 1392 1955; x_wconf 76' lang='lat' dir='ltr'><strong>de</strong></span> <span class='ocrx_word' id='word_1_130' title='bbox 1420 1905 1609 1969; x_wconf 82' lang='lat' dir='ltr'><strong>Quinto</strong></span> <span class='ocrx_word' id='word_1_131' title='bbox 1636 1903 1782 1954; x_wconf 75' lang='lat' dir='ltr'><strong>trau-e</strong></span> <span class='ocrx_word' id='word_1_132' title='bbox 1799 1939 1814 1966; x_wconf 88' lang='lat'>,</span> <span class='ocrx_word' id='word_1_133' title='bbox 1840 1915 1890 1954; x_wconf 84' lang='lat' dir='ltr'><strong>et</strong></span> <span class='ocrx_word' id='word_1_134' title='bbox 1915 1905 2105 1967; x_wconf 85' lang='lat' dir='ltr'><strong>Quinto</strong></span> <span class='ocrx_word' id='word_1_135' title='bbox 2125 1905 2230 1965; x_wconf 78' lang='lat' dir='ltr'><strong>ejus</strong></span> <span class='ocrx_word' id='word_1_136' title='bbox 2250 1901 2372 1954; x_wconf 79' lang='lat' dir='ltr'><strong>filio.</strong></span> 
     </span>
    </p>
   </div>
  </div>
 </body>
</html>
