3019 4681
535 362 674 439 510
1189 366 1282 435 Μ.
1341 366 1414 433 Τ,
1471 366 2029 434 CICERONIS

533 516 622 562 ex
672 488 851 579 alio,
899 486 1078 557 mihi
1139 510 1289 556 non
1330 499 1440 556 est
1495 483 1800 557 dubium
1830 540 1849 575 ,
1910 488 2129 583 quin,
2192 486 2393 583 quod
2444 490 2667 561 Graeci

529 598 789 674 καθῆκον
808 649 827 681 ,
873 618 1006 664 nos
1039 622 1070 656 ιι
1100 589 1418 663 officium
1442 622 1492 661 n.
1516 591 1603 663 Id
1625 606 1867 663 autem
1885 644 1904 678 ,
1929 590 2109 687 quid
2135 590 2421 662 dubitas
2440 648 2458 680 ‚
2495 596 2667 690 quin

531 706 745 777 etiam
782 705 856 775 in
899 700 1420 799 rempublicam
1457 700 1795 800 praeclare
1838 697 2175 771 caderet?
2214 725 2460 771 nonne
2498 702 2669 773 dici-

530 840 726 903 muS,
771 844 805 879 α
831 812 1210 883 consulum
1252 808 1611 899 officium,
1664 823 1957 883 senatus
1994 808 2315 881 officium
2342 812 2373 880 ἱ)
2396 843 2431 877 »
2486 815 2667 883 Prae-

529 926 720 997 clare
747 923 1120 1010 convenit3
1151 936 1276 991 aut
1307 919 1395 991 da
1433 920 1714 992 melius.
1754 919 1943 991 Male
1980 944 2226 991 narras
2254 918 2345 991 de
2372 924 2671 1019 Nepotis

531 1034 681 1106 filio
699 1046 726 1090 ⁷
737 1089 750 1104 .
789 1031 1014 1105 Valde
1043 1030 1454 1103 mehercule
1491 1055 1797 1101 moveor
1818 1085 1837 1119 ,
1882 1043 1953 1100 et
1988 1028 2293 1101 moleste
2320 1028 2503 1100 fero.
2532 1034 2670 1101 Ne-

532 1148 827 1217 scieram
873 1142 1172 1213 omnino
1218 1165 1370 1213 esse
1399 1146 1619 1213 istum
1658 1162 1987 1243 puerum.
2024 1142 2407 1212 Caninium
2436 1134 2471 1184 ⁸
2516 1164 2672 1239 per-

531 1255 714 1342 didi,
764 1254 1134 1324 hominem
1167 1304 1186 1339 ,
1233 1251 1432 1348 quod
1470 1250 1561 1322 ad
1605 1275 1721 1322 me
1758 1253 2055 1337 attinet,
2097 1276 2245 1321 non
2281 1253 2669 1345 ingratum.

530 1361 1078 1435 Athenodorum
1106 1416 1125 1449 ,
1177 1359 1356 1430 nihil
1398 1375 1507 1432 est
1530 1421 1549 1443 ,
1600 1360 1801 1459 quod
1842 1360 2135 1432 hortere
2175 1386 2193 1429 ε
2239 1362 2429 1433 misit
2478 1363 2671 1430 enim

532 1474 698 1542 satis
734 1468 1009 1539 bellum
1048 1469 1384 1563 ὑπόμνημα
1404 1478 1456 1536 9.
1502 1468 1891 1540 Gravedini
1916 1526 1935 1561 ,
1988 1492 2274 1569 quaese,
2314 1468 2523 1538 omni
2566 1488 2673 1537 ra-

531 1582 731 1653 tione
768 1577 1091 1671 subveni.
1135 1574 1162 1675 [
1195 1580 1515 1668 Quintus
1540 1576 1641 1675 ¹⁰]
1688 1580 1801 1651 avi
1836 1586 1941 1651 tui
1979 1604 2348 1680 pronepos
2370 1632 2389 1666 ,
2422 1576 2675 1648 scribit

534 1690 624 1761 ad
659 1691 882 1790 patris
919 1690 1062 1759 mei
1100 1702 1481 1787 nepotem,
1534 1712 1609 1759 se
1652 1714 1741 1761 ex
1780 1694 1995 1764 nonis
2031 1693 2116 1762 iis
2142 1746 2160 1777 ,
2221 1687 2493 1787 quibus
2544 1711 2675 1758 nos

533 1828 792 1902 magna
835 1808 1183 1899 gessimus
1207 1855 1226 1887 ,
1268 1800 1494 1872 aedem
1540 1802 1797 1900 Opis¹¹
1832 1804 2357 1902 explicaturum
2389 1855 2409 1888 ,
2450 1798 2675 1896 idque

533 1914 622 1985 ad
669 1912 1047 2012 populum.
1089 1909 1385 1983 Videbis
1417 1912 1668 2005 igitur,
1707 1928 1781 1984 et
1818 1914 2107 1986 scribes.
2178 1914 2459 1983 Sexti„
2493 1907 2673 2003 judi-

535 2028 726 2097 cium
766 2038 1125 2122 exspecto.

609 2228 654 2273 7.
689 2212 764 2257 De
784 2207 1124 2277 NepotIsfiIio.
1153 2208 1373 2256 Mortuo.
1409 2210 1552 2257 Mur.

612 2292 660 2337 8.
690 2286 966 2335 Caninium.
994 2285 1203 2335 Gallum.
1232 2284 1314 2333 Ad
1339 2288 1453 2335 Div.
1479 2288 1553 2346 II,

537 2373 596 2428 83
623 2369 742 2424 VII,
772 2380 817 2414 ι.

605 2461 658 2510 9.
683 2432 965 2512 Ῠπόμνημα.
993 2443 1422 2494 Commenta-inm.

612 2541 687 2572 ιο.
719 2523 942 2588 Quintus.
969 2525 1191 2570 Muretus
1215 2523 1355 2570 valde
1380 2523 1558 2589 proba-

535 2604 698 2654 biliter
731 2603 1004 2666 suspicatur
1051 2602 1256 2664 Quintus
1295 2602 1557 2651 delendum

533 2701 636 2734 esse
649 2698 665 2732 ε
685 2699 796 2730 sane
809 2681 1004 2728 videtur
1015 2681 1290 2745 interpretis
1305 2684 1557 2744 enjusdam

1644 2204 1767 2275 Opis
1793 2210 2031 2277 deposita.
2069 2214 2189 2261 Eam
2219 2210 2383 2259 Caesar
2418 2210 2675 2275 pecuniam

1643 2290 1695 2337 in
1718 2302 1938 2356 sumptus
1961 2290 2077 2339 belli
2102 2290 2312 2339 Parthici
2332 2299 2676 2353 congesserat:

1644 2371 1895 2420 Antonius
1922 2387 2142 2435 magnum
2168 2381 2355 2434 partem
2387 2369 2675 2432 diripuerat.

1644 2451 1853 2500 Antonii
1898 2467 2079 2498 nomen
2125 2449 2311 2498 deferre
2350 2448 2675 2496 constituerat

1646 2531 1710 2591 Q.
1740 2531 1941 2588 Cicero,
1966 2533 2030 2593 Q.
2057 2527 2185 2578 filins
2200 2565 2213 2588 ,
2236 2530 2385 2576 nonis
2408 2527 2677 2576 decembri·

1644 2608 1737 2655 bns
1751 2644 1765 2668 ,
1793 2619 1848 2657 nt
1866 2626 2050 2657 novum
2068 2603 2236 2674 patriie
2261 2609 2482 2665 hostem,
2504 2607 2677 2654 eodem

1646 2687 1724 2736 die
1740 2724 1755 2748 ,
1773 2703 1872 2752 qno
1888 2705 2005 2736 snus
2022 2690 2141 2737 olim
2162 2699 2367 2752 patrans
2386 2691 2439 2736 M
2452 2722 2465 2734 .
2488 2686 2678 2734 Tunius

535 2762 813 2830 explicatio.
833 2762 950 2810 Non
973 2761 1131 2810 minus
1153 2764 1281 2810 euim
1302 2762 1384 2810 hic
1406 2764 1557 2828 Quin-

539 2858 612 2893 tus
637 2843 698 2892 ad
716 2839 1085 2904 intelligendum
1107 2843 1215 2905 quis
1233 2843 1295 2888 sit
1311 2843 1391 2888 avi
1405 2844 1555 2891 Attici

537 2937 809 2990 pronepos,
829 2919 1109 2982 requiritur,
1129 2935 1272 2984 quam
1293 2920 1344 2966 in
1362 2937 1562 2983 sequen·

537 3003 669 3052 tibus
693 2999 853 3048 verbis
881 3000 1080 3046 Marcus
1099 2998 1161 3046 nd
1189 2998 1557 3060 denotandum,

535 3084 645 3148 quis
665 3083 730 3129 sit
748 3079 897 3144 patris
917 3079 1167 3127 Ciceronis
1190 3094 1358 3144 nepos.
1379 3081 1555 3128 Gnssv.

537 3189 608 3199 -—
629 3161 836 3225 Quintus
861 3156 1120 3205 delendum
1143 3175 1244 3206 esse
1271 3170 1400 3206 recte
1419 3161 1558 3221 judi·

539 3251 616 3289 cat
642 3242 892 3292 Muretus,
921 3237 1160 3302 probante
1189 3239 1415 3298 Graevio;
1445 3255 1557 3287 nain

537 3333 588 3370 et
625 3332 741 3385 post
775 3321 936 3367 Mami
972 3334 1152 3366 nomen
1185 3335 1288 3365 non
1325 3329 1425 3375 est3
1465 3335 1557 3366 nec

537 3398 830 3462 periphrasis
853 3400 958 3458 eius
983 3383 1196 3460 μείων..
1209 3399 1297 3444 Est
1323 3411 1348 3442 a
1376 3396 1557 3462 glossa·-

541 3491 666 3525 tore.
713 3477 863 3523 Uneis
905 3476 1069 3524 saltem
1119 3473 1310 3523 inclusi.
1363 3477 1556 3525 Ernest.

539 3555 671 3602 J.V.
697 3557 753 3602 L.

615 3647 694 3682 11.
724 3633 896 3680 AEdem
921 3630 1049 3696 Opis.
1077 3635 1189 3680 Hoc
1213 3644 1310 3692 est,
1337 3644 1557 3682 acturum

541 3712 591 3757 in
605 3711 840 3759 concione
851 3712 1026 3777 populi
1038 3712 1102 3760 de
1117 3712 1322 3777 pecunia
1339 3715 1390 3760 in
1405 3714 1557 3761 oedem

1646 2767 1818 2818 Cicero
1886 2769 2213 2818 Catilium-iam
2284 2768 2677 2828 conjurationem

1645 2858 1965 2912 oppresserat.
2003 2848 2304 2912 Mongaltius
2344 2857 2480 2894 recte
2522 2846 2673 2892 anim-

1646 2926 1855 2974 advertit
1866 2962 1883 2983 ,
1913 2935 2247 2974 accusaturum
2270 2925 2417 2972 fuisse
2434 2926 2675 2986 Quintum

1646 3007 1838 3070 privato
1868 3005 2118 3056 dumtaxat
2148 3005 2343 3054 nomine
2360 3039 2377 3064 ‚
2414 3015 2566 3066 atque
2593 3017 2675 3050 eon

1646 3085 1849 3144 refellit,
1886 3085 1972 3150 qui
2009 3084 2311 3148 designatum
2330 3083 2501 3130 'fnisse
2536 3079 2671 3128 illum

1647 3165 1784 3213 aiunt
1818 3163 1900 3211 alii
1927 3164 2173 3211 tribunum
2212 3161 2368 3226 plebis
2388 3197 2402 3220 ‚
2442 3161 2529 3208 alii
2558 3159 2675 3208 nedi-

1646 3243 1756 3290 lem.
1784 3243 1939 3302 Hujus
1966 3242 2093 3289 enim
2124 3243 2193 3288 rei
2217 3257 2461 3304 nusquam
2482 3251 2559 3287 est
2582 3238 2675 3286 ulla

1644 3321 1857 3378 mentio,
1898 3337 1958 3368 ne
1991 3321 2045 3367 in
2078 3321 2156 3367 his
2188 3320 2391 3384 quidem
2418 3319 2671 3382 epistolis,

1645 3403 1697 3448 in
1740 3401 1917 3464 quibus
1954 3400 2103 3447 multa
2152 3399 2431 3446 referuntur
2474 3399 2677 3446 minoris

1644 3481 1791 3543 longe
1816 3481 2068 3526 momenti.
2092 3479 2311 3526 Omra-r.
2370 3491 2379 3500 ·

1724 3573 1806 3605 ια.
1838 3557 1993 3606 Sexti.
2024 3557 2157 3605 Sexti
2186 3558 2414 3604 Peducaei
2436 3555 2673 3617 judicium

1644 3647 1875 3700 exspecto
1890 3633 1950 3683 de
1964 3635 2187 3684 oratione
2198 3651 2303 3684 mee
2320 3637 2371 3684 in
2384 3635 2673 3688 Antonium.

1644 3717 1841 3764 Portu.

1313 3930 1867 3960 ’ψη
