3019 4681
474 322 621 411 446
970 407 981 420 ,
1120 326 1219 393 Μ.
1268 321 1345 391 Τ.
1394 319 1954 393 CICERONIS

474 472 558 519 ea
577 470 694 519 me
710 500 729 536 ,
762 468 1008 519 eversa
1032 444 1187 533 illa,
1212 459 1381 517 vota
1405 442 1798 517 dissolvere
1828 468 1844 511 ι
1881 454 1956 513 et
1979 437 2292 530 habent,
2321 442 2606 539 opinor,

475 556 717 628 liberae
738 555 1151 651 legationes
1204 552 1587 627 definitum
1647 566 1934 649 tempus
1987 552 2148 649 lege.
2199 552 2420 644 Julia3
2471 576 2608 624 nec

322 712 329 723 ·
406 724 411 729 .
469 666 676 738 facile
704 664 873 751 addi
902 679 1142 790 potest
1165 675 1253 735 ¹7.
1270 671 1484 737 ‘Aveo
1519 687 1744 761 genus
1777 661 2190 781 legationis,
2223 676 2334 750 ut,
2377 686 2606 759 quum

470 778 681 864 velis,
714 777 1051 865 introire,
1088 776 1316 862 exire,
1343 775 1599 847 liceat·
1597 770 1833 875 quod
1847 776 2045 843 n'unc
2073 770 2254 841 mihi
2281 770 2608 842 additum

471 900 599 957 est.
628 884 823 957 Bella
858 899 968 955 est
994 899 1235 955 autem
1260 882 1529 980 hujus
1503 882 1684 978 Juris
1709 882 2196 991 quinquennii
2213 876 2271 926 ¹⁸
2297 881 2602 953 licentia.

394 988 401 993 ⁵
470 1000 929 1091 Quamquam
972 994 1151 1092 quid
1188 994 1279 1066 de
1321 992 1842 1091 quinquennio
1877 992 2227 1088 cogitem?
2277 987 2609 1062 contrahi

468 1102 648 1173 mihi
688 1100 1063 1197 negotium
1097 1099 1409 1173 videtur.
1438 1096 1578 1171 Sed
1599 1100 1938 1195 βλάσφημα
1959 1108 2020 1157 ¹9
2053 1099 2446 1169 mittamus.
2515 1132 2522 1137 ·

470 1286 742 1351 respublica
765 1284 971 1334 stetisset
990 1308 1015 1329 a
1039 1299 1055 1335 ε
1082 1301 1193 1351 quse
1210 1302 1363 1350 quum
1390 1302 1493 1335 rea·
1657 1301 1740 1348 ις.
1763 1284 1922 1335 Valde
1943 1282 2121 1333 dubius
2144 1284 2300 1334 loeus.
2323 1282 2610 1335 tanen-ex

467 1365 669 1432 publica
694 1382 798 1414 non
828 1376 981 1415 staret
998 1402 1012 1427 ‚
1040 1366 1127 1415 ted
1153 1380 1317 1414 eversa
1347 1367 1493 1433 plane
1579 1364 1815 1413 lambino
1831 1400 1846 1424 ,
1884 1376 1943 1413 ut
1971 1361 2098 1429 nolet
2114 1399 2129 1423 ‚
2153 1384 2181 1407 α
2200 1380 2290 1411 uec
2325 1364 2468 1411 facile
2492 1362 2611 1412 addi

472 1454 624 1503 euet,
664 1444 927 1493 dissolvere
950 1443 1215 1492 absurdum
1238 1454 1357 1495 erat.
1396 1446 1493 1495 Sed
1581 1450 1745 1509 potest
1765 1444 1830 1493 ad
1856 1445 1952 1493 hoe
1971 1452 2124 1509 genua
2149 1442 2445 1508 legationis,
2463 1452 2560 1519 etc.
2581 1464 2611 1485 ι·

470 1534 529 1571 ut
552 1522 819 1588 plurimum
846 1523 1151 1587 magistratus
1173 1526 1378 1593 publico
1407 1524 1497 1573 de·
1582 1526 1632 1574 J.
1653 1526 1719 1573 V.
1750 1526 1805 1574 L.

472 1611 607 1649 creto
637 1618 729 1666 pro
760 1602 915 1651 salute
941 1602 1225 1667 reipublicae
1253 1618 1370 1654 vota
1401 1606 1495 1655 diis
1661 1604 1748 1652 18.
1773 1592 2108 1667 quinquennii
2121 1577 2332 1651 lieentia.
2345 1601 2414 1649 Ut
2425 1600 2612 1664 legatus
2694 1642 2699 1645 .

474 1681 821 1746 nuncupabant
837 1682 889 1727 iu
910 1681 1015 1729 hnc
1036 1682 1310 1731 verb-:ast
1324 1684 1495 1733 eodem
1583 1698 1674 1747 per
1731 1682 2121 1764 quinquennium
2178 1678 2346 1729 ὼαοοο
2401 1680 2609 1743 poesim.

475 1768 604 1806 statu
638 1758 913 1823 respublica
948 1770 1109 1809 staret.
1150 1762 1199 1809 si
1234 1761 1291 1809 in
1330 1762 1495 1811 decem
1585 1763 1802 1811 Manu-r.

474 1852 628 1885 annos
669 1836 942 1903 respublica
980 1838 1036 1887 iu
1078 1839 1250 1888 eodem
1288 1842 1498 1891 stetiaaet
1665 1856 1746 1905 19.
1807 1838 2092 1908 Βλάοφημα.
2148 1841 2274 1901 Quae
2330 1838 2443 1887 mali
2477 1848 2615 1887 nunt

474 1928 602 1966 statu
619 1940 661 1967 n.
686 1918 809 1980 Quae
834 1918 978 1967 refert
1000 1918 1179 1968 Livius.
1205 1921 1400 1970 Portu.
1587 1922 1785 1972 ominis.

474 2088 2594 2201 mmm„„fflmfflwm

1088 2218 1729 2362 EPISTOLA
1791 2275 1999 2400 ΧΠ.
2075 2391 2088 2398 Ὀ

481 2451 711 2528 Repetit
736 2449 1153 2540 breviterquae
1172 2450 1246 2510 de
1274 2457 1456 2511 Bruto
1478 2466 1540 2511 et
1557 2453 1758 2512 Cassio
1783 2449 2108 2530 scripserat,
2132 2430 2616 2528 additquepauca

558 2545 633 2603 de
679 2549 745 2604 L.
775 2547 1016 2604 Antonii
1065 2547 1277 2620 literis,
1305 2561 1365 2606 et
1407 2547 1482 2606 de
1531 2549 1838 2608 Octaviani
1879 2541 2111 2628 ingenio
2161 2560 2221 2605 et
2263 2547 2477 2605 animo.
2517 2549 2616 2616 (In

558 2641 809 2713 Antiati,
840 2661 993 2700 anno
1017 2647 1092 2702 ΙΙ.
1116 2646 1182 2705 C.
1215 2651 1360 2721 709,
1389 2663 1586 2703 mense
1603 2643 1831 2723 junio.)

1062 2787 1065 2790 ’
1148 2820 1465 2888 elcERo
1509 2803 1827 2888 Avrmo
1873 2819 1940 2884 s,

410 3064 415 3072 .
580 2972 773 3038 BENE
811 2967 1223 3040 mehercule
1266 2969 1361 3042 de
1409 2970 1792 3043 Buthroto.
1843 2972 1937 3039 At
1983 2993 2118 3067 ego
2153 2970 2490 3040 Tironem
2525 2966 2620 3038 ad

486 3076 931 3150 Dolabellam
964 3104 1131 3150 cum
1166 3080 1428 3169 literiS,
1464 3083 1638 3178 quia
1656 3080 2009 3176 jusseras,
2047 3079 2396 3150 miseram.
2426 3073 2621 3167 Quid

484 3190 743 3261 nocet?
789 3193 897 3260 De
956 3192 1219 3262 nostris
1273 3205 1518 3262 autem
1578 3187 1986 3264 Antiatibus
2008 3199 2030 3232 ¹
2103 3189 2268 3260 satis
2326 3185 2622 3258 videbar

486 3299 698 3398 plane
736 3300 1131 3398 scripsisse,
1173 3316 1255 3371 ut
1290 3326 1443 3371 non
1481 3300 1887 3386 dubitares,
1926 3269 2165 3370 essent
2199 3301 2380 3398 quin
2411 3299 2622 3369 otiosi

486 3407 749 3498 futuri,
788 3413 1136 3507 usurique
1171 3393 1532 3483 beneficio
1558 3410 1853 3482 Antonii
1887 3408 2431 3492 contumelioso.
2461 3413 2626 3479 Cas-

488 3521 635 3591 sius
653 3519 1189 3592 frumentariam
1221 3545 1373 3592 rem
1395 3520 1943 3620 aspernabatur:
1953 3545 2126 3594 eam
2141 3519 2450 3591 Servilia
2456 3517 2626 3590 sub—

488 3629 793 3703 laturam
840 3657 925 3703 ex
971 3632 1601 3704 senatusconsulto
1641 3656 1716 3704 se
1775 3655 1926 3704 esse
1979 3628 2286 3702 dicebat.
2363 3633 2626 3702 Noster

464 3739 800 3824 veronna?
840 3741 1010 3836 μάλα
1036 3741 1248 3835 σεμνὸς
1270 3749 1289 3781 ¹
1315 3793 1336 3827 ,
1380 3740 1458 3812 in
1494 3739 1731 3808 Asiam
1751 3791 1772 3825 ,
1815 3750 2286 3835 posteaquam
2315 3733 2492 3804 mihi
2519 3747 2626 3805 est

566 3915 617 3946 1.
634 3898 930 3970 Anfz'au'bus.
956 3903 1130 3960 Bruto,
1148 3915 1200 3952 et
1220 3902 1403 3952 Cassio.
1601 3903 1838 3950 illustrem
1859 3911 1906 3948 et
1926 3899 2190 3964 gloriosam
2214 3898 2538 3963 provinciam,
2555 3898 2626 3946 aie

565 3991 613 4025 a.
626 3971 722 4026 Καὶ
734 3975 871 4044 μάλα
884 3978 1144 4046 σιμ-πός.Εε
1158 3981 1313 4028 valde
1322 3981 1507 4046 gravis.
1602 3980 1665 4029 ad
1689 3979 1938 4052 sordidam
1959 3977 2032 4028 rei
2055 3978 2383 4026 frumentariae
2406 3977 2626 4034 curatio—-

489 4055 627 4104 Dixit
652 4055 895 4123 εἰρωνικῶς
925 4071 939 4106 t
969 4059 1106 4122 quod
1132 4061 1313 4108 Brutus
1328 4095 1343 4120 ‚
1361 4073 1417 4110 ut
1445 4058 1512 4108 acl
1599 4075 1710 4108 nem
1719 4072 1860 4122 aequo
1869 4058 2032 4106 animo
2043 4055 2451 4120 proficisceretur.
2472 4055 2620 4104 Mau.
