3019 4681
618 392 1131 464 EPISTOLAE
1180 394 1317 461 AD
1366 392 1874 489 AT,T1,CUM‚
1917 393 2142 477 XVI,
2187 390 2254 461 5.
2367 389 2506 487 487

379 517 607 617 pluris
642 530 749 589 est
777 570 798 603 ,
858 540 1079 611 quam
1125 516 1389 587 omnia.
1440 516 1760 605 Quintus
1789 512 1816 559 ⁵
1857 513 1994 587 fuit
2033 538 2318 589 mecum
2359 517 2514 587 dies

380 626 789 725 complures
819 652 839 714 3
870 638 977 712 et,
996 628 1057 695 si
1082 649 1217 723 ego
1244 648 1588 722 cuperem
1609 678 1630 707 ,
1654 624 1774 695 ille
1809 624 1922 697 vel
1957 624 2200 722 plures
2227 623 2512 697 fuisset:

382 738 508 809 sed
541 793 560 827 ,
626 731 1031 835 quantum⁶
1068 732 1207 805 fuit
1238 788 1257 821 ,
1314 732 1740 805 incredibile
1793 732 1902 807 est
1933 789 1953 820 ‚
1999 759 2218 831 quam
2272 760 2389 805 me
2439 736 2516 805 in

380 850 581 920 omni
618 872 881 945 genere
913 844 1326 931 delectarit,
1365 846 1441 913 in
1474 868 1714 941 eoque
1733 846 2077 930 maxime,
2105 848 2180 917 in
2205 870 2358 942 quo
2381 846 2518 915 mi-

382 960 577 1029 nime
614 954 1086 1027 satisfaciebat
1106 964 1157 1023 ⁷.
1193 955 1306 1025 Sic
1334 956 1531 1025 enim
1568 968 2053 1027 commutatus
2087 970 2197 1027 est
2227 970 2424 1029 totus
2445 968 2522 1027 et

382 1068 663 1165 scriptis
695 1070 877 1137 meis
911 1064 1385 1164 quibusdam,
1426 1088 1590 1164 quae
1627 1070 1704 1137 in
1748 1065 2084 1139 manibus
2121 1065 2476 1139 habebam
2502 1120 2522 1149 ,

384 1191 459 1249 et
490 1174 901 1247 assiduitate
934 1176 1323 1263 orationiS,
1356 1190 1428 1247 et
1462 1179 1874 1275 praeceptiS,
1909 1192 1992 1249 ut
2016 1178 2140 1249 tali
2173 1180 2416 1249 animo
2446 1178 2524 1247 in

383 1284 946 1383 rempublicam,
984 1286 1181 1381 quali
1220 1310 1357 1357 nos
1388 1287 1732 1357 volumus
1762 1340 1780 1374 ,
1835 1284 2127 1359 futurus
2191 1289 2300 1359 sit.
2367 1292 2524 1359 Hoc

386 1420 615 1495 quum
652 1395 831 1469 mihi
872 1420 1024 1465 non
1078 1394 1299 1467 modo
1346 1395 1882 1482 confirmasset,
1923 1396 2052 1470 sed
2095 1400 2310 1469 etiam
2350 1421 2522 1494 per-

388 1510 759 1593 suasisset,
799 1507 943 1603 egit
976 1528 1261 1577 mecum
1296 1523 1627 1579 accurate
1665 1494 1912 1578 multis
1949 1506 2220 1595 verbis,
2260 1506 2396 1577 tibi
2441 1522 2528 1577 ut

388 1617 863 1715 sponderem,
914 1640 990 1687 se
1026 1615 1323 1711 dignum
1372 1632 1447 1688 et
1478 1631 1590 1701 te,
1629 1632 1703 1688 et
1738 1616 1954 1688 nobis
1977 1615 2360 1702 futurum3
2399 1641 2528 1686 ne-

390 1752 536 1826 que
564 1752 639 1799 se
662 1727 1029 1826 postulare
1049 1782 1069 1815 ‚
1114 1741 1196 1797 ut
1224 1728 1460 1798 statim
1500 1727 1870 1811 crederes;
1903 1724 2035 1798 sed
2060 1778 2080 1813 ,
2115 1751 2345 1823 quum
2371 1727 2526 1822 ipse

390 1838 908 1937 perspexisses,
940 1850 1099 1907 tum
1126 1850 1209 1906 ut
1236 1862 1310 1907 se
1346 1860 1645 1908 amares.
1681 1837 1903 1928 Quod
1939 1838 2077 1907 nisi
2100 1834 2318 1907 fidem
2349 1836 2528 1908 mihi

392 1944 706 2033 fecisset,
726 1945 1303 2043 judicassemque
1330 1946 1472 2018 hoc
1492 2000 1512 2035 ,
1547 1946 1752 2043 quod
1770 1946 1972 2034 dico,
2003 1944 2297 2025 firmum
2339 1945 2533 2033 fore,

396 2078 549 2127 non
582 2054 905 2127 fecissem
948 2052 1022 2127 id
1047 2112 1067 2145 ‚
1104 2054 1308 2153 quod
1344 2052 1668 2129 dicturus
1697 2080 1882 2128 sum.
1925 2058 2121 2127 Duxi
2155 2060 2349 2128 enim
2379 2081 2532 2127 me-

398 2188 561 2237 cum
610 2164 1133 2237 adolescentem
1185 2166 1275 2237 ad
1313 2172 1639 2239 Brutum.
1685 2168 1800 2237 Sic
1841 2169 1908 2237 ei
1951 2164 2342 2264 probatum
2379 2180 2530 2253 est,

398 2273 599 2374 quod
631 2274 721 2346 ad
758 2289 830 2346 te
857 2275 1096 2348 scribo
1119 2330 1138 2364 ,
1178 2291 1260 2348 ut
1299 2279 1449 2375 ipse
1482 2276 1901 2366 crediderit,
1933 2300 2054 2349 me
2101 2300 2532 2375 sponsorem

400 2388 722 2484 accipere
752 2385 1107 2474 noluerit,
1142 2409 1459 2484 eumque
1485 2387 1830 2472 laudans',
1870 2389 2534 2459 amicissimemen-

401 2497 678 2567 tionem
708 2498 813 2566 tui
842 2491 1092 2566 fecerit
1114 2550 1135 2582 ,
1166 2489 1593 2594 complexus
1611 2499 2122 2594 osculatusque
2157 2497 2528 2568 dimiserit.

403 2602 895 2702 Quamobrem
929 2607 1062 2677 etsi
1090 2609 1312 2703 magis
1347 2621 1454 2678 est
1476 2662 1495 2694 ,
1524 2608 1724 2704 quod
1755 2607 2073 2706 gratuler
2097 2605 2265 2692 tibi,
2309 2632 2528 2704 quam

402 2715 604 2814 quod
644 2731 712 2787 te
746 2739 1001 2816 rogem
1030 2773 1049 2806 ,
1086 2729 1331 2788 tamen
1368 2721 1584 2790 etiam
1615 2741 1832 2816 rog0,
1857 2733 1980 2804 ut,
2013 2719 2072 2788 si
2099 2719 2260 2814 quie
2294 2719 2534 2789 minus

404 2841 609 2914 antea
632 2880 651 2913 ,
692 2842 995 2924 propter
1033 2823 1526 2902 infirmitatem
1560 2829 1812 2918 aetatis,
1851 2844 2266 2902 constanter
2305 2831 2398 2900 ab
2444 2855 2532 2900 eo

404 2935 562 3008 fieri
602 2935 1072 3025 videbantur,
1110 2961 1199 3008 ea
1228 2936 1506 3033 judices
1539 2936 1740 3008 illum
1791 2935 2170 3034 abjecisse;
2210 2939 2531 3035 mihique

410 3043 697 3130 credas,
738 3045 1051 3116 multum
1095 3045 1509 3136 allaturam,
1551 3048 1661 3118 vel
1703 3047 2096 3146 plurimum
2121 3051 2404 3145 potius,
2444 3047 2532 3117 ad

410 3243 645 3292 fiontius
674 3253 818 3292 vemt
842 3245 1060 3305 Samos,
1084 3245 1147 3294 de
1161 3247 1271 3296 Ast.
1289 3257 1427 3310 poet.
1519 3263 1672 3310 groeoe
1691 3264 1707 3298 ε
1731 3247 1785 3296 in
1803 3249 2018 3312 utrinque
2033 3247 2300 3298 oblectatio
2319 3258 2421 3294 erat
2435 3247 2537 3310 ple-

414 3339 533 3374 221.
560 3325 619 3372 Id
640 3324 907 3389 spectaculi
932 3324 1055 3386 quid
1066 3337 1197 3373 esset
1212 3360 1227 3384 ,
1242 3329 1431 3373 lauaem
1519 3325 1620 3388 bis,
1644 3337 1696 3374 et
1709 3343 1960 3380 servorum
1974 3363 1991 3388 ‚
2015 3327 2102 3392 qui
2121 3327 2342 3391 plerique
2361 3327 2538 3377 Greci.

412 3403 731 3455 casaubonus
754 3402 1019 3466 explicavit
1043 3402 1175 3452 libro
1203 3403 1265 3451 de
1290 3406 1433 3468 Saty·
1520 3408 1732 3456 Onu-r.

412 3484 513 3532 rien
548 3483 835 3530 &morum
866 3482 1037 3541 Poesi,
1076 3483 1291 3546 itemque
1330 3483 1434 3531 sul.
1596 3485 1644 3534 5.
1666 3483 1896 3546 Quintus.
1916 3486 1984 3548 Q.
2003 3481 2154 3534 filius.
2182 3484 2347 3533 Gonu.

414 3563 538 3612 Ces.
588 3560 887 3623 Bulengerm
932 3560 1023 3610 ub.
1052 3561 1115 3610 de
1138 3562 1303 3623 Circo,
1326 3577 1435 3626 cap·
1596 3562 1646 3612 6.
1682 3565 1884 3625 Conjeci
1917 3563 2186 3628 quamdiu,·
2225 3564 2318 3612 eui
2350 3573 2399 3610 et
2421 3563 2546 3612 illud

416 3642 501 3690 38.
522 3643 623 3688 Han
648 3655 806 3688 amare
824 3650 1019 3705 potent
1038 3641 1223 3689 fabulas
1248 3651 1437 3705 epecta-
1525 3642 1638 3692 ferri
1657 3654 1840 3706 potest.
1868 3645 2055 3692 Ennea.
2079 3644 2192 3692 LV.
2205 3639 2271 3693 ιζ

414 3734 513 3779 tor,
536 3732 588 3769 ee
605 3729 755 3785 potus
773 3731 823 3767 ee
840 3719 1009 3778 exlex,
1033 3729 1091 3767 nt
1110 3721 1344 3769 Horatius
1368 3721 1439 3768 ait
1598 3741 1645 3784 7.
1693 3722 1900 3772 Minime
1947 3719 2302 3784 satisfaciebat.
2349 3720 2441 3768 ffiz
2487 3722 2549 3770 de

414 3800 538 3850 ibid.
580 3815 700 3863 ²²9·
728 3799 863 3862 Quid
884 3800 1083 3856 mirum,
1110 3799 1155 3847 ei
1179 3815 1283 3847 non
1302 3815 1438 3848 ama·
1525 3803 1714 3868 Quinto
1744 3802 1972 3852 laudibus
2000 3802 2174 3850 Cicero
2200 3803 2254 3848 in
2282 3798 2379 3848 fine
2405 3801 2552 3864 epist.

415 3891 493 3929 ret
524 3880 725 3930 Cicero!
752 3879 952 3927 Visatur
986 3895 1069 3942 ep.
1112 3894 1164 3938 1,
1192 3877 1280 3928 lib.
1304 3881 1434 3935 VH.
1535 3898 1557 3930 1
1585 3881 1636 3930 h.
1655 3883 1694 3930 1.
1724 3893 1775 3930 et
1799 3882 1852 3930 in
1881 3881 2040 3931 media
2069 3883 2304 3939 3‚monet
2333 3880 2556 3928 Atticum

419 3959 481 4007 ad
501 3961 617 4010 Div.
654 3959 764 4008 mio
784 3973 971 4023 grecos
992 3958 1139 4006 ludo·
1157 3975 1273 4008 oum
1298 3961 1440 4010 Oscis
1531 3973 1589 4010 ut
1605 3961 1771 4010 eredat
1784 3999 1799 4022 ,
1817 3977 1966 4026 quum
1990 3963 2095 4026 ipse
2121 3971 2392 4024 cognosset.
2413 3963 2559 4006 Forte

420 4041 694 4105 conjungit.
720 4042 781 4088 In
804 4039 883 4088 hi·
912 4040 1031 4088 Osci
1062 4051 1249 4090 netem
1276 4051 1413 4090 erant
1428 4079 1443 4105 ,
1530 4042 1635 4090 hec
1681 4041 1886 4105 epistola
1933 4057 2098 4090 eornm
2143 4041 2333 4104 Quinto
2381 4040 2562 4104 scripta

423 4127 473 4169 et
490 4120 647 4168 Oscus
660 4135 818 4169 semo
838 4136 851 4170 :
874 4119 929 4168 in
950 4119 1049 4168 mis
1063 4119 1224 4168 Greci
1237 4120 1447 4185 agebant
1537 4129 1632 4170 est.
1657 4121 1746 4168 En.
