3019 4681
468 388 604 459 302
776 351 782 357 ’
1118 389 1216 456 Μ.
1267 388 1342 455 Τ.
1401 387 1966 458 CICERONIS

464 525 964 584 verumtamen
986 507 1037 580 ³.
1082 509 1321 608 Oppio
1372 524 1448 581 et
1500 509 1724 580 Balbo
1780 508 2116 607 epistolas
2167 508 2434 582 deferri
2479 513 2598 606 ju·-

466 619 717 708 bebis,
758 633 833 690 et
874 633 1116 690 tamen
1153 620 1487 692 Pisonem
1513 621 1546 668 4
1593 618 1825 690 sicubi
1874 617 1966 692 de
2010 644 2210 692 auro.
2259 619 2600 694 Faberius

466 735 524 803 si
556 730 871 817 venerit,
905 727 1185 800 videbis
1220 743 1307 800 ut
1341 745 1628 800 tantum
1660 728 2122 818 attribuatur,
2155 732 2214 802 si
2244 731 2464 804 modo
2499 748 2600 806 at-

465 840 909 926 tribuetur,
854 836 887 882 5
972 853 1331 937 quantum
1394 838 1724 911 debetur.
1779 837 2155 940 Accipies⁶
2207 841 2300 911 ab
2357 846 2594 914 Erote.

440 939 920 1036 Ariarathes»,
979 947 1443 1020 Ariobarzani
1485 947 1713 1037 filine,
1763 953 2068 1021 Romam
2118 952 2339 1022 venit.
2387 951 2597 1038 Vult,

352 1139 359 1146 ,
464 1064 753 1162 opinor,
793 1083 1103 1157 regnum
1156 1045 1455 1156 aliquod
1496 1085 1738 1132 emere
1775 1085 1815 1131 a
1851 1065 2144 1132 Caesare.
2187 1066 2404 1147 Nam,
2445 1087 2595 1159 quo

466 1172 687 1244 modo
722 1195 923 1241 nunc
961 1182 1109 1256 est,
1144 1169 1407 1268 pedem
1439 1166 1572 1239 ubi
1607 1184 1834 1266 ponat
1859 1172 1936 1242 in
1969 1195 2133 1258 sue,
2165 1197 2318 1244 non
2353 1169 2590 1244 habet.

462 1284 785 1355 Omnino
830 1303 995 1352 eum
1038 1281 1309 1350 Sestius
1344 1295 1594 1374 noster
1641 1279 2046 1378 parochus⁷
2093 1279 2427 1379 publicus
2469 1306 2594 1352 oc-

462 1392 795 1490 cupavit,
854 1388 1056 1488 quod
1112 1388 1412 1487 quidem
1462 1386 1670 1462 facile
1719 1391 1978 1487 patior.
2037 1396 2593 1480 Verumtamen,

462 1501 665 1600 quod
704 1500 922 1586 mihi,
958 1524 1243 1571 summo
1278 1493 1636 1572 beneficio
1677 1524 1881 1587 meo,
1931 1525 2189 1599 magna
2240 1509 2406 1572 cum
2449 1499 2592 1574 fra-

462 1611 696 1683 tribus
742 1609 933 1680 illius
976 1607 1432 1681 necessitudo
1478 1625 1589 1682 est
1609 1663 1630 1698 ,
1669 1613 1899 1684 invito
1936 1635 2106 1682 eum
2145 1636 2276 1708 per
2311 1611 2595 1700 literas,

459 1737 545 1797 ut
578 1717 772 1820 apud
808 1745 927 1791 me
962 1717 1402 1791 deversetur.
1444 1718 1560 1791 Ad
1585 1745 1745 1791 eam
1780 1743 1934 1790 rem
1968 1745 2201 1818 quum
2235 1723 2594 1794 mitterem

460 1831 985 1916 Alexandrum,
1032 1831 1162 1902 has
1213 1831 1281 1902 ei
1328 1829 1495 1902 dedi
1549 1829 1811 1901 literae.
1861 1833 2034 1901 Cras
2081 1831 2304 1927 igitur
2353 1833 2594 1903 auctio

454 1943 800 2016 Peducaei.
840 1946 1085 2033 Quum
1119 1933 1445 2039 poteris3
1480 1964 1698 2037 ergo:
1745 1942 1882 2012 etsi
1921 1942 2268 2040 impediet
2294 1939 2592 2014 fortasse

462 2052 845 2138 Faberius;
886 2049 1014 2122 sed
1046 2065 1285 2120 tamen
1312 2103 1332 2136 ,
1368 2059 1598 2145 quum
1628 2049 1898 2121 licebit.
1929 2052 2318 2147 Dionysius
2349 2067 2594 2124 noster

462 2165 773 2262 graviter
806 2164 1162 2257 queritur,
1198 2173 1273 2228 et
1310 2173 1548 2228 tamen
1576 2160 1779 2253 jure,
1816 2183 1859 2229 a
1893 2158 2260 2258 discipulis
2289 2159 2592 2233 abesse⁹

460 2269 763 2340 tamdiu.
814 2268 1061 2339 Multis
1109 2266 1349 2338 verbis
1387 2267 1673 2367 scripsit
1707 2266 1795 2340 ad
1831 2292 1950 2340 me
1973 2324 1994 2360 ,
2037 2269 2253 2343 credo
2299 2273 2469 2342 item
2501 2270 2590 2342 ad

459 2396 553 2452 te.
596 2380 780 2450 Mihi
813 2378 1113 2476 quidem
1154 2377 1440 2450 videtur
1484 2379 1700 2451 etiam
1747 2378 2017 2452 diutius
2049 2380 2436 2453 abfuturus
2457 2436 2480 2472 ,
2507 2405 2591 2453 ac

458 2488 752 2560 nollem.
795 2487 1020 2559 Valde
1053 2490 1247 2560 enim
1288 2486 1661 2560 hominem
1694 2486 2047 2561 desidere.

529 2660 581 2707 3.
622 2660 979 2705 Verumtamen.
1014 2656 1387 2723 Exspectabam.
1414 2658 1479 2705 Et
1565 2671 1720 2722 greca
1742 2659 1878 2707 vocis
1899 2659 2163 2707 laetiorum
2177 2692 2194 2720 ,
2209 2658 2592 2708 ineenatuaeon-

455 2751 529 2788 eat
546 2736 838 2802 figura,qua
858 2752 972 2785 naus
986 2748 1082 2795 est,
1103 2738 1245 2795 XIV,
1260 2734 1307 2786 8.
1321 2737 1474 2784 Mau.
1563 2738 1694 2786 tulto
1727 2740 1860 2786 facto
1899 2740 1963 2802 Q.
2003 2740 2199 2787 Lutatio
2215 2772 2235 2801 ‚
2277 2740 2351 2788 M.
2397 2738 2589 2787 AEmilio

527 2828 574 2875 4.
612 2815 852 2865 Pisonem.
872 2814 1475 2880 ArgennriumssSkufi.
1561 2816 1864 2875 consulibus,
1875 2816 1930 2863 in
1948 2818 2148 2880 gratiam
2161 2816 2463 2881 Asclepiadis
2479 2814 2591 2867 Cla-

450 2896 723 2947 Convenias
735 2931 752 2957 ‚
788 2895 944 2943 sicubi
964 2896 1162 2959 poteria.
1360 2908 1367 2913 ·
1565 2895 1798 2953 zomenii,
1813 2894 2072 2960 Polystrati
2087 2892 2300 2961 Carystii
2315 2907 2367 2944 et
2385 2896 2590 2943 Meniaei

524 2978 569 3025 5.
600 2972 927 3021 Acer-ibuemr.
954 2974 1229 3021 Attribuere
1246 2974 1301 3020 in
1318 2989 1371 3019 re
1388 2989 1477 3037 pe-
1563 2974 1760 3023 Mileeii.
1788 2975 1939 3039 Quod
1964 2977 2014 3025 S.
2038 2975 2096 3025 C.
2121 2976 2288 3039 graecin
2313 2975 2474 3023 vorbi·
2500 2991 2588 3023 ex·

454 3053 669 3103 cuniaria
694 3064 767 3101 est
804 3052 1080 3117 adsignare,
1116 3052 1195 3099 vel
1209 3088 1226 3111 ,
1262 3063 1316 3100 ut
1351 3052 1476 3100 bene
1562 3052 1795 3117 plicatum
1827 3068 1938 3101 cum
1977 3052 2246 3117 fingmento
2261 3052 2474 3117 quodam
2501 3054 2591 3101 L·-

452 3131 651 3184 Schiitz.
678 3131 865 3179 solvere
884 3148 975 3195 per
998 3130 1365 3195 delegationem.
1381 3134 1474 3181 En.
1564 3133 1804 3194 tinorum,
1829 3132 2009 3197 quibua
2039 3134 2253 3197 primum
2291 3142 2588 3197 conceptum

524 3214 575 3261 6.
622 3208 855 3275 Accipies.
892 3211 1169 3273 Cognosces
1205 3208 1266 3256 ab
1294 3212 1442 3258 Erote
1455 3245 1472 3268 ,
1563 3212 1720 3260 fuerat
1733 3246 1748 3270 ‚
1770 3211 2019 3259 Victorius
2043 3210 2314 3274 publicavit
2330 3211 2382 3258 in
2401 3222 2590 3275 pom-e·

454 3302 690 3355 qnantum
728 3288 873 3337 nobie
915 3304 942 3335 a
984 3286 1188 3336 Faberio
1224 3286 1476 3338 debeatur.
1565 3306 1644 3337 ma
1681 3289 1898 3338 editione
1923 3290 2094 3337 harum
2125 3288 2452 3353 epistolarum.
2471 3290 2587 3337 Boe.

450 3373 669 3419 Mutua·-
1049 3354 1055 3361 .
1565 3396 1639 3407 --
1649 3368 1744 3418 Alii
1761 3369 1946 3417 malunt
1971 3390 1996 3411 α
2010 3368 2238 3433 pamcbie
2251 3368 2462 3434 publici·
2475 3358 2518 3428 a,
2532 3367 2586 3415 id

526 3468 549 3511 7
564 3486 577 3498 .
602 3446 865 3496 Par-ochus.
882 3445 1129 3495 Paroehua
1154 3456 1258 3493 erat
1273 3446 1359 3509 qui
1372 3446 1477 3494 lau·
1564 3459 1668 3505 est,
1684 3448 1937 3514 παροχαῖς.
1960 3450 2011 3497 J.
2029 3450 2092 3495 V.
2117 3448 2170 3496 L.

452 3532 518 3577 tia
548 3518 811 3593 praebebat'
828 3524 997 3589 legatia
1023 3534 1295 3573 exterarum
1315 3525 1475 3575 natio·
1635 3530 1688 3577 ⁸.
1711 3528 1873 3591 Quum
1885 3526 2083 3592 potet-is.
2115 3527 2196 3575 Sc.
2211 3525 2275 3573 ad
2298 3542 2378 3575 me
2403 3526 2590 3574 venien.

453 3624 595 3664 num,
612 3618 670 3655 ut
686 3605 975 3669 intelligitur
993 3620 1055 3652 ex
1075 3604 1476 3667 interpretatione
1635 3624 1689 3673 9.
1715 3609 1903 3658 Emeet.
1929 3607 2165 3657 excidisse
2183 3617 2322 3670 putat
2337 3607 2517 3654 se.J.v.
2531 3607 2585 3652 1..

1222 3862 1796 3891 —w———
