3019 4681
478 357 1061 448 2EPISTOLAE
1106 362 1249 430 AD
1298 363 1796 448 ATTICUM,
1833 363 2044 446 XIV,
2085 385 2188 456 ¹7·
2291 365 2430 446 [με

289 477 555 570 debes,
594 482 675 550 in
714 496 785 551 te
822 487 1132 578 positam
1174 508 1329 556 esse
1362 485 1929 584 rempublicam,
1971 483 2252 581 tibique
2285 511 2442 557 non

290 590 517 662 modo
584 589 945 679 mendcio,
1004 591 1131 664 sed
1190 599 1406 666 etiam
1475 591 1848 666 ornandos
1903 594 2064 665 illos
2115 595 2351 682 viros,
2402 619 2444 666 a

292 699 561 797 quibus
614 703 907 773 initium
961 702 1315 776 libertatis
1367 703 1784 803 profectum
1820 717 1948 776 est.
1995 701 2137 775 Sed
2185 703 2298 774 his
2351 703 2444 776 de

292 809 513 882 rebus
566 833 817 883 coram
864 812 1075 911 plura
1123 814 1550 912 propediem
1575 868 1595 903 ,
1653 829 1734 886 ut
1782 837 2020 912 spe-ro.
2069 815 2220 901 Tu,
2265 835 2444 909 quo-

292 923 481 992 niam
530 922 1067 1021 rempublicam
1112 949 1399 1023 nosque
1450 948 1834 997 conservas
1853 977 1874 1010 ,
1934 922 2044 994 fac
2072 977 2093 1009 ‚
2143 938 2228 994 ut
2279 922 2444 994 dili-

294 1032 719 1126 gentissime
760 1049 831 1105 te
868 1036 1107 1133 ipsum
1134 1087 1155 1124 ‚
1191 1039 1291 1106 mi
1338 1033 1714 1107 Dolabella
1735 1090 1756 1123 ,
1795 1031 2177 1104 custodias,

1010 1219 1259 1240 mm
1264 1221 1503 1240 mm
1508 1217 2433 1240 §mm-mmmmm

860 1385 1467 1468 EPISTOLA
1545 1385 1904 1466 XVIII.

292 1545 377 1600 De
408 1545 724 1606 Dolabella
750 1545 829 1605 ob
862 1567 987 1606 rem
1016 1560 1231 1626 gestam
1258 1568 1295 1606 a
1320 1567 1382 1606 se
1409 1547 1680 1620 laudate,
1709 1546 1786 1606 ob
1821 1547 2126 1626 pecuniam
2155 1567 2293 1606 vero
2318 1567 2439 1610 non

372 1645 627 1702 solutam
653 1637 891 1711 odios03
922 1644 994 1702 de
1017 1645 1147 1702 aliis
1182 1643 1360 1703 rebus
1388 1645 1696 1703 maximam
1717 1657 1944 1723 partem
1973 1643 2320 1702 domesticis.
2346 1645 2440 1722 (ln

366 1741 766 1821 Pompeiano,
798 1759 953 1798 anno
981 1745 1057 1801 U.
1083 1743 1149 1800 C.
1184 1761 1327 1819 709,
1358 1761 1554 1799 mense
1579 1739 1776 1819 maio.)

964 1908 1276 1974 CICERO
1324 1909 1654 1974 ATTICO
1702 1909 1769 1974 S.

386 2044 675 2114 SAErms·
694 2064 813 2110 me
838 2039 986 2135 jam
1020 2043 1281 2138 agitaS‚
1321 2041 1524 2138 quod
1559 2065 1714 2113 rem
1749 2053 2018 2140 gestam
2047 2039 2436 2113 Dolabellae

296 2149 499 2220 nimis
550 2151 636 2218 in
700 2149 951 2220 caelum
1010 2150 1257 2223 videar
1313 2149 1590 2224 efferre.
1648 2158 1804 2250 Ego
1845 2166 2128 2237 autem,
2181 2174 2432 2249 quam·

298 2279 505 2356 quam
550 2283 727 2332 sane
770 2260 1003 2359 probo
1042 2260 1351 2352 factum,
1393 2277 1636 2335 tamen
1673 2277 1757 2334 ut
1793 2275 1998 2333 tanto
2033 2251 2432 2362 opere'lau-

298 2366 571 2459 darem,
617 2369 970 2443 adductus
1018 2396 1181 2444 sum
1232 2377 1375 2445 tuis
1426 2389 1501 2446 et
1543 2375 1750 2459 unis»,
1790 2389 1862 2445 et
1905 2374 2144 2444 alteris
2179 2372 2426 2444 literis.

300 2478 427 2550 Sed
464 2495 707 2552 totum
743 2504 819 2552 se
855 2504 895 2553 a
922 2496 997 2553 te
1033 2480 1463 2554 abalienavit
1497 2482 1905 2570 Dolabella,
1945 2506 2028 2554 ea
2061 2480 2152 2552 de
2181 2504 2430 2568 causa,

299 2614 432 2686 qua
478 2614 603 2661 me
658 2613 953 2689 quoque
1001 2590 1139 2663 sibi
1184 2594 1758 2664 inimicissimum
1811 2590 2144 2664 reddidit.
2191 2595 2256 2662 Ο
2303 2589 2470 2661 h0··

302 2702 561 2771 minem
598 2698 1025 2798 pudentem!
1064 2701 1195 2773 kal.
1229 2702 1377 2797 jan.
1408 2702 1705 2792 debuit;
1739 2701 1980 2774 adhuc
2011 2726 2161 2771 non
2194 2700 2432 2785 solvit,

302 2810 691 2903 praesertim
716 2834 945 2907 quum
976 2834 1051 2882 se
1083 2814 1398 2884 maximo
1426 2838 1565 2884 aare
1593 2814 1828 2886 alieno
1855 2810 2132 2883 Faberii
2158 2821 2181 2853 ¹
2211 2834 2436 2887 manu

302 2916 644 3006 liberarit,
691 2932 764 2991 et
806 2942 1021 3018 opem
1064 2920 1157 2992 ab
1208 2946 1296 2993 eo
1345 2925 1656 3020 petierit.
1708 2922 1904 2994 Licet
1949 2924 2142 2993 enim
2173 2920 2433 3017 jocari,
2539 3016 2548 3023 .

300 3053 385 3101 ne
412 3055 525 3103 me
554 3027 761 3101 valde
788 3026 1305 3102 conturbatum
1332 3048 1566 3131 putes.
1601 3036 1834 3129 Atque
1860 3056 1993 3128 ego
2022 3028 2112 3101 ad
2140 3053 2308 3101 eum
2328 3053 2432 3099 nx

298 3136 446 3211 idus
496 3141 740 3212 literas
790 3140 1131 3212 dederam
1175 3140 1367 3214 bene
1416 3165 1679 3213 mane:
1722 3142 2267 3214 eodem'autem
2311 3137 2432 3209 die

301 3261 445 3321 tuas
493 3251 734 3323 literas
802 3252 1080 3350 vesperi
1141 3276 1560 3351 acceperam
1603 3254 1679 3324 in
1725 3250 2214 3348 Pompeiano,
2257 3271 2428 3319 sane

301 3357 643 3450 celeriter,
679 3365 897 3433 tertio
934 3361 1063 3433 abs
1106 3377 1179 3434 te
1214 3364 1355 3435 die.
1400 3364 1582 3453 Sed,
1628 3378 1708 3435 ut
1739 3361 1830 3435 ad
1873 3376 1945 3434 te
1981 3386 2070 3431 eo
2113 3362 2274 3457 ipso
2308 3357 2427 3429 die

370 3558 411 3589 ι.
444 3544 611 3607 Quum
640 3560 694 3591 se
730 3544 953 3592 naua-imo
1004 3561 1103 3594 oere
1142 3546 1307 3595 alieno
1399 3549 1512 3595 uiua
1543 3563 1692 3595 manu
1729 3544 1918 3595 Faberii
1953 3542 2126 3593 scriba
2159 3540 2425 3599 effecisset,

302 3616 503 3678 laberii,
534 3634 635 3672 ete.
668 3626 845 3672 Fuerat
880 3625 1081 3673 Caesaris
1121 3624 1277 3673 scriba
1292 3660 1307 3685 ,
1397 3642 1499 3690 quo
1533 3626 1769 3689 collegam
1803 3636 1978 3688 magno
2013 3638 2109 3669 ure
2133 3620 2295 3669 alieno
2329 3636 2422 3685 op·

302 3697 425 3756 mina
444 3716 588 3749 mauu
610 3702 857 3751 Antoniua
881 3702 1187 3763 abutebatur,
1212 3720 1309 3768 qua
1396 3720 1618 3768 pressum
1643 3703 1740 3751 sibi
1774 3702 2046 3751 obnoxium
2070 3698 2324 3763 fidumque
2351 3701 2430 3747 fa-

302 3778 539 3829 oeeaaioue
578 3780 833 3830 Dolabella
864 3798 1085 3847 maguam
1122 3794 1309 3848 partem
1398 3783 1684 3833 ceret.l{inc
1692 3784 1836 3844 jocus
1848 3780 2114 3837 Ciceronis,
2123 3778 2422 3828 Dolabellam

303 3850 395 3911 ‘5¹¹⁸
417 3859 658 3921 pecunia,
686 3876 833 3924 quam
852 3862 1015 3911 Caesar
1042 3862 1095 3911 iu
1122 3862 1306 3926 templo
1397 3879 1449 3911 se
1482 3864 1694 3909 maximo
1727 3876 1820 3909 εει-ο
1851 3861 2012 3909 alieno
2049 3858 2238 3907 Faberii
2276 3874 2424 3906 mauu

304 3930 413 3996 Opis
439 3938 671 3987 custodian
702 3956 843 3989 ennea
874 3940 1196 4005 deposuerat,
1221 3956 1306 3989 ac·
1392 3940 1620 3989 liberasse
1640 3975 1656 3999 ,
1701 3950 1750 3990 et
1797 3942 1948 4007 Opem
1991 3938 2054 3988 ab
2101 3954 2162 3987 eo
2205 3938 2420 4002 petiisse.

307 4010 440 4075 θφῖῐ,
464 4018 600 4079 quani
623 4034 654 4067 a
677 4020 865 4069 Caesare
891 4021 989 4085 ipsi
1014 4020 1307 4085 adscriptam
1394 4020 1625 4069 Meminit
1644 4020 1735 4084 Bp.
1765 4028 1854 4080 ¹4,
1875 4019 2122 4070 lib.·xvl
2138 4050 2154 4075 ,
2172 4026 2222 4064 et
2239 4017 2290 4063 iu
2307 4013 2421 4064 Phi-

306 4100 347 4137 01
368 4094 636 4145 “tributam
658 4114 671 4147 :
699 4114 853 4165 quum
882 4112 1041 4149 tamen
1068 4101 1121 4148 id
1143 4103 1304 4149 Anto·
1393 4100 1604 4164 lippicis.
1626 4099 1818 4149 Poma·
