3019 4681
1105 424 1204 493 M.
1255 424 1334 493 T.
1383 425 1947 495 CICERONIS

772 566 862 625 Μή
891 586 974 639 μοι
997 566 1221 641 melu*
1243 570 1302 607 Ι·
1327 568 1541 639 κεφαλὴν
1559 562 1737 623 δεινοῖο
1762 566 1979 639 mvn-spuo

459 446 554 519 70

457 722 894 817 intorqueat.
937 714 1344 788 Mirandum
1376 716 1570 789 enim
1616 720 1693 787 in
1730 714 2034 789 modum
2064 719 2320 788 Cnaeus
2349 732 2597 791 noster

459 824 953 923 Sullaniregni
978 822 1523 895 similitudinem
1550 824 1983 923 concupivit.
2010 816 2207 905 Εἰδώς
2226 821 2590 923 σοιλέγωῐ3.

458 938 656 1009 Nihil
692 933 814 1008 ille
857 960 1204 1033 umquam
1245 936 1485 1005 minus
1536 932 1848 1006 obscure
1888 932 2075 1005 tulit.
2130 936 2312 1005 Cum
2356 932 2596 1005 hocne

458 1050 700 1148 igitur,
753 1047 1041 1145 inquies
1067 1098 1087 1133 ,
1138 1068 1290 1116 esse
1345 1044 1512 1115 vis?
1564 1044 2007 1119 Beneficium
2063 1040 2365 1143 sequor,
2419 1043 2598 1115 mihi

462 1156 681 1229 crede
702 1210 722 1245 ‚
755 1180 904 1227 non
940 1150 1252 1243 causam,
1280 1170 1364 1226 ut
1391 1154 1469 1224 in
1507 1154 1877 1245 Milone-¹⁴,
1896 1169 1981 1226 ut
2007 1156 2161 1225 in...
2188 1152 2323 1225 Sed
2358 1154 2596 1227 hacte-

461 1291 620 1337 nus.
662 1270 890 1337 Causa
936 1264 1156 1363 igitur
1193 1288 1344 1333 non
1395 1260 1591 1335 bona
1644 1266 1803 1336 est?
1844 1269 2069 1337 immo
2111 1267 2431 1363 optima:
2472 1259 2598 1335 sed

463 1390 715 1477 agetur
738 1372 1188 1470 (memento)
1216 1370 1631 1447 foedissime.
1659 1374 1981 1449 Primum
2000 1429 2019 1463 ,
2047 1372 2427 1446 consilium
2452 1387 2561 1445 est
2580 1427 2599 1459 ,

461 1484 815 1561 suffocare
854 1482 1127 1557 Urbem
1171 1499 1244 1555 et
1292 1479 1569 1557 Italiam
1622 1482 1849 1575 fame;
1898 1482 2162 1557 deinde
2184 1538 2203 1571 ,
2246 1508 2453 1581 agros
2488 1508 2603 1554 va-

465 1612 652 1675 stare
674 1652 694 1686 ,
731 1622 941 1672 urere
961 1650 980 1682 ‚
1009 1592 1336 1694 pecuniis
1364 1593 1812 1695 locupletum
1841 1622 1994 1669 non
2022 1582 2399 1666 abstinere.
2430 1592 2598 1680 Sed,

465 1733 693 1809 quum
738 1704 986 1778 eadem
1029 1721 1344 1775 metuam
1381 1704 1474 1776 ab
1522 1706 1656 1777 hac
1700 1720 1943 1804 parte,
1984 1704 2043 1775 si
2081 1702 2281 1775 illinc
2324 1700 2602 1775 benefi-

465 1820 659 1893 cium
701 1842 852 1889 non
899 1816 1036 1900 sit,
1082 1818 1350 1887 rectius
1407 1831 1662 1916 putem
1714 1814 2024 1916 quidvis.
2047 1815 2247 1886 domi
2290 1814 2597 1915 perpeti.

462 1924 600 1995 Sed
639 1928 737 1995 ita
777 1922 1120 1993 meruisse
1157 1920 1364 1992 illum
1405 1921 1495 1994 de
1531 1948 1651 1994 me
1678 1916 1740 1966 ¹⁵
1778 1938 1999 2022 puto,
2036 1937 2120 1993 ut
2148 1924 2511 2019 ἀχαριστίας
2540 1916 2603 1967 ¹⁶

465 2036 740 2107 crimen
774 2028 1019 2105 subire
1049 2057 1198 2103 non
1228 2028 1557 2127 audeam.
1590 2034 2047 2132 Quamquam
2079 2060 2116 2103 a
2147 2048 2219 2104 te
2246 2034 2404 2129 ejus
2430 2058 2607 2131 quo·

461 2168 609 2243 que
645 2141 749 2213 rei
783 2138 976 2236 justa
1012 2137 1338 2212 defensio
1373 2158 1483 2213 est
1512 2144 1880 2241 explicata.
1918 2148 2030 2217 De
2060 2143 2433 2242 triumpho
2469 2141 2603 2214 tibi

462 2251 857 2327 assentior:
896 2274 1117 2347 quem
1155 2247 1453 2348 q'uidem
1491 2267 1727 2327 totum
1768 2253 1973 2329 facile
2012 2268 2086 2325 et
2118 2252 2432 2324 libenter
2472 2252 2605 2323 ab·

459 2363 723 2460 jecero.
786 2358 1084 2456 Egregie
1146 2357 1386 2456 probo
1449 2357 1607 2433 fore
1632 2417 1652 2447 ,
1712 2377 1827 2452 ut,
1888 2362 2064 2435 dum
2118 2383 2411 2458 agamus
2436 2371 2521 2453 ¹⁷,
2568 2365 2602 2434 ὅ

463 2463 740 2560 πλοῦςῑῧ
779 2475 996 2560 ὡραῖος
1043 2459 1400 2561 obrepat:
1449 2469 1508 2536 si
1554 2464 1810 2555 modo,
1852 2468 2135 2564 inquis,
2187 2468 2353 2538 satis
2400 2465 2603 2540 ille¹9

464 2577 602 2650 erit
641 2573 917 2648 firmus.
956 2574 1081 2643 Es‘t
1117 2569 1400 2645 firmior
1436 2577 1689 2666 etiam,
1729 2601 1949 2674 quam
1988 2575 2446 2674 putabamus.
2492 2579 2603 2648 De

461 2689 602 2762 isto
624 2697 692 2732 ²⁰
729 2687 893 2758 licet
935 2681 1128 2754 bene
1166 2707 1430 2781 speres.
1479 2689 1834 2760 Promitto
1866 2685 2000 2758 tihi
2022 2741 2041 2774 ,
2069 2688 2126 2757 si
2153 2685 2458 2772 valebit,
2496 2699 2602 2757 te-

460 2797 704 2897 gulam
744 2793 948 2866 illum
993 2793 1070 2862 in
1108 2791 1310 2865 Italia
1347 2795 1621 2868 nullam
1664 2795 2107 2870 relicturum.
2155 2801 2349 2870 Tene
2386 2799 2605 2895 igitur

464 2903 704 2977 socio?
739 2910 1011 2977 Contra
1053 2899 1468 2978 mehercule
1513 2932 1761 2979 meum
1792 2907 2191 3006 judicium,
2233 2919 2306 2980 et
2350 2907 2604 3010 contra
2686 2973 2701 2992 ,

537 3125 618 3161 12.
645 3105 728 3164 Μή
749 3127 832 3178 μοι
855 3108 1094 3181 Γοργείην.
1117 3111 1332 3162 Homilai
1355 3111 1486 3160 Gor-

459 3205 670 3256 goneum
683 3201 836 3255 aput
850 3189 1085 3239 horrendi
1101 3201 1149 3242 et
1167 3191 1328 3256 gravis
1347 3206 1490 3240 mon·-

459 3271 567 3319 stri.
608 3268 792 3333 Odyss.
838 3269 912 3315 xl
928 3303 943 3327 ,
983 3271 1104 3319 633.
1148 3271 1311 3318 Inerat
1355 3268 1484 3316 enim

459 3347 700 3412 Pompeio
732 3347 897 3396 honor
920 3349 1108 3398 eximia·
1146 3348 1326 3397 frontis
1339 3379 1356 3406 ,
1397 3363 1487 3396 nu·

460 3439 600 3476 ctore
618 3427 742 3475 Ptin.
765 3427 854 3477 lib.
873 3431 972 3476 vn
983 3464 998 3488 ,
1015 3446 1125 3494 cap.
1151 3443 1172 3475 ι
1187 3443 1215 3476 2
1231 3459 1246 3485 ,
1264 3426 1490 3491 quumvis

461 3517 586 3555 esset
610 3517 805 3571 aspectu
833 3506 1058 3572 populari
1096 3505 1261 3572 gratia
1289 3519 1488 3553 accom-

459 3585 678 3636 mod-to.
700 3585 826 3635 Plut.
854 3587 964 3635 Hoc
987 3597 1084 3644 est,
1109 3599 1172 3632 ne
1189 3583 1310 3632 mihi
1331 3583 1488 3648 gravi-

460 3678 536 3715 ter
549 3667 795 3715 irascatur.
810 3665 996 3714 Notum
1011 3675 1087 3714 est
1097 3679 1156 3733 ‘1⁰
1163 3661 1270 3731 ργὸν
1283 3660 1486 3724 βλέπειν,

461 3745 581 3810 quid
599 3745 678 3792 sit.
705 3747 796 3795 En.

537 3841 560 3872 1
573 3823 618 3873 3.
639 3819 795 3882 Εἰδῶς
812 3839 886 3873 σοι
901 3823 1047 3892 λέγω.
1064 3821 1232 3898 §ciens
1249 3821 1342 3870 fibi
1355 3821 1486 3870 dieo.

536 3913 618 3961 14.
653 3906 767 3953 Non
805 3919 1004 3952 eausam
1024 3937 1040 3961 ,
1091 3913 1149 3950 ree
1187 3900 1237 3948 ἰη
1281 3900 1488 3950 Milone.

457 3985 617 4047 Quem
661 3985 839 4034 Cicero
884 3997 990 4030 nou
1044 3981 1290 4029 insontem
1331 3981 1494 4029 scient

458 4063 695 4112 defendit.
719 4087 789 4100 --
814 4064 878 4108 Ut
899 4061 1004 4109 in...
1023 4059 1356 4124 aposiopesin:
1390 4059 1494 4106 sor-

459 4153 582 4192 tasse
608 4143 660 4190 in
686 4141 872 4192 Sextio.
900 4141 1016 4190 Sch.
1045 4141 1153 4188 heo
1171 4153 1199 4187 ι
1225 4137 1490 4202 310thoe

1575 3111 1794 3176 profect·
1835 3123 1995 3178 putat.
2042 3109 2137 3160 Sed
2182 3127 2453 3176 perperam.
2502 3109 2601 3160 En.

1652 3191 1732 3242 15.
1766 3191 2001 3242 unnim
2032 3191 2169 3240 imam
2197 3191 2262 3242 de
2290 3207 2384 3240 m.
2415 3191 2605 3256 Nempe
2696 3207 2705 3216 ·

1576 3287 1728 3334 quum
1747 3267 1974 3318 omnibus
1992 3269 2177 3318 viz-ihm
2196 3281 2319 3318 esset
2334 3270 2497 3318 enisus
2508 3302 2526 3330 ,
2546 3281 2605 3318 ut

1576 3348 1751 3400 Cicero
1766 3362 1831 3398 ox
1846 3349 2021 3398 exsilio
2042 3361 2371 3398 revocaretur.
2394 3351 2512 3398 Sca.

1652 3430 1738 3478 16.
1770 3415 2050 3498 ,ἄχαρις-ἶρις.
2075 3428 2259 3492 Ingrati
2278 3428 2445 3476 animi.

1653 3523 1734 3570 17.
1785 3509 1915 3554 Dum
1962 3523 2188 3572 agamus.
2248 3506 2515 3556 Lambinus
2556 3516 2607 3553 et

1574 3586 1835 3651 Lipsiensis
1862 3585 2025 3634 edito·-
2042 3586 2345 3651 Mnloebpiuae
2370 3584 2605 3633 emenda·

1575 3667 1759 3715 tionem
1784 3665 2029 3731 probant,
2062 3681 2328 3731 vagamur,
2356 3664 2479 3712 falso
2512 3663 2607 3710 mi

1576 3746 1778 3793 verbum
1801 3761 2007 3810 “gamm
2026 3743 2234 3809 intelligi
2252 3754 2443 3794 tantum
2462 3757 2607 3808 posse

1578 3823 1641 3872 de
1657 3823 1927 3888 triumpho.
1952 3823 2005 3872 J.
2026 3827 2089 3872 V.
2108 3825 2161 3873 1..

1656 3905 1739 3952 18.
1766 3891 1807 3952 ὁ
1826 3907 1989 3959 πλοῦς.
2014 3902 2275 3965 Νινίςεῑίο
2290 3902 2601 3966 tempestiva,

1576 3981 1735 4030 hieme
1752 3983 1851 4042 jam
1870 3991 2094 4030 exeunte.
2122 3981 2238 4030 Sca.

1655 4075 1737 4124 ¹9·
1764 4061 1877 4110 1110.
1906 4059 2191 4124 Pompeius.
2214 4061 2307 4109 En.
2368 4077 2375 4084 ·

1653 4154 1736 4188 πο.
1774 4143 1849 4188 De
1878 4139 1985 4189 iseo.
2012 4137 2196 4186 Mirum
2220 4151 2297 4188 eu
2325 4141 2513 4188 Eme-t.
2542 4139 2607 4186 do
