3019 4681
520 430 1070 505 EPISTOLAE
1118 437 1258 505 AD
1307 436 2072 521 ATTICUM‚XVI‚
2135 460 2239 505 ιο.
2340 442 2484 535 499

355 558 625 641 Attice,
677 570 826 627 tota
873 572 1115 629 mente
1176 556 1518 629 incumbe
1568 564 1643 629 in
1685 558 1871 630 hanc
1916 583 2185 630 curam.
2232 564 2494 659 Magna

354 670 554 738 enim
589 692 704 739 res
741 682 870 739 est.
915 670 1079 740 Tria
1112 683 1283 739 sunt
1310 683 1589 758 autem,
1622 692 2046 741 maneamne
2082 672 2367 770 Arpini,
2406 698 2497 744 an

354 778 664 873 propius
695 776 1066 865 accedam,
1104 803 1196 848 an
1240 780 1524 851 veniam
1560 784 1883 851 Romam.
1925 780 2142 869 Quod
2192 805 2495 855 censue·
2580 860 2587 869 ‚
2666 788 2674 795 '

357 886 491 971 ris»,
529 884 807 959 faciam.
842 887 982 957 Sed
1025 912 1244 983 quam
1303 892 1615 986 primum
1656 916 1671 957 ι
1720 888 1925 959 avide
1961 904 2301 987 exspecto
2342 907 2498 965 ruas

371 996 634 1069 literas.
663 1022 736 1069 vi
777 996 940 1069 idus
979 1022 1191 1071 mane
1233 998 1308 1069 in
1345 1002 1803 1071 Sinuessano,

353 1158 547 1205 numeri
573 1156 932 1221 compendiaria
959 1170 1076 1206 nota
1103 1168 1290 1221 partem
1303 1159 1385 1205 in-

353 1238 542 1284 sermm
555 1253 657 1285 esse
669 1249 754 1286 ant
763 1236 885 1283 male
899 1252 1170 1302 expresnnm
1183 1238 1387 1295 calamo,

353 1328 443 1364 ant
467 1326 686 1381 tempore
719 1316 954 1365 detritam.
979 1316 1046 1365 At
1067 1316 1108 1363 is
1136 1332 1272 1363 error
1298 1315 1386 1363 de·

355 1396 594 1458 prehendi
636 1412 739 1443 non
790 1412 913 1460 aegre
949 1406 1158 1459 poterat.
1193 1396 1388 1443 Etenim

353 1474 481 1523 hanc
509 1474 657 1523 dabat
688 1475 866 1523 Cicero
889 1476 1146 1539 epistolam
1183 1477 1226 1521 V
1227 1477 1258 1521 1
1277 1473 1387 1523 idus

351 1552 474 1617 (die
499 1555 527 1601 8
555 1553 872 1616 novembris)
910 1565 1022 1605 ante
1047 1555 1234 1613 lucem,
1267 1569 1388 1603 mox

355 1634 666 1697 profecturus
708 1630 950 1697 Arpinum
987 1650 1154 1681 versus
1170 1670 1188 1695 ,
1227 1634 1390 1681 Anto-

1475 1160 1610 1205 nium
1655 1168 1709 1205 ut
1736 1158 1919 1222 sugeret
1933 1190 1947 1216 ,
1974 1174 2120 1221 quem
2148 1160 2220 1207 nti
2261 1160 2503 1211 celeritate

1474 1238 1681 1285 maxima
1709 1237 1941 1285 audierat.
1966 1239 2049 1285 An
2072 1252 2188 1302 orgo
2226 1241 2506 1289 constituis-

1475 1327 1573 1375 oet,
1606 1332 1709 1365 non
1737 1318 1901 1365 venire
1922 1318 2197 1381 Aquinum,
2234 1320 2328 1367 nisi
2348 1322 2408 1367 11
2421 1329 2507 1369 aut

1474 1396 1611 1459 prid.
1637 1396 1745 1443 idus
1764 1394 1873 1460 (die
1906 1410 1965 1445 ιιι
1996 1398 2204 1459 mensio)
2224 1414 2358 1461 ‚qno
2396 1414 2508 1463 per-

1475 1475 1645 1523 venire
1672 1484 1863 1537 poterat
1894 1490 1955 1525 eo
1978 1474 2091 1538 ipso
2120 1474 2227 1534 die,
2247 1491 2353 1539 qno
2378 1477 2507 1527 hanc

1475 1552 1623 1603 dabat
1640 1553 1899 1616 epistolam
1914 1587 1929 1612 ,
1962 1564 2013 1601 et
2039 1569 2089 1601 re
2110 1570 2219 1601 vern
2246 1556 2507 1618 pervenit?

1475 1632 1607 1683 Vide
1626 1632 1939 1696 infra,epist.
1972 1634 2051 1681 13.
2082 1634 2365 1683 Montium.

361 1783 450 1800 w·
456 1782 1189 1801 mmmmm-mmm
1193 1782 1276 1799 w·
1287 1779 1466 1799 mm
1747 1780 2385 1799 mmmmm
2390 1782 2477 1800 Μ

1027 1946 1639 2025 EPISTOLA
1697 1948 1843 2024 XI.

374 2107 616 2169 Duabus
655 2107 834 2164 Attici
865 2105 1126 2183 epistolis
1161 2100 1476 2180 respondet
1495 2144 1515 2173 ,
1544 2112 1605 2159 et
1640 2101 1825 2180 priori
1864 2102 2099 2179 quidem
2146 2105 2503 2181 potissimum

439 2209 512 2266 de
537 2208 608 2264 iis
629 2248 648 2277 ,
674 2226 804 2283 quae
830 2206 1056 2263 Atticus
1085 2204 1144 2260 in
1181 2215 1334 2259 orat.
1356 2201 1684 2280 Philippica
1712 2201 1964 2260 secunda
1992 2201 2502 2280 animadverterat3

439 2302 782 2386 posteriori,
821 2301 894 2360 de
935 2300 1098 2359 libris
1143 2298 1215 2358 de
1259 2298 1493 2371 officiiS,
1542 2297 1616 2355 de
1658 2299 1960 2356 Octaviani
2005 2300 2409 2378 progressibus
2442 2316 2501 2361 et

439 2403 564 2462 aliis
593 2399 786 2460 rebus.
821 2403 927 2474 (In
955 2397 1298 2476 Puteolano,
1327 2415 1481 2453 anno
1514 2399 1589 2455 U.
1610 2399 1673 2454 C.
1698 2415 1845 2472 709,
1877 2416 2073 2455 mense
2097 2397 2449 2474 novembri.)

1014 2551 1333 2618 CICERO
1380 2549 1698 2615 ATTICO
1747 2549 1810 2614 S.

455 2697 684 2766 Nonis
717 2690 957 2788 accepi
991 2711 1032 2763 a
1069 2703 1138 2756 te
1179 2685 1369 2760 duas,
1401 2684 1738 2782 epistolas
1788 2712 1803 2753 ε
1850 2709 2159 2784 quarum
2211 2689 2503 2764 alteram

365 2801 497 2874 kal.
544 2801 878 2886 dederas,
915 2800 1212 2871 alteram
1243 2793 1499 2894 pridie.
1540 2796 1767 2890 Igitur
1804 2799 2007 2893 prius
2042 2799 2131 2868 ad
2174 2805 2500 2897 superio-

361 2933 534 2980 rem.
577 2911 923 2978 Nostrum
957 2927 1144 3004 opus
1168 2915 1190 2946 ¹
1235 2900 1367 2972 tibi
1405 2899 1699 2997 probari
1732 2901 1971 2988 laetor3
2006 2927 2091 2972 ex
2124 2929 2275 2999 quo
2304 2907 2495 2984 dvo-0²

363 3023 515 3118 ipsa
557 3018 900 3116 posuisti3
948 3039 1108 3112 quae
1154 3011 1331 3082 mihi
1378 3009 1801 3082 florentiora
1831 3025 2001 3080 sunt
2040 3011 2186 3081 visa
2227 3027 2355 3084 tuo
2384 3015 2499 3110 ju-

361 3127 548 3200 dicio
572 3125 599 3172 ³
642 3157 656 3198 :
693 3126 972 3198 cerulas
1009 3127 1200 3194 enim
1245 3136 1404 3191 tuas
1438 3118 1848 3189 miniatulas
1884 3117 2037 3190 illas
2081 3124 2499 3194 extimesce-

361 3240 550 3310 bam.
589 3243 699 3308 De
739 3237 896 3306 Sica
930 3236 1026 3304 ita
1059 3235 1210 3302 est‘*
1236 3286 1254 3318 ‚
1285 3244 1370 3299 ut
1399 3226 1675 3299 scribis.
1719 3230 1846 3296 Ast
1890 3251 2075 3322 aegre
2116 3251 2231 3297 me
2268 3235 2494 3303 tenui.

359 3356 614 3445 Itaque
665 3337 1200 3445 perstringam⁵
1262 3341 1414 3412 sine
1467 3335 1615 3408 ulla
1662 3335 2099 3406 contumelia
2154 3340 2325 3408 Sicae
2374 3357 2498 3413 aut

436 3535 482 3566 1.
511 3517 746 3564 Nostrum
789 3531 922 3578 opus.
966 3509 1284 3576 Philippicam
1312 3524 1382 3554 se·

359 3595 580 3644 eandam.
618 3593 895 3640 Monenr.

432 3690 479 3721 α.
505 3659 641 3724 Avo-n.
670 3672 866 3732 Elores,
908 3667 1108 3716 meliora
1149 3665 1274 3713 loca.
1313 3689 1381 3700 --

363 3754 400 3800 F.
423 3753 637 3800 lectione
666 3751 873 3814 vulgata,
901 3757 1052 3795 «ante
1071 3745 1179 3809 ipsa
1193 3741 1379 3800 »manc

362 3833 474 3881 fecit
537 3831 798 3878 Lambinus
815 3867 830 3892 ,
887 3826 1135 3892 ingeniosa
1182 3837 1380 3886 prorsus

361 3911 712 3958 emendatione.
736 3910 794 3954 In
815 3906 926 3954 cod.
953 3922 979 3951 e
1003 3919 1104 3968 quo
1130 3900 1207 3950 ed.
1235 3903 1381 3947 Rom.

365 3989 484 4038 faeta
511 4001 584 4038 eet
603 4024 618 4048 ,
645 3989 738 4038 fuit
758 4009 780 4030 ι
795 3999 936 4036 auten
953 3987 1057 4050 ipsa
1073 4009 1118 4043 n,
1143 3999 1206 4030 ex
1228 3979 1382 4032 ἄνθεα,

367 4071 410 4116 J.
429 4071 491 4118 V.
519 4072 577 4118 L.

436 4150 486 4195 3.
525 4145 889 4196 Florentium...
929 4155 1010 4192 mo
1032 4141 1248 4208 judicio.
1269 4141 1386 4190 Pul-

1472 3512 1682 3572 chriora,
1707 3511 2016 3577 elegantiora,
2032 3524 2351 3577 posteaquam
2372 3533 2493 3582 pro.

1469 3589 1581 3639 bata
1608 3601 1723 3638 sunt
1752 3602 1839 3640 tuo
1866 3591 2075 3652 judicio.
2105 3594 2243 3642 Mu..

1543 3679 1589 3726 4.
1632 3673 1714 3716 Ita
1741 3683 1825 3718 est.
1867 3670 2034 3718 Nolim
2070 3687 2183 3718 eum
2226 3673 2489 3738 offendere.

1467 3749 1729 3806 Ciceroni,
1780 3765 1931 3813 quum
1971 3765 2022 3796 ee
2059 3751 2300 3800 Clodiano
2340 3754 2491 3806 furori

1474 3827 1778 3875 subtraheret
1792 3862 1807 3886 ,
1833 3838 2079 3891 receptum
2100 3830 2206 3878 Sica
2228 3831 2425 3884 dederat
2441 3838 2493 3886 in

1472 3922 1565 3954 eno
1580 3904 1751 3952 fundo.
1762 3904 1891 3952 Vide
1906 3922 2016 3972 sup.
2030 3906 2115 3954 lib.
2126 3910 2199 3956 111
2212 3944 2229 3972 ,
2245 3927 2323 3975 ep.
2344 3929 2371 3960 a
2382 3925 2431 3962 et
2444 3925 2491 3974 4.

1547 3985 1596 4034 5.
1642 3983 1987 4048 Per-stringam.
2015 3986 2193 4050 Agitur
2214 3988 2275 4036 de
2310 3992 2493 4059 Philip-

1475 4063 1585 4129 pica
1607 4061 1815 4111 secunda
1832 4096 1847 4120 ,
1870 4064 1919 4109 in
1939 4079 2060 4128 qna,
2086 4083 2193 4130 cap.
2208 4083 2235 4115 2
2250 4083 2265 4117 ε
2282 4091 2309 4112 α
2329 4073 2492 4134 Quum

1475 4153 1526 4192 te
1554 4157 1717 4192 omnes
1750 4141 2122 4193 recordarentur
2158 4144 2375 4200 liberti&
2412 4166 2495 4214 μ..

2143 4229 2253 4301 32.
