3019 4681
449 385 596 458 166
1089 389 1187 456 Μ.
1237 389 1317 456 Τ.
1371 386 1935 459 CICERONIS

447 514 596 581 suis
633 505 1066 606 impeditum
1111 507 1497 580 nobiscum
1551 511 1657 580 ire
1706 533 1859 580 non
1916 527 2155 606 posse.
2202 514 2431 582 Pauca
2466 499 2593 583 re·'

447 617 742 718 spondi3
775 641 1121 714 magnum
1153 621 1398 717 accepi
1432 619 1763 691 dolorem
1798 645 1815 688 ε
1862 617 2185 689 intellexi
2218 617 2585 691 fortunam

445 729 538 799 ab
579 753 667 800 eo
707 743 1030 799 nostram
1065 725 1477 825 despectam
1512 755 1687 802 esse.
1728 727 1925 819 Quid
1952 729 2249 826 quaeris?
2285 727 2587 803 fortasse

446 836 822 908 miraberis
873 863 888 906 ε
937 838 1013 907 in
1066 840 1392 910 maximis
1434 839 1701 928 horum
1750 855 2165 938 temporum
2207 838 2585 914 doloribus

447 948 646 1018 hunc
687 947 870 1016 mihi
917 949 1098 1018 scito
1131 973 1304 1020 esse.
1347 949 1616 1035 Velim,
1651 967 1733 1020 ut
1778 949 1913 1020 tibi
1949 952 2221 1022 amicus
2255 954 2396 1022 sit:
2442 951 2587 1023 hoc

448 1081 678 1154 quum
703 1054 838 1126 tibi
863 1071 1072 1154 opto,
1101 1073 1278 1153 opto
1306 1074 1388 1129 ut
1408 1057 1665 1131 heatus
1692 1071 1713 1102 ¹
1743 1061 1871 1130 sis:
1898 1061 2035 1133 erit
2064 1061 2255 1132 enim
2281 1061 2584 1134 tamdiu.

543 1165 946 1237 Consilium
1007 1182 1336 1238 nostrum
1395 1193 1611 1266 spero
1656 1195 1960 1243 vacuum
2023 1171 2345 1268 periculo
2405 1169 2585 1243 fore.

445 1279 626 1347 Nam
673 1289 745 1346 et
783 1274 1388 1347 dissimulabimus
1408 1289 1465 1366 ²,
1502 1293 1615 1365 et,
1652 1292 1736 1349 ut
1760 1285 2061 1378 opinor,
2092 1283 2435 1352 acerrime
2461 1281 2586 1353 ad-

449 1384 914 1456 servabimus.
943 1387 1324 1484 Navigatio
1351 1387 1571 1458 modo
1597 1389 1715 1477 sit,
1747 1391 2035 1488 qualem
2065 1406 2265 1490 opto.
2292 1397 2545 1464 Cetera
2564 1439 2587 1480 ,

449 1520 612 1590 quae
638 1494 935 1591 quidem
972 1496 1276 1567 consilio
1309 1497 1669 1596 provideri
1698 1516 2046 1598 poterunt
2065 1556 2085 1589 ,
2112 1502 2585 1575 cavebuntur.

449 1611 560 1675 Tu
582 1659 602 1692 ,
655 1604 830 1676 dum
892 1604 1275 1695 adsumuS,
1337 1634 1490 1679 non
1551 1609 1773 1681 modo
1837 1636 1997 1707 quae
2050 1614 2291 1684 scieris
2339 1612 2587 1684 audie·

449 1718 670 1800 risve,
709 1713 835 1785 sed
866 1719 1080 1786 etiam
1109 1740 1273 1813 quae
1299 1715 1545 1789 futura
1574 1719 2023 1816 providebiS,
2053 1719 2320 1792 scribas
2349 1722 2585 1792 velim.

450 1830 668 1914 Cat0,
714 1827 845 1922 qui
874 1827 1182 1898 Siciliam
1228 1841 1478 1900 tenere
1516 1827 1721 1900 nullo
1750 1831 2046 1927 negotio
2082 1835 2351 1928 potuit,
2384 1846 2492 1920 et,
2529 1834 2591 1902 si

444 1937 834 2025 tenuisset,
866 1961 1121 2008 omnes
1159 1936 1340 2007 boni
1381 1937 1472 2009 ad
1511 1959 1677 2009 eum
1723 1963 1799 2010 se
1836 1939 2351 2030 contulissent,
2388 1945 2590 2038 Syra-
2654 1983 2659 1994 ·

445 2053 633 2120 cusis
676 2045 1043 2146 profectus
1078 2061 1185 2120 est
1227 2063 1394 2120 ante
1431 2048 1623 2120 diem
1659 2076 1789 2121 vm
1830 2049 1968 2121 kal.
2009 2051 2171 2122 mai.
2216 2066 2300 2120 ut
2338 2051 2428 2122 ad
2470 2077 2589 2124 me

447 2161 670 2229 Curio
699 2155 726 2201 ³
771 2162 1079 2256 scripsit.
1118 2161 1410 2230 Utinam
1433 2214 1453 2248 ‚
1497 2159 1697 2257 quod
1736 2160 1979 2246 aiunt,
2038 2167 2248 2234 Cotta
2274 2166 2305 2214 4
2351 2162 2590 2233 Sardi-

449 2271 643 2338 niam
687 2265 965 2338 teneat!
997 2283 1106 2339 est
1137 2270 1327 2338 enim
1356 2295 1632 2342 rumor.
1675 2276 1771 2358 Ο,
1808 2273 1865 2344 si
1896 2270 1973 2343 id
2009 2268 2268 2361 fuerit,
2295 2286 2589 2371 turpem

447 2376 833 2449 Catonem!
881 2382 1066 2476 Ego.
1111 2393 1197 2450 ut
1233 2384 1638 2453 minuerem
1688 2384 2173 2479 suspicionem
2208 2381 2590 2481 profectio-

447 2489 562 2559 nis
597 2504 725 2559 aut
760 2489 1216 2585 cogitationis
1250 2514 1460 2579 meae,
1495 2489 1867 2589 profectus
1900 2514 2062 2563 sum
2098 2494 2173 2562 in
2216 2496 2591 2590 Pompeia-

445 2624 627 2670 num
664 2623 725 2669 a.
768 2598 835 2669 d.
891 2624 1002 2670 1111
1051 2598 1144 2669 id.
1186 2614 1269 2670 ut
1325 2601 1427 2672 ibi
1471 2626 1699 2673 essem
1726 2657 1746 2687 ‚
1797 2602 2013 2690 dum,
2051 2627 2215 2699 quae
2253 2603 2344 2672 ad
2390 2604 2587 2672 navi-

442 2709 760 2807 gandum
821 2734 1008 2808 opus
1058 2724 1333 2798 essent,
1385 2724 1837 2808 pararentur.
1898 2715 2149 2802 Quum
2200 2712 2290 2783 ad
2348 2712 2590 2783 villam

441 2823 844 2907 venissem,
881 2834 1184 2890 ventum
1231 2836 1340 2891 est
1387 2821 1480 2892 ad
1518 2846 1670 2909 me;
1712 2824 2180 2893 centuriones
2216 2825 2433 2895 trium
2472 2846 2591 2894 co-

441 2932 796 3017 hortium,
859 2950 1020 3025 quae
1084 2931 1448 3028 Pompeiis
1524 2945 1735 3017 sunt,
1790 2958 1907 3003 me
1954 2928 2183 3004 velle⁵
2241 2932 2592 3029 postridie

439 3042 636 3138 (haec
690 3063 976 3112 mecum
1021 3040 1332 3114 Ninnius
1374 3042 1709 3138 noster);
1761 3041 1944 3113 velle
1990 3066 2117 3113 eos
2162 3040 2343 3112 mihi
2390 3066 2465 3113 se
2518 3054 2595 3112 et

441 3150 801 3253 oppidum
839 3151 1142 3222 tradere.
1175 3154 1268 3221 At
1305 3176 1441 3249 ego
1477 3150 1611 3224 tibi
1647 3151 1999 3258 postridie
2024 3178 2065 3223 a
2091 3152 2257 3225 villa
2284 3168 2453 3223 ante
2476 3150 2591 3223 lu-

516 3355 559 3386 1.
589 3338 784 3385 Beatus.
815 3336 1018 3383 Beatum
1041 3333 1125 3381 hic
1155 3332 1354 3382 divitem
1377 3371 1391 3396 ,
1421 3345 1472 3382 et
1562 3333 1649 3383 tibi
1669 3335 2001 3385 adservaudns
2024 3345 2097 3383 est
2116 3358 2158 3381 n.
2181 3334 2234 3385 J.
2262 3334 2319 3384 F.
2344 3332 2587 3384 Gronov.

438 3418 742 3465 fortunatum
777 3412 1050 3478 significet,
1087 3419 1141 3461 ut
1175 3426 1305 3476 cepe
1337 3414 1472 3479 apud
1558 3414 1915 3463 -Sohneliu
1936 3412 2401 3473 dissimulabimus,
2412 3416 2591 3471 «κήαι

436 3508 659 3545 auctores
689 3496 886 3545 latinos.
925 3495 1048 3543 Ideo
1079 3509 1230 3557 quum
1265 3493 1470 3557 optabat
1560 3493 1993 3557 opium-,acerrime
2004 3492 2420 3541 adservabimura.
2440 3492 2593 3555 Quod

437 3576 608 3625 Cicero
627 3586 683 3622 nt
702 3576 742 3621 is
763 3576 948 3623 amicus
965 3582 1092 3621 esset
1109 3571 1303 3632 Attico,
1324 3573 1470 3620 simul
1560 3572 1841 3621 confimari
1865 3583 2007 3636 putat
2030 3573 2108 3620 his
2132 3572 2350 3637 epistole
2384 3573 2443 3618 18
2474 3572 2587 3620 infr.

437 3654 492 3699 id
519 3652 749 3715 optabat,
793 3665 852 3702 nt
887 3655 1083 3701 Atticus
1117 3652 1289 3701 beatus
1319 3662 1464 3701 esset.
1556 3650 1721 3700 verbis
1755 3668 1768 3699 τ
1816 3674 1841 3695 α
1868 3648 2132 3713 custodia,
2196 3649 2375 3714 quibus
2426 3648 2590 3698 adser-

439 3733 644 3779 Boems.
1557 3746 1649 3779 vor
1668 3754 1710 3780 n.
1734 3732 1828 3780 En.

509 3826 558 3857 α.
588 3808 1020 3859 Dissimulabimus.
1059 3812 1282 3861 Tacitum
1316 3810 1468 3859 habe-
1628 3812 1677 3859 3.
1702 3808 1864 3859 cur-io.
1889 3812 1931 3857 A
1952 3811 2140 3859 Caesare
2160 3810 2364 3867 missus,
2382 3821 2441 3858 ut
2463 3808 2585 3857 Sici-

437 3890 597 3937 bimun
615 3900 664 3936 et
687 3886 951 3936 occultum.
973 3892 1124 3939 Recte
1143 3894 1196 3938 in
1221 3891 1465 3954 sequenti·
1552 3886 1669 3935 liam
1684 3888 1989 3950 Pompeianis
2008 3888 2229 3952 eriperet.
2247 3887 2341 3953 Ep.
2362 3896 2415 3944 4.
2436 3888 2588 3943 Mur,

433 3970 528 4017 bus
577 3966 850 4031 Malaspina
873 4002 888 4025 ,
949 3968 1310 4018 adsembimus
1327 4005 1345 4027 ,
1404 3969 1468 4018 ad
1632 3976 1679 4024 4.
1728 3966 1886 4015 Cocta.
1928 3966 2003 4014 M.
2026 3966 2267 4017 Aurelius.
2304 3967 2476 4017 Pulsus
2512 3977 2589 4015 est

438 4047 602 4095 omnia
629 4048 810 4093 erimus
835 4046 1027 4093 intenti.
1058 4048 1256 4097 Terent.
1287 4050 1467 4097 Heant.
1556 4046 1725 4111 paullo
1751 4058 1885 4112 post.
1910 4048 1986 4095 De
2012 4046 2133 4093 Bell.
2159 4046 2271 4095 civ.
2303 4048 2327 4093 Ῑ
2345 4083 2362 4110 ,
2394 4047 2475 4097 30.

433 4130 534 4189 111,
563 4128 615 4186 3,
642 4126 741 4179 343
785 4146 807 4167 ι
833 4126 990 4188 Atqui
1017 4140 1176 4185 nune,
1213 4126 1359 4187 here,
1383 4126 1468 4174 hic
1632 4128 1678 4174 5.
1712 4125 1864 4174 Velle.
1890 4126 2075 4190 supple
2094 4158 2112 4186 ,
2138 4126 2416 4173 convenire.
