3019 4681
719 376 1254 445 EPISTOLAE
1303 377 1440 445 AD
1489 375 1991 460 ATTICUM‚
2029 377 2129 461 X,
2182 373 2247 443 8.
2428 374 2564 472 1'39

431 495 786 568 dedecore
815 511 1095 594 potero.
1139 496 1380 595 Quid?
1425 501 1482 569 si
1516 521 1611 570 ne
1647 495 1724 566 id
1758 495 2053 593 quidem
2093 511 2202 568 est
2232 497 2562 597 explora-

432 619 588 676 tum
607 661 628 695 ‚
665 603 855 690 fore,
891 621 975 678 ut
1002 606 1182 680 mihi
1215 608 1424 678 liceat
1455 606 1825 706 (scribunt
1862 610 2056 677 enim
2095 605 2183 678 ad
2212 632 2327 679 me
2356 612 2567 682 amici

431 717 624 812 ejus,
671 740 786 788 me
831 715 934 788 illi
981 718 1186 789 nullo
1229 717 1453 789 modo
1498 714 1954 804 satisfecisse,
1999 715 2201 812 quod
2249 717 2328 788 in
2367 743 2571 790 sena-

432 841 592 898 tum
642 849 794 896 non
838 827 1248 917 venerim);
1295 843 1633 900 tamenne
1674 823 2133 914 dubitemu5‚
2182 849 2275 896 an
2318 827 2386 897 ei
2433 851 2569 898 nos

435 937 652 1008 etiam
684 961 849 1008 cum
876 937 1204 1035 periculo
1231 938 1722 1025 venditemus,
1747 936 2049 1034 quicum
2077 938 2443 1034 conjuncti
2477 960 2571 1010 ne

425 1069 612 1138 'cum‘
631 1049 928 1144 praemio
956 1047 1255 1145 quidem
1280 1048 1645 1120 voluimus
1672 1045 1871 1122 esse?
1894 1045 2176 1118 Deinde
2203 1046 2347 1118 hoc
2373 1045 2573 1134 vide,

433 1181 586 1228 non
623 1181 776 1230 esse
797 1155 1160 1253 judicium
1209 1159 1301 1230 de
1340 1172 1495 1230 tota
1527 1157 1997 1229 contentione
2036 1157 2114 1226 in
2158 1156 2519 1254 Hispaniis
2550 1184 2569 1226 ε

430 1266 568 1337 nisi
611 1264 838 1353 forte,
884 1268 970 1340 iis
1015 1269 1337 1358 amissis,
1384 1292 1584 1360 arma
1632 1268 2059 1366 Pompeium
2114 1263 2571 1362 abjecturum
2672 1353 2675 1356 y

432 1391 668 1474 putas.
728 1377 956 1472 Cujus
991 1401 1211 1449 omne
1246 1380 1631 1450 consilium
1684 1376 2380 1448 Themistocleum¹¹
2438 1392 2568 1448 est.

433 1487 808 1559 Existimat
834 1491 1065 1576 enim,
1112 1491 1246 1585 qui
1261 1512 1458 1560 mare
1490 1501 1769 1576 teneat,
1811 1509 1980 1559 eum
2004 1510 2297 1557 necesse
2327 1508 2575 1557 rerum

432 1596 671 1694 potiri.
705 1601 994 1694 Itaque,
1029 1599 1158 1694 qui
1186 1621 1593 1696 numquam
1621 1595 1698 1667 id
1728 1597 1906 1694 egit,
1935 1610 2019 1666 ut
2050 1597 2409 1693 Hispaniae
2442 1619 2577 1692 per

433 1731 510 1777 se
540 1720 968 1779 tenerentur
995 1718 1082 1795 ¹²,
1118 1707 1386 1780 navalis
1409 1721 1796 1806 apparatus
1819 1707 1885 1777 ei
1916 1729 2201 1803 semper
2224 1707 2576 1801 antiquis-

433 1816 610 1886 sima
660 1839 834 1888 cura
874 1814 1032 1888 fuit.
1070 1817 1453 1915 Navigabit
1494 1819 1751 1916 igitur,
1799 1841 2029 1916 quum
2064 1819 2200 1886 erit
2242 1828 2573 1912 tempus,

432 1930 760 1996 maximis
804 1925 1187 2017 classibuS,
1219 1943 1293 2000 et
1333 1928 1425 2000 ad
1467 1929 1742 2000 Italiam
1779 1926 2072 2001 accedet
2103 1953 2120 1996 z
2154 1927 2229 1997 in
2259 1949 2405 2023 qua
2442 1949 2577 1996 nos

433 2034 768 2108 sedentes
797 2035 982 2134 quid
1007 2038 1325 2110 erimus?
1359 2063 1527 2109 nam
1565 2039 1846 2111 medios
1879 2062 2031 2110 esse
2055 2036 2202 2132 jam
2234 2059 2384 2104 non
2410 2033 2579 2103 lice-

433 2144 563 2216 bit.
612 2145 976 2219 Classibus
1028 2147 1574 2222 adversabimur
1625 2149 1887 2248 igitur?
1944 2145 2147 2245 quod
2205 2143 2477 2216 malum
2513 2140 2577 2186 ¹3

435 2256 705 2351 majus,
757 2281 888 2328 seu
923 2271 1209 2330 tantum
1261 2259 1629 2359 denique?
1674 2258 1855 2359 quid
1897 2255 2231 2355 turpius?
2266 2255 2425 2326 Ain'
2464 2268 2579 2342 tu,

436 2366 670 2439 Attice
697 2370 787 2456 ¹⁴,
832 2369 1074 2441 siccin’
1107 2368 1427 2443 absentis
1473 2371 1671 2444 solus
1713 2368 1847 2443 tuli
1885 2366 2165 2441 scelus?
2214 2364 2577 2461 ejusdem,

510 2546 591 2581 11.
624 2526 1047 2582 Themistocleum.
1086 2535 1282 2599 Cogitat
1325 2534 1462 2599 quod
1551 2536 1800 2584 literarum
1851 2534 2149 2582 vicinitatem
2170 2565 2186 2590 ,
2224 2542 2279 2579 ut
2318 2546 2446 2595 saepe
2487 2530 2581 2577 hac

437 2610 556 2658 olim
570 2610 922 2659 Themistoclea
939 2624 1110 2661 contra
1133 2616 1322 2675 Persae,
1341 2616 1462 2663 cln-

426 2684 488 2739 'ne
504 2688 688 2737 bellum
713 2704 894 2753 gerere.
927 2692 1050 2741 vid.
1068 2692 1157 2743 lib.
1176 2694 1299 2753 vn,
1319 2694 1461 2758 epist.

443 2784 465 2815 1
479 2784 522 2817 ε.
547 2771 640 2817 En.
656 2796 724 2805 —
749 2769 850 2834 Qui
871 2786 1008 2819 mare
1025 2805 1044 2831 ,
1069 2784 1164 2821 etc.
1181 2775 1291 2821 Hoc
1311 2772 1463 2821 felici-

436 2856 510 2896 ter
549 2848 782 2911 exprimit
821 2847 1090 2898 celebratus
1127 2850 1211 2898 iile
1250 2868 1422 2900 vernus
1445 2866 1462 2901 ε

437 2930 541 2975 «Le
567 2926 748 2975 trident
765 2928 828 2976 de
844 2928 1076 2993 Neptune
1101 2942 1176 2979 eet
1199 2930 1245 2979 le
1273 2942 1467 2997 sceptro

437 3005 504 3053 du
530 3006 711 3053 monde
727 3026 768 3055 ι.
1009 3018 1016 3025 “

513 3100 598 3134 12.
625 3086 723 3133 Per
743 3102 811 3136 se.
836 3088 906 3135 Ut
927 3088 1034 3153 ipse
1062 3104 1272 3153 presens
1289 3105 1371 3137 eas
1390 3100 1466 3137 te-

437 3176 574 3213 neret
595 3164 713 3212 :sed
735 3167 876 3229 quasi
897 3164 959 3214 de
981 3166 1044 3213 iis
1085 3183 1184 3215 non
1209 3168 1434 3217 laborans
1449 3202 1464 3227 ,

435 3240 605 3306 leg-tis
623 3245 874 3308 negotium
902 3246 1164 3295 commisit.
1189 3248 1336 3295 Man.

513 3324 596 3371 1³.
647 3323 798 3385 Quod
829 3324 1030 3373 malum.
1072 3327 1132 3372 In
1171 3325 1365 3376 Baniol.
1414 3337 1465 3375 et

436 3400 704 3449 Helmtud.
733 3401 906 3465 «quod
941 3402 1119 3450 malum
1145 3404 1332 3453 scilicet
1355 3415 1463 3452 tnn-

437 3480 607 3527 um?-
619 3480 860 3529 Existimo
881 3482 1165 3530 Ciceronem
1189 3482 1461 3547 scripsisse,

447 3578 472 3602 ι
489 3559 627 3622 quod
649 3560 830 3608 melum
869 3562 1027 3623 majus
1040 3562 1064 3609 Ρ
1091 3562 1302 3625 denique
1341 3562 1461 3626 quid

437 3638 628 3703 turpius
641 3640 664 3685 Ρ
679 3658 702 3682 n
727 3641 854 3702 Qun
879 3640 1028 3689 lectio
1055 3642 1240 3709 optima
1263 3639 1460 3690 sehiitz.

435 3716 540 3763 vien
576 3728 664 3766 eet.
692 3718 818 3766 Sunt
857 3719 1278 3784 interpretationes
1311 3720 1462 3784 mgi-

437 3794 690 3843 etellorum
699 3796 885 3846 seilicet
904 3808 1109 3859 tantum,
1134 3814 1242 3863 quae
1260 3800 1464 3862 irrepse-

437 3884 552 3922 runt
568 3874 618 3922 in
634 3876 1180 3926 contextum.Videntur
1191 3887 1353 3926 autem
1365 3876 1462 3925 illo

439 3963 566 4001 nette
591 3970 694 4003 esee
715 3972 778 4004 ex
799 3956 892 4004 hac
914 3972 1056 4004 cauea
1070 3991 1085 4015 ,
1121 3956 1260 4020 quod
1281 3958 1335 4005 in
1355 3957 1464 4005 aliis

437 4028 575 4079 libris
593 4035 828 4083 exciderit
846 4040 898 4085 τὸ
919 4032 1078 4100 majus
1091 4071 1106 4096 ,
1124 4048 1180 4085 ut
1198 4036 1250 4085 iu
1268 4036 1460 4086 Balnol.

440 4108 641 4165 Helua.
659 4112 713 4161 in
729 4112 837 4161 affin
854 4130 971 4164 vero
984 4112 1039 4163 τὸ
1061 4116 1243 4165 malum
1259 4128 1465 4183 propter

1550 2615 1661 2665 lube
1687 2625 1871 2663 vetere·
1896 2613 2008 2662 iibri
2031 2624 2145 2662 eunt
2162 2610 2361 2675 aspersi.
2393 2612 2582 2657 Interea

1549 2694 1809 2743 maluimus
1834 2704 2053 2743 veterum
2082 2690 2317 2739 libromm
2334 2700 2384 2737 et
2401 2688 2583 2739 editio-

1551 2790 1671 2822 num
1718 2771 1977 2820 meIIorum
2020 2770 2308 2833 scripturam
2352 2768 2433 2816 hic
2460 2768 2584 2831 legi,

1554 2868 1701 2916 quam
1721 2850 2043 2900 recentiorum
2056 2858 2222 2897 acutae
2250 2846 2473 2911 quidem,
2496 2846 2586 2895 sed

1554 2946 1788 2997 perquam
1807 2928 1981 2979 dubiae
2001 2928 2319 2989 conjecturas.
2344 2928 2520 2975 Guaev.

1634 3020 1714 3065 ιιι.
1741 3010 1864 3057 Ain'
1886 3020 1937 3057 tu
1950 3042 1966 3068 ,
1986 3007 2185 3056 Attice?
2201 3008 2381 3070 Magna
2400 3006 2588 3054 ‹liuen-

1558 3088 1633 3137 sio
1656 3097 1729 3135 eet
1749 3089 2065 3152 interpretum
2083 3086 2137 3135 in
2150 3082 2435 3149 perturbato
2447 3084 2579 3133 loco.

1557 3166 1812 3217 Schiitzius
1826 3183 1854 3214 e
1880 3166 2091 3230 vestigiis
2132 3166 2259 3214 Mss
2280 3178 2335 3212 :u
2349 3162 2461 3211 Δία’
2496 3174 2549 3210 tu
2567 3197 2582 3222 ,

1554 3247 1723 3297 Attice
1738 3248 1761 3293 Ρ
1785 3262 1847 3293 ιιι
1874 3244 1961 3309 qui
1978 3243 2181 3292 invalidi
2198 3252 2248 3291 et
2272 3242 2485 3289 absentis
2501 3258 2583 3289 so·

1550 3324 1628 3374 lue
1653 3325 1745 3373 tuli
1772 3324 1928 3371 scelus
1941 3358 1956 3383 ,
1976 3321 2191 3383 eiusdem
2208 3355 2224 3382 ,
2244 3332 2370 3370 σεο..
2388 3323 2419 3369 J
2426 3321 2487 3367 ,Ἴ
2502 3324 2581 3369 J..

1551 3402 1887 3452 —Gronovio
1912 3402 2095 3466 placuit
2112 3438 2127 3463 ,
2166 3422 2191 3443 ι
2206 3416 2268 3447 an
2290 3398 2492 3447 invalidi
2530 3410 2580 3447 et

1527 3482 1763 3537 absentis
1804 3481 1937 3529 solue
1965 3478 2059 3529 tuli
2100 3480 2258 3528 scelus
2276 3502 2319 3529 n.
2354 3481 2578 3528 Muretus

1550 3560 1860 3619 restituebat,
1890 3582 1912 3605 ι
1929 3576 1993 3609 an
2018 3561 2102 3623 qui
2124 3560 2281 3620 ejus».
2314 3560 2461 3624 Ejus,
2476 3559 2577 3607 hoc

1548 3652 1621 3689 est
1639 3675 1655 3701 ,
1682 3641 1883 3689 Caesaris
1897 3673 1913 3699 ,
1940 3638 2025 3704 qui
2050 3639 2103 3685 in
2126 3636 2281 3686 Gallia
2300 3638 2470 3687 absens
2487 3654 2579 3702 per

1549 3720 1779 3771 Clodium
1801 3718 1933 3767 Urbe
1950 3734 2027 3766 me
2046 3717 2203 3778 ejecit.
2215 3716 2454 3781 Vulgata:
2470 3719 2574 3766 «Au

1550 3797 1762 3846 invalide
1784 3796 1901 3844 hino
1927 3796 1981 3843 in
2007 3796 2217 3845 absentie
2242 3795 2397 3854 solus,
2428 3806 2527 3845 etc.
2548 3818 2575 3837 n

1549 3876 1851 3941 Malas-pina,
1874 3896 1900 3917 ιι
1919 3875 2077 3924 Annis
2102 3875 2282 3922 abhinc
2304 3878 2379 3924 lx
2402 3874 2578 3922 absens

1552 3966 1603 4005 et
1640 3956 1802 4014 solus,
1838 3964 1930 4003 etc.
1944 3976 1969 3996 n
1988 3954 2087 4003 Alii
2106 3955 2263 4004 aliter.
2287 3958 2453 4004 Unum
2474 3954 2571 4001 boo

1552 4034 1778 4100 equidem
1800 4034 1946 4081 video
1961 4067 1976 4092 ,
2000 4050 2092 4082 nos
2117 4034 2268 4082 Tullii
2301 4034 2446 4081 verba
2472 4048 2573 4081 non

1552 4116 1756 4177 habere,
1776 4115 1817 4163 si
1842 4114 1969 4163 forte
1993 4113 2278 4164 mantiam
2298 4112 2547 4163 habenam
