3019 4681
605 355 702 429 66
1234 355 1330 430 M.
1383 361 1458 431 T.
1514 361 2107 433 CICERONIS

1549 523 1684 583 0586
1710 548 1795 600 μοι
1814 519 1859 565 ¹⁴
1890 523 2007 602 ἦτορ

836 609 1069 695 Epor-802
1089 657 1107 689 ‚
1145 623 1256 678 ἀλλ’
1296 621 1662 696 &murmani-

597 837 747 886 non
780 837 972 900 sum,
1008 814 1306 911 inquam
1332 865 1352 897 ‚
1385 811 1567 884 mihi
1600 811 1848 903 crede,
1894 811 2157 888 mentis
2188 837 2531 917 compos3
2574 831 2753 894 tan-

591 939 750 998 tum
781 924 961 997 mihi
988 922 1363 995 dedecoris
1382 922 1753 996 admisisse
1778 925 2054 998 videor.
2086 923 2207 1000 Me
2238 947 2389 1000 non
2414 932 2750 1030 primum

590 1063 758 1110 cum
785 1035 1136 1134 Pompeio
1152 1089 1172 1123 ,
1203 1034 1722 1134 qualicumque
1747 1035 2050 1108 consilio
2072 1061 2241 1127 uso,
2274 1037 2541 1113 deinde
2564 1066 2749 1116 cum

589 1143 806 1219 bonis
843 1169 1034 1230 esse,
1072 1145 1398 1242 quamvis
1436 1169 1652 1217 causa
1694 1161 1967 1220 temere
2012 1148 2387 1222 instituta?
2424 1173 2747 1251 praeser-

587 1263 718 1332 tim
759 1282 989 1355 quum
1012 1258 1062 1326 ii
1095 1257 1267 1353 ipsi,
1305 1279 1623 1353 quorum
1657 1281 1793 1356 ego
1823 1283 2034 1331 causa
2070 1261 2391 1334 timidius
2430 1287 2551 1336 me
2570 1263 2745 1336 for·

587 1384 781 1440 tunae
810 1364 1353 1439 committebam
1377 1420 1396 1454 ,
1435 1391 1655 1456 uxor,
1688 1363 1869 1457 filia,
1902 1371 2289 1444 Cicerones
2318 1376 2525 1471 pueri
2548 1427 2569 1466 ‚
2604 1401 2743 1448 me

585 1476 1002 1579 illud'sequi
1025 1473 1380 1546 mallent?
1415 1473 1558 1547 hoc
1583 1492 1834 1576 turpe,
1874 1494 1949 1551 et
1974 1503 2093 1552 me
2114 1480 2489 1580 indignum
2520 1501 2741 1584 puta·

584 1587 796 1660 rent?
827 1610 997 1658 nam
1031 1586 1351 1676 Quintus
1383 1587 1680 1683 quidem
1708 1587 1953 1678 frater,
1980 1591 2341 1691 quidquid
2370 1593 2549 1666 mihi
2576 1597 2737 1696 pla-

579 1714 779 1771 ceret
805 1753 825 1786 ‚
865 1697 938 1768 id
987 1710 1269 1768 rectum
1323 1721 1400 1768 se
1433 1714 1695 1795 putare
1735 1698 1971 1772 aiebat
1994 1753 2015 1788 ‚
2056 1699 2133 1772 id
2174 1705 2422 1774 animo
2458 1708 2733 1802 :equis-

575 1811 761 1882 simo
797 1807 1258 1906 sequebatur.
1283 1807 1470 1878 Tuas
1501 1832 1702 1880 nunc
1732 1809 2070 1907 epistolas
2098 1835 2138 1884 a
2164 1813 2405 1910 primo
2430 1809 2493 1858 ¹⁵
2526 1814 2729 1912 lego.

572 1923 697 1992 Hae
734 1943 849 1991 me
887 1918 1212 2020 paullum
1245 1933 1600 1991 recreant.
1642 1922 1896 1991 Primae
1944 1937 2252 1994 monent
2300 1937 2375 1995 et
2426 1941 2731 2022 rogant,

572 2057 670 2104 ne
709 2055 830 2102 me
861 2030 1259 2130 projiciam.
1291 2030 1645 2100 Proximae
1680 2043 1751 2101 te
1780 2030 2093 2126 gaudere
2124 2030 2563 2121 ostendunt,
2599 2059 2728 2107 me

571 2145 1022 2214 remansisse.
1053 2143 1190 2210 Eas
1218 2161 1448 2234 quum
1476 2138 1673 2236 leg0,
1699 2140 1941 2212 minus
1970 2138 2151 2212 mihi
2182 2143 2417 2240 turpis
2442 2140 2727 2230 videor,

571 2251 698 2324 sed
723 2265 868 2322 tam
899 2249 1066 2337 diu,
1100 2246 1276 2319 dum
1308 2247 1507 2346 lego3
1544 2247 1803 2321 deinde
1826 2255 2131 2352 emergit
2149 2275 2439 2323 rursum
2467 2253 2719 2345 dolor,

570 2374 645 2431 et
680 2363 931 2455 αἰσχροῦ
953 2350 1363 2451 ‹pava-acia&
1385 2354 1882 2447 Quamobrem
1910 2357 2215 2459 obsecro
2246 2373 2357 2447 te,
2394 2363 2495 2431 mi
2523 2363 2721 2451 Tite,

569 2472 770 2568 eripe
788 2468 968 2540 mihi
1004 2467 1204 2541 hunc
1240 2466 1600 2553 dolorem,
1632 2482 1759 2539 aut
1785 2472 2029 2541 minue
2052 2470 2336 2559 saltem,
2366 2486 2493 2543 aut
2526 2497 2715 2545 eon·

565 2578 954 2665 solatione,
989 2592 1118 2649 aut
1149 2576 1492 2664 consilio,
1509 2590 1637 2647 aut
1660 2568 2120 2677 quacumque
2146 2600 2227 2653 re
2252 2594 2483 2679 potes.
2508 2584 2717 2675 Quid

563 2704 648 2762 tu
683 2702 926 2760 autem
964 2687 1244 2783 possis?
1272 2700 1398 2757 aut
1423 2684 1605 2782 quid
1646 2686 1871 2759 homo
1896 2691 2283 2788 quisquam
2312 2688 2344 2761 ?
2376 2694 2495 2763 vix
2526 2693 2717 2769 deus

559 2799 731 2896 jam.
761 2797 1116 2898 Equidem
1144 2796 1326 2871 illud
1357 2796 1656 2882 molior,
1694 2797 1894 2896 quod
1918 2814 1997 2873 tu
2028 2824 2284 2872 mones
2314 2826 2712 2901 sperasque

561 2910 722 2981 fieri
759 2934 972 3008 posse
994 2964 1014 2999 ,
1053 2923 1135 2980 ut
1163 2907 1343 2980 mihi
1377 2911 1613 2978 Caesar
1634 2908 2019 2995 concedat,
2051 2924 2135 2980 ut
2160 2908 2430 3000 absim,
2471 2936 2709 3008 quum

563 3020 835 3119 aliquid
875 3023 951 3091 in
989 3033 1244 3093 senatu
1288 3032 1542 3090 contra
1586 3022 1882 3089 Cuaeum
1926 3035 2202 3116 agatur.
2246 3021 2383 3092 Sed
2440 3026 2707 3111 time0,

547 3132 658 3202 'ne
691 3155 843 3201 non
891 3132 1294 3227 impetrem.
1329 3131 1550 3199 Venit
1593 3126 1686 3199 ab
1734 3153 1822 3199 eo
1873 3132 2185 3203 Furnius
2226 3157 2243 3201 ε
2284 3144 2366 3203 ut
2404 3130 2705 3228 quidem

561 3243 815 3312 scias¹⁷
837 3294 857 3329 ,
894 3262 1081 3337 quos
1111 3260 1538 3337 sequamur,
1572 3240 1657 3328 Q.
1695 3239 1941 3309 Titinii
1964 3238 2197 3311 filium
2228 3266 2395 3312 cum
2424 3246 2704 3317 Caesare

552 3479 812 3543 desi-egisse
834 3490 849 3525 e
880 3492 944 3525 ne
972 3492 1114 3526 usum
1145 3475 1400 3523 unitatem
1430 3474 1580 3523 habe-
1666 3474 1765 3525 hoe
1796 3492 1825 3524 a
1861 3476 2023 3541 primo
2058 3477 2291 3542 cogitavit
2306 3512 2323 3537 ,
2354 3480 2519 3529 omnin
2547 3484 2700 3533 maria

553 3570 679 3609 rent.
706 3557 822 3605 Vid.
851 3556 1154 3616 Sehefferm,
1183 3554 1245 3603 de
1275 3556 1352 3602 ne
1385 3554 1573 3619 navali,
1666 3570 1861 3604 movens
1878 3576 1921 3605 n.
1948 3556 2059 3603 Bos.
2086 3582 2159 3593 —
2184 3559 2281 3605 Pro
2302 3574 2337 3605 a
2352 3557 2520 3623 primo
2544 3560 2697 3626 vulgo

550 3656 604 3705 p.
631 3638 747 3685 125.
773 3638 903 3685 Etr.
1666 3633 1844 3683 dieitur
1868 3650 1957 3700 per
1983 3633 2179 3705 §lipsin
2194 3636 2378 3700 ptimo.
2404 3638 2535 3687 vide
2564 3642 2697 3689 Gro-

627 3720 706 3778 14.
745 3710 880 3765 Οὺδό
909 3730 1007 3782 μοι.
1045 3718 1220 3779 Neque
1253 3712 1374 3761 mihi
1403 3726 1579 3779 peetus
1663 3713 2121 3763 nov.adsm.de
2133 3716 2391 3766 Vit.Beat.
2414 3720 2694 3785 7‚etGasp.

545 3796 767 3857 firmum,
802 3793 888 3841 sed
923 3806 1236 3843 consternato
1260 3808 1368 3843 mm
1391 3794 1571 3843 animo.
1662 3794 1865 3859 Sciopp.
1894 3794 1947 3843 in
1966 3794 2231 3844 Paradoxis
2255 3794 2501 3856 literni-iia,
2526 3814 2609 3863 ep.
2639 3816 2691 3851 ι.

543 3876 706 3925 Verba
723 3874 1099 3939 Agamemnonis
1110 3874 1176 3923 ad
1191 3874 1414 3934 Nestora,
1428 3874 1569 3925 llind.
1660 3876 1913 3926 Gur.-
1926 3875 2071 3936 conj.
2080 3874 2261 3939 prima.
2274 3878 2487 3927 Frustra.
2501 3878 2621 3927 JN.
2633 3880 2689 3929 1..

542 3955 632 4005 lib.
661 3956 714 4003 Χ
729 3991 746 4017 ,
773 3955 857 4016 93.
1734 3954 1819 4003 ιδ.
1838 3951 2043 4022 Αἰσχροῦ
2062 3951 2319 4020 φαντασία.
2343 3956 2689 4021 ‘rapit-dini-

621 4034 700 4083 ιδ.
733 4036 777 4082 A
789 4031 972 4099 primo.
999 4035 1046 4082 A
1065 4034 1226 4098 primo
1244 4044 1488 4098 tempore,
1504 4033 1569 4083 ab
1654 4034 1817 4097 imago
1834 4033 2056 4098 quadam
2074 4034 2237 4083 animo
2253 4048 2497 4087 occursat.
2528 4040 2623 4087 En.

541 4114 700 4165 initio.
729 4112 809 4163 Sic
835 4112 1039 4177 epistola
1063 4128 1084 4161 x
1099 4128 1120 4160 ι
1146 4110 1234 4162 lib.
1253 4113 1404 4160 vm:
1427 4134 1452 4154 ι
1468 4112 1563 4161 Sed
1732 4130 1814 4176 ¹7·
1844 4115 1907 4163 Ue
1932 4113 2128 4177 quidem
2151 4112 2296 4165 scias.
2323 4115 2391 4165 Ut
2413 4114 2656 4181 intelligas
2674 4155 2691 4179 ‚
